1752 3495
654 233 953 278 EXCURSUS
989 235 1023 276 1.
1445 202 1448 203 ⁷
1508 236 1568 282 43

114 338 200 376 ideo
216 334 356 373 Graecis
375 330 550 370 omnibus
571 327 725 380 Sibyllis
742 329 1012 380 antiquiorem.
1038 330 1112 369 Sed
1133 343 1201 370 nos
1226 332 1273 371 de
1290 332 1361 371 hac
1379 346 1420 371 re
1443 332 1571 384 plura,

113 411 227 451 quum
248 399 294 436 de
314 394 456 446 Sibylla
477 391 632 444 Libyssa
664 402 798 444 agetur
826 393 948 440 infra,
968 406 1050 445 cap.
1076 405 1138 433 ια.

163 463 289 502 Tertia
319 459 404 498 inde
422 458 558 496 mulier
577 458 702 496 locum
722 458 823 495 inter
842 457 1005 507 Sibyllas
1036 454 1226 507 postulat,
1250 470 1344 508 qnae,
1359 459 1530 510 quamvis
1549 472 1571 498 a

112 528 260 565 nemine
275 526 430 563 sortasse
441 520 626 573 Delphica
636 521 751 568 dicta,
764 521 925 572 Delphis
938 519 1295 560 vixisse'serebatur.
1308 521 1412 561 Hanc
1422 523 1572 571 Suidas,

110 592 293 628 incertum
304 584 512 637 quomod0,
525 585 746 624 Thessalam
766 585 865 633 facit,
885 597 1003 635 quum
1020 583 1203 623 Thebana
1221 586 1347 635 potius
1360 599 1422 624 seu
1442 588 1571 626 Boeota

109 654 264 692 dicenda
284 657 395 697 esset,
417 649 560 701 quippe
579 663 654 687 non
671 649 742 687 alia
760 662 872 699 quam
894 649 973 699 ipsa
994 649 1123 687 Manto
1140 660 1205 686 seu
1224 648 1400 698 Daphne,
1417 650 1572 689 Tiresiae

54 712 57 715 ⁴
108 717 203 763 filia,
222 712 321 765 apud
343 712 584 762 mythologos
602 711 704 748 clara
717 739 726 756 ‚
744 709 792 747 de
810 723 886 760 qua
906 709 1033 748 Suidae
1054 709 1170 747 verba
1189 710 1269 748 haec
1288 719 1398 748 sunt:
1416 710 1571 750 Σίὸυλλα

107 776 285 827 Θετταλὴ,
312 778 334 822 ἡ
358 775 417 813 καὶ
444 776 610 821 κληθεῖσα
635 771 790 820 Μαντὼ,
812 773 976 825 ἀπόγονος
996 774 1195 825 Τειρεσίου,
1230 774 1296 812 ubi
1328 774 1492 826 ἀπόγονος
1517 785 1573 814 est

107 842 271 894 Θυγάτηρ,
291 840 387 877 sieut
406 840 444 877 in
464 838 538 877 alio
561 838 728 889 ejusdem
748 839 831 876 loco
855 837 1020 876 auctoris
1039 849 1152 889 supra
1180 837 1282 889 apud
1301 851 1381 886 nos,
1399 852 1485 890 pag.
1506 842 1570 884 34.

108 909 234 945 Manto
254 904 371 956 igitur
395 904 547 954 Sibyllis
578 912 862 940 annumeratam
889 903 1005 941 fuisse
1032 916 1079 940 ex
1104 903 1178 941 hoc
1204 903 1330 941 Suidae
1357 904 1573 943 testimonio

107 970 295 1008 discimus.
314 969 405 1006 Eam
427 976 553 1005 autem
576 980 749 1017 magnam
771 968 829 1005 sui
848 968 983 1004 samam
1001 967 1161 1018 Delphis
1175 967 1372 1018 reliquisse
1387 968 1464 1019 jam
1482 969 1574 1008 alias

105 1032 354 1080 ostendimus,
386 1041 501 1083 atque
520 1031 607 1069 ideo
629 1031 723 1068 nihil
749 1031 868 1068 vetuit
889 1031 979 1082 quin
1001 1031 1184 1082 Delphica
1213 1031 1357 1082 Sibylla
1378 1045 1398 1069 a
1415 1031 1573 1082 quibus-

105 1099 190 1136 dam
220 1106 433 1135 vocaretur.
464 1097 585 1135 Locos
604 1105 801 1134 auctorum
824 1097 1037 1147 praecipuos
1066 1096 1139 1134 huc
1160 1096 1384 1143 afferemus,
1405 1111 1448 1135 ac
1470 1098 1572 1136 Pau-

105 1162 218 1200 saniae
252 1161 436 1212 primum,
466 1160 622 1199 Achaic.
651 1174 736 1211 cap,
773 1160 796 1198 3
824 1175 832 1197 :
865 1160 1084 1213 Θερσάνδρου
1113 1159 1150 1198 δὲ
1171 1163 1232 1199 τοῦ
1266 1159 1495 1205 Πολυνείκους
1514 1162 1572 1200 καὶ

103 1226 262 1278 Ἀργείων
282 1225 427 1263 ἑλόντων
448 1224 593 1272 Θήδας,
614 1224 712 1262 ἄλλοι
729 1239 766 1262 τε
785 1224 1019 1276 αἰχμαλώτων
1039 1223 1098 1263 καὶ
1117 1227 1138 1270 ἠ
1159 1222 1288 1263 Μαντὼ
1312 1226 1362 1276 τῷ
1383 1224 1573 1263 Ἀπόλλωνι

101 1290 333 1341 ἐκομίσθησαν
353 1291 385 1333 ἐς
404 1287 572 1342 Δελφούς.
595 1290 730 1328 Narrat
758 1302 864 1340 ergo,
894 1288 1038 1327 Thebis
1064 1289 1203 1340 captis,
1227 1290 1360 1328 Manto
1384 1290 1572 1340 captivam

101 1355 148 1392 ab
170 1355 352 1406 Epigonis
371 1354 572 1392 abductam
592 1367 674 1391 esse
690 1353 860 1404 Delphos
880 1363 917 1392 et
938 1354 1104 1405 Apollini
1123 1362 1396 1393 consecratam.
1416 1354 1572 1404 Eadem,

102 1421 188 1458 licet
208 1419 383 1470 pluribus
409 1419 534 1457 verbis
565 1418 678 1457 habet
712 1418 989 1470 Apollodorus,
1024 1419 1206 1457 llibliotli.
1227 1418 1294 1459 lib.
1325 1418 1375 1457 Ill
1391 1447 1401 1467 ,
1421 1432 1501 1470 cap.
1523 1433 1542 1468 7
1562 1434 1572 1458 τ

101 1484 245 1537 Ἀργεῖοι
267 1485 413 1523 εἰσίασιν
434 1485 481 1528 εἷς
497 1483 560 1532 τὴν
578 1485 693 1532 πόλιν,
713 1483 771 1522 καὶ
792 1484 1049 1537 συναθροίζουσι
1066 1482 1130 1530 τὴν
1156 1481 1265 1528 λείαν,
1288 1482 1346 1521 καὶ
1366 1485 1570 1536 καθαιροῦσι

99 1548 142 1588 τὰ
161 1549 272 1601 τείχη.
304 1551 380 1596 Τῆς
412 1549 507 1592 λείας
542 1548 643 1602 μέρος
684 1549 732 1592 εἷς
767 1547 918 1601 Δελφοὺς
947 1547 1144 1598 πέμπουσιν
1183 1545 1374 1585 Ἀπόλλωνι
1409 1546 1469 1584 καὶ
1506 1546 1570 1593 τὴν

99 1615 282 1668 Τειρεσίου
313 1614 482 1667 θυγατέρα
515 1613 658 1654 Μαντώ.
697 1612 850 1659 Ηῦξαντο
879 1611 945 1666 γὰρ
973 1614 1090 1665 αὐτῷ,
1113 1612 1235 1660 Θήὸας
1257 1611 1407 1658 ἑλόντες,
1425 1611 1468 1651 τὸ
1486 1611 1572 1651 κᾶλ-

98 1680 215 1717 λιστον
250 1681 319 1716 τῶν
351 1679 513 1732 λαφύρων
548 1677 744 1724 ἀναθήσειν.
761 1679 893 1729 ‘Atque
927 1677 1059 1715 eadem
1094 1678 1172 1715 fere
1214 1676 1328 1714 habet
1361 1676 1572 1716 Scholiasta

99 1743 294 1794 Apollonii
315 1743 451 1781 Rhodii
474 1744 519 1781 ad
544 1743 663 1790 lib.1,
686 1756 723 1782 v.
759 1743 853 1789 308,
881 1742 1047 1780 indicata
1080 1742 1194 1779 etiam
1231 1742 1368 1779 sabulae
1397 1742 1572 1793 origine,

98 1822 235 1858 nempe
255 1822 303 1846 ex
319 1809 475 1858 antiqua
504 1809 743 1859 Cyclicorum
763 1806 962 1846 Thebaide
976 1837 986 1855 ,
1004 1808 1186 1858 primaevo
1203 1807 1269 1844 illo
1290 1815 1344 1843 tot
1363 1819 1569 1858 graecarum

96 1871 311 1909 fabularum
334 1874 437 1910 fonte
455 1888 463 1910 ε
478 1874 525 1911 Οἱ
545 1871 580 1910 δὲ
599 1872 662 1920 τὴν
688 1871 855 1918 Θηδαΐδα
873 1872 1081 1925 γεγραφότες
1098 1872 1201 1923 φασὶν
1218 1869 1270 1909 ὅτι
1289 1870 1354 1909 ὑπὸ
1373 1873 1441 1908 τῶν
1463 1870 1568 1909 Ἐπιο
1585 1890 1590 1895 ·

95 1936 204 1987 γόνων
215 1937 404 1990 ἀκροθίνιον
422 1937 519 1985 ἐτέθη
540 1936 718 1984 Μαντὼ,ἡ
737 1936 916 1989 Τειρεσίου
933 1936 1099 1988 θυγάτηρ,
1119 1937 1166 1978 εἰς
1185 1935 1336 1989 Δελφοὺς
1352 1938 1564 1989 πεμφθεῖσα.

95 2001 168 2048 Qui
201 2009 237 2039 et
269 2003 394 2039 statim
427 2001 532 2039 addit
565 2014 611 2038 ex
639 2000 798 2047 iisdem,
832 2010 873 2038 ut
904 2001 1077 2046 videtur,
1113 2000 1357 2047 auctoribus,
1385 2000 1568 2050 reliquam

94 2065 208 2116 hujus
238 2066 406 2103 mulieris
435 2065 661 2103 historiam:
695 2063 765 2103 Καὶ
785 2063 874 2102 κατὰ
905 2064 1065 2116 χρησμὸν
1087 2063 1301 2107 ’Λπόλλωνος
1338 2063 1567 2117 ἐξιρχομένη,

93 2130 275 2183 περιέπεσε
288 2129 423 2184 Ῥακίῳ
442 2132 491 2183 τῷ
513 2129 669 2176 Λέὸητος
690 2130 767 2181 υἱῷ,
787 2128 981 2181 Μυκηναίῳ
998 2128 1038 2168 τὸ
1054 2127 1165 2179 γένος,
1186 2128 1244 2167 καὶ
1268 2127 1456 2180 γημαμένη
1475 2129 1569 2181 αὐτῷ

93 2195 210 2244 (τοῦτο
228 2192 294 2247 γὰρ
321 2199 474 2246 περιεῖχε
503 2193 543 2232 τὸ
561 2194 688 2244 λόγιον,
712 2197 924 2245 γαμεῖσθαι,
946 2189 975 2247 ᾧ
1007 2193 1047 2231 ἂν
1069 2194 1322 2245 συναντήσειεν)
1352 2195 1568 2241 συναπῆλθεν

93 2258 213 2311 ἐκείνῳ
234 2259 281 2302 εἷς
303 2259 512 2310 Κολοφῶνα,
532 2273 566 2297 κ.
596 2274 629 2298 τ.
651 2258 702 2305 λ.,
723 2272 860 2308 nempe
877 2271 1065 2308 egressam
1087 2258 1190 2295 illam
1211 2252 1569 2309 aliquando,‘Apol-·

96 2323 180 2360 linis
195 2322 317 2373 jussu,
336 2336 356 2360 e
386 2322 622 2374 Delphorum
653 2322 820 2373 templo,
851 2323 1023 2374 nupsisse
1049 2322 1194 2361 Rhacio
1221 2322 1390 2372 cuidam,
1416 2322 1569 2361 Lebetis

95 2388 186 2435 lilio,
202 2389 406 2438 lilycenaeO,
418 2396 454 2426 et
469 2401 554 2425 cum
569 2388 634 2425 illo
654 2388 734 2425 viro
751 2389 930 2439 migrasse
944 2388 1170 2439 Colophona
1185 2388 1222 2426 in
1236 2389 1378 2436 Asiam,
1394 2396 1566 2439 etc.‚etc.

93 2455 180 2492 llaec
199 2453 262 2491 ille
282 2465 293 2494 ε
312 2466 399 2491 cum
423 2467 500 2504 quo
530 2453 734 2493 Pausanias
750 2453 956 2501 consentit,
974 2453 1129 2492 Acha'ic.
1151 2467 1183 2492 c.
1207 2454 1228 2492 3
1246 2461 1283 2491 et
1308 2454 1425 2491 Boeot.
1444 2467 1475 2492 c.
1503 2454 1568 2498 33,

92 2517 165 2554 nisi
197 2518 301 2568 quod
338 2519 522 2556 llhacium
554 2518 678 2569 patria
706 2519 920 2557 Cretensem
948 2518 1058 2566 facit,
1098 2532 1174 2556 non
1209 2519 1495 2569 Mycenensem,
1532 2526 1569 2556 et

91 2582 314 2632 Colophone
342 2597 428 2621 cum
454 2582 700 2621 Cretensibus
720 2583 867 2620 colonis
887 2582 993 2621 sedes
1017 2583 1096 2634 jam
1125 2582 1324 2621 habentem
1346 2583 1567 2634 priusquam

91 2647 223 2685 Manto
244 2647 288 2684 ad
314 2660 396 2685 eam
423 2656 562 2685 terram
594 2648 816 2699 appelleret.
856 2647 958 2685 Idem
986 2647 1122 2692 docet,
1142 2648 1298 2686 Acha'ic.
1322 2647 1430 2695 ibid„
1449 2661 1496 2685 ex
1523 2660 1568 2686 eo

93 2712 288 2750 connubio
312 2721 438 2750 ortum
460 2727 540 2751 esse
565 2715 737 2763 Mopsum
753 2741 763 2758 ‚
780 2712 952 2750 eumdem
972 2726 1108 2764 nempe
1135 2727 1249 2764 quem
1268 2714 1460 2752 vaticiniis
1480 2727 1566 2752 cum

92 2777 293 2816 Calchante
312 2787 476 2816 certasse
493 2778 660 2817 diximus
677 2791 808 2830 supra,
830 2792 916 2829 cap.
940 2784 978 2823 Ι..
1005 2778 1160 2817 Servius
1178 2778 1226 2817 ad
1247 2780 1328 2818 [En.
1349 2778 1394 2826 X,
1416 2779 1504 2828 198,
1528 2777 1565 2815 in

93 2840 237 2878 ltaliam
259 2855 426 2893 quoque,
449 2851 536 2893 post
560 2851 720 2881 mortem
741 2843 882 2893 patris,
902 2843 1049 2880 venisse
1075 2844 1204 2881 Manto
1231 2844 1393 2881 affirmat
1412 2856 1459 2880 ex
1478 2855 1564 2880 sen-

95 2905 206 2943 tentia
228 2907 388 2958 Virgilii,
405 2908 468 2958 qui
483 2916 518 2945 ot
534 2907 665 2946 Tiberi
682 2909 782 2946 amni
801 2899 974 2959 nupsisse
996 2908 1105 2947 docet
1123 2917 1158 2945 et
1181 2909 1297 2946 lilium
1319 2922 1365 2946 ex
1382 2922 1427 2945 eo
1447 2920 1565 2957 pepe-
