1752 3495
631 165 958 210 'EXCURSUS
993 168 1068 212 111.
1169 162 1172 166 ⁴
1501 171 1586 216 151

129 286 144 301 a.
163 276 295 303 novem
320 261 485 309 deussit,
505 270 544 299 et
567 261 704 311 ecquid
728 262 894 313 reliquos
914 277 978 301 sex
1002 264 1135 302 eodem
1157 266 1283 316 pretio
1305 279 1432 305 emere
1447 266 1592 315 «vellet,

128 350 142 366 «
162 341 283 380 regem
313 325 574 376 interrogavit.
606 326 681 366 Sed
718 328 818 366 enim
847 328 1079 379 Tarquinius
1112 329 1149 366 id
1188 332 1306 385 multo
1337 332 1419 370 risit
1447 332 1593 383 magis,

128 415 143 430 α
164 394 353 443 dixitque,
382 404 495 429 anum
519 391 598 443 jam
623 393 758 443 procul
787 392 907 431 dubio
934 393 1112 434 delirare.
1144 394 1280 433 Mulier
1299 397 1439 435 ibidem
1469 397 1594 434 statim

129 480 142 496 ιι
164 470 235 497 tres
257 457 374 496 libros
389 456 484 495 alios
508 457 675 508 exussit3
696 465 809 508 atque
829 457 994 509 idipsum
1016 458 1142 496 denuo
1163 459 1308 510 placide
1326 462 1596 513 interrogavit,

129 545 143 560 «
162 538 207 563 an
227 532 300 561 tres
319 521 485 572 reliquos
505 522 640 560 eodem
661 524 785 574 pretio
805 532 918 561 emat.
937 524 1170 574 Tarquinius
1188 537 1254 562 ore
1269 525 1347 576 jam
1365 527 1463 564 serio
1483 536 1598 578 utque

127 610 140 624 «
161 587 359 628 attentiore
375 586 504 623 animo
522 586 582 633 sst3
605 600 686 624 eam
706 588 957 624 constantiam
982 587 1329 639 confidentiamque
1347 603 1422 627 non
1444 591 1600 642 iusuper

130 674 143 689 a
164 650 374 691 habendam
405 650 602 702 intelligit;
637 650 755 689 libros
789 651 855 688 tris
882 651 1050 702 reliquos
1080 661 1271 690 mercatur
1300 653 1420 691 nihilo
1453 654 1598 692 minore

128 738 141 752 u
163 716 283 769 pretio
308 728 421 765 quam
447 715 551 765 quod
578 724 659 753 erat
688 717 846 766 petitum
873 729 944 766 pro
973 715 1162 755 omnibus.
1193 717 1266 754 Sed
1292 730 1373 755 eam
1405 718 1598 756 mulierem

129 803 142 818 a
165 793 239 820 turn
258 794 278 818 a
295 780 510 830 Tarquinio
526 780 742 832 degressum
764 789 896 832 postea
917 793 1107 831 nusquam
1128 781 1199 818 loci
1225 781 1340 820 visam
1362 781 1542 820 constitit.
1561 800 1576 816 υ

177 845 275 884 Talis
291 858 382 896 ergo
399 845 471 882 suit
487 846 748 896 antiquorum,
766 859 863 896 quos
883 846 1027 884 Gellius
1047 854 1178 894 vocat,
1197 848 1397 885 Annalium
1420 847 1599 894 traditio,

128 926 147 950 a
162 925 238 962 quo
257 923 331 947 non
355 910 513 947 multum
533 911 655 948 Varro
675 910 851 955 discedit,
870 909 1036 961 ideoque
1060 909 1176 949 duces
1195 911 1346 949 cosdem
1371 911 1476 962 sequi
1495 910 1602 948 vide-

130 986 200 1015 tur.
213 976 405 1023 Quosnam
423 989 513 1013 vero
530 975 637 1013 illos?
656 984 784 1013 utrum
803 975 962 1026 proprio
982 975 1135 1014 nomine
1154 976 1331 1023 Annales,
1349 976 1414 1026 qui
1433 989 1454 1014 a
1467 976 1602 1014 Ponti·

129 1044 192 1079 rice
205 1040 370 1078 maximo
387 1039 501 1078 scribi
517 1048 554 1078 et
574 1040 741 1091 proponi
758 1040 857 1078 soliti
872 1048 960 1078 sunt
977 1054 1096 1091 usque
1117 1040 1164 1078 ad
1185 1050 1332 1079 sextum
1350 1039 1456 1079 urbis
1471 1040 1602 1079 Romae

128 1106 325 1145 saeculum?
352 1106 493 1143 Verum
523 1105 578 1143 illi
614 1119 738 1143 meros
767 1105 1056 1155 magistratuum
1089 1105 1203 1143 fastos
1234 1105 1482 1143 continebant
1514 1118 1600 1142 curn

128 1170 249 1219 aliqua
271 1182 399 1206 rerum
428 1168 670 1220 publicarum
693 1182 964 1218 sacrarumque
981 1171 1191 1216 mentione,
1216 1169 1438 1208 brevissima
1461 1179 1600 1216 tamen,

128 1248 192 1271 nec
214 1243 397 1283 quantum
424 1233 527 1284 apud
549 1234 713 1272 Gellium
737 1234 977 1285 amplificata.
1000 1237 1058 1273 An
1083 1234 1274 1272 XVvirum
1308 1234 1601 1272 commentarios

128 1299 331 1350 intelligas?
355 1312 450 1349 quos
474 1299 681 1337 verisimile
707 1308 762 1337 est
784 1313 860 1336 non
882 1300 1008 1336 statim
1027 1299 1228 1337 inchoatos
1249 1299 1361 1337 fuisse
1383 1298 1430 1336 ab
1454 1298 1600 1349 origine

127 1363 269 1414 collegii
289 1362 346 1400 sui
359 1393 368 1410 ,
387 1363 424 1400 id
443 1371 511 1410 est,
527 1377 549 1401 a
567 1363 751 1401 libroruin
769 1363 1041 1413 Sibyllinorum
1063 1364 1373 1409 consecratione:
1393 1377 1462 1401 nec
1484 1363 1599 1414 'quid-

128 1443 234 1480 quam
257 1427 304 1466 de
321 1442 366 1466 eo
387 1438 609 1477 argumento
626 1430 811 1480 seriptum
831 1428 1028 1476 habuisse,
1046 1429 1118 1467 nisi
1140 1429 1261 1467 serius
1282 1429 1453 1467 additum
1473 1443 1493 1467 e
1513 1428 1599 1466 vnl-

128 1493 201 1546 gari
219 1493 315 1531 fama
336 1502 401 1531 aut
420 1493 566 1531 incerta
586 1494 802 1532 traditione.
823 1494 943 1545 Magis
962 1494 1085 1545 placet
1105 1494 1206 1545 apud
1226 1495 1393 1533 Gellium
1415 1494 1601 1532 crassiore

127 1571 232 1597 sensu
254 1567 400 1595 veteres
418 1558 644 1605 Annalium,
672 1558 707 1595 id
742 1567 820 1604 est,
852 1559 1098 1596 historiarum
1129 1559 1334 1609 scriptores
1364 1559 1600 1610 intelligere,

127 1624 251 1674 quales
275 1622 352 1660 duo
373 1623 613 1673 potissimum
640 1622 680 1659 in
703 1635 814 1660 causa
834 1636 914 1661 esse
931 1631 1117 1674 possunt:
1142 1621 1180 1660 1⁰
1205 1622 1344 1660 Fabius
1364 1623 1509 1668 Pictor,
1531 1622 1598 1673 qui

129 1687 347 1737 religionum
367 1687 623 1725 Romanarum
642 1687 857 1738 originibus
874 1688 1031 1724 multum
1051 1688 1272 1724 immoratus
1290 1696 1384 1736 erat,
1403 1695 1496 1724 teste
1512 1687 1597 1737 ipso

128 1752 260 1796 Gellio,
282 1751 382 1789 libro
405 1752 443 1799 1,
466 1766 549 1803 cap.
581 1766 641 1799 ¹2,
663 1760 700 1790 et
715 1753 762 1800 X,
781 1766 863 1803 cap.
883 1753 944 1797 15,
967 1752 1109 1803 quique
1129 1751 1230 1803 apud
1253 1749 1478 1802 Dionysium
1496 1751 1598 1789 desi-

128 1816 226 1867 gnari
254 1816 409 1854 videtur
437 1816 494 1854 his
518 1816 646 1855 verbis
668 1829 678 1855 :
699 1818 730 1855 οἱ
752 1818 820 1854 τῶν
840 1818 940 1869 ἱερῶν
960 1816 1125 1867 ἐξηγηταί
1151 1831 1159 1853 :
1188 1816 1233 1852 2⁰
1251 1817 1421 1854 Valerius
1447 1816 1595 1863 Antias,

86 1884 91 1889 ’
128 1881 298 1931 frequens
323 1881 435 1919 etiam
456 1895 477 1919 a
496 1881 618 1919 Gellio
639 1882 789 1928 citatus,
816 1882 883 1932 qui
904 1881 950 1919 de
970 1881 1126 1931 Sibyllis
1142 1894 1186 1919 ac
1202 1879 1396 1931 Sibyllinis
1419 1880 1596 1930 aliquun-

128 1955 200 1983 tum
222 1946 427 1998 exspatiari
453 1945 600 1995 debuit,
627 1945 806 1997 quoniam
834 1945 882 1984 de
899 1945 998 1984 ludis
1021 1944 1266 1983 saecularibus
1284 1945 1484 1996 diligenter
1509 1957 1597 1996 ege-

128 2019 202 2057 rat,
219 2011 457 2062 Varronique
475 2011 522 2048 de
538 2024 581 2048 ea
602 2024 642 2048 re
659 2019 794 2048 auctor
810 2011 932 2048 suerat
945 2039 956 2060 ,
977 2018 1133 2048 notante
1153 2009 1363 2048 Censorino
1380 2023 1460 2060 cap.
1490 2022 1551 2056 ¹7·

175 2076 342 2126 Uterque
363 2089 482 2126 quum
502 2076 660 2113 servatis
685 2077 811 2115 Romae
832 2075 995 2126 publi'cis
1017 2075 1157 2122 literis,
1177 2088 1260 2125 qnae
1280 2088 1408 2126 puucae.
1437 2086 1594 2124 supere-

127 2147 225 2187 rant,
249 2148 326 2177 tmn
356 2141 401 2178 iis
421 2154 578 2191 quoque
605 2153 695 2178 usus
714 2148 795 2178 erat
824 2139 1095 2177 traditionibus
1123 2153 1216 2189 quas
1235 2140 1291 2176 vel
1322 2139 1358 2176 in
1382 2138 1501 2189 patria
1526 2151 1595 2176 sua

128 2216 272 2254 sparsas
300 2204 402 2256 apud
427 2205 562 2255 vulgus
581 2213 800 2255 repererat,
821 2204 878 2241 vel
897 2203 944 2241 ab
965 2204 1246 2254 antiquioribus
1265 2203 1407 2240 Graecis
1423 2231 1432 2248 ,
1450 2203 1594 2240 Cuma-

128 2267 179 2305 nis
198 2269 401 2319 praecipue,
429 2269 572 2320 scripto
596 2268 808 2313 mandatas,
829 2267 968 2318 quibus
988 2276 1151 2318 uterque
1170 2267 1250 2304 sine
1268 2266 1386 2304 dubio
1409 2266 1593 2304 nonnulla

127 2345 171 2369 ex
187 2332 338 2384 ingenio
363 2346 433 2370 suo
465 2333 669 2370 addiderat
700 2332 748 2370 ad
774 2340 899 2370 cetera
923 2330 1185 2382 componenda
1212 2340 1325 2380 atque
1347 2329 1591 2377 adornanda,

81 2401 85 2405 '
129 2398 259 2445 partim
284 2411 376 2448 ergo
401 2396 474 2434 fide
499 2397 659 2448 dignus,
689 2396 827 2448 partim
854 2396 1080 2446 suspicionis
1102 2408 1206 2442 reus,
1235 2409 1308 2445 qua
1329 2394 1376 2433 de
1398 2395 1463 2433 lite
1489 2394 1593 2446 jndi-

127 2462 221 2498 cium
241 2461 340 2499 infra
358 2462 556 2500 ferendum
577 2463 664 2500 erit.-

176 2526 429 2577 Utercumque
456 2536 579 2563 autem
601 2526 763 2564 Varroni
789 2525 969 2564 et·Gellio
991 2525 1232 2574 praemicent,
1262 2534 1406 2562 certum
1434 2532 1489 2561 est
1515 2523 1595 2574 ple·

128 2602 258 2640 rosque
275 2591 339 2640 qui
360 2598 445 2640 post
461 2590 670 2628 Varronem
688 2590 934 2641 scripserunt,
953 2602 1029 2626 non
1053 2589 1135 2626 aliis
1156 2602 1243 2626 usos
1265 2603 1344 2626 esse
1372 2587 1595 2626 testimoniis

127 2666 234 2702 quam
251 2654 369 2705 ipsius
391 2655 569 2692 Varronis
589 2664 654 2692 aut
675 2669 696 2692 a
711 2655 882 2692 Varrone
909 2654 1102 2704 prosectis,
1121 2667 1236 2703 quum
1257 2654 1312 2691 vel
1340 2653 1462 2703 ipsum
1480 2653 1537 2689 vel
1555 2665 1595 2690 se

129 2727 254 2755 mutuo
275 2718 546 2758 exscriberent.
568 2720 700 2769 ltaque
719 2719 890 2768 Dionysii
912 2719 982 2757 loc.
1001 2732 1115 2768 snpra
1133 2719 1215 2762 cit.;
1241 2717 1349 2755 l‘linii
1367 2745 1376 2762 ,
1397 2716 1460 2754 lib.
1483 2716 1594 2762 xlll,

129 2782 149 2830 §
170 2783 395 2831 273501ini,
411 2796 495 2831 cap.
518 2796 537 2820 2
560 2792 594 2820 ct
618 2783 659 2828 53
683 2783 879 2828 Lactantii,
897 2782 967 2820 loc.
991 2795 1089 2831 saept-
1110 2781 1191 2828 cit„
1211 2790 1248 2819 et
1272 2781 1374 2818 illum
1400 2780 1594 2830 sequentis

131 2844 284 2891 isidori,
312 2846 376 2885 lib.
406 2847 515 2894 Vm,
543 2859 627 2895 cup.
653 2849 695 2895 ὃς
719 2846 839 2884 Sci-xii
867 2846 912 2883 ad
940 2847 1018 2884 stin.
1045 2847 1114 2892 Vl,
1142 2858 1178 2884 ν.
1209 2846 1259 2882 '36
1280 2854 1314 2883 et
1345 2858 1409 2891 723
1435 2843 1592 2882 ,loannis
