1752 3495
611 207 689 250 AD
723 197 1049 251 EXCURSUM
1086 205 1163 250 lv.
1442 226 1449 236 ·
1529 205 1621 251 297

213 306 254 356 7⁶
283 301 548 344 Exn-actiones
569 300 845 352 prophetarum
860 332 871 350 ,
891 307 963 339 ete.

213 369 257 409 8⁰
283 366 467 408 cronicas
485 364 571 417 [sic]
593 364 790 404 Cusentini
810 363 991 402 antistitis
1009 376 1053 401 ac
1079 362 1205 400 fratris
1223 363 1422 402 Tliolemei
1448 363 1497 403 de
1519 364 1623 404 Luca

161 437 230 489 [en
252 432 318 471 tibi
337 431 419 469 sine
448 428 567 468 dubio
590 443 705 467 unum
737 442 784 467 ex
804 428 874 475 iis,
904 441 1000 479 quos
1021 440 1135 478 supra
1165 428 1400 474 notavimus,
1430 428 1621 468 Joachimi

161 495 387 549 discipulis],
404 503 441 533 et
461 494 596 532 multas
614 494 707 531 alias
723 492 924 539 Cronicas,
944 491 1154 530 scribentes
1176 491 1303 529 omnia
1323 501 1424 542 gesta
1450 493 1624 532 Ecclesiae

161 574 195 603 et
213 560 425 613 specialiter
441 559 656 596 scismatum
678 557 763 609 [sic]
779 566 815 595 et
831 556 1085 594 intrusionum
1108 557 1286 594 Romanae
1305 556 1495 607 Ecclesiae,
1515 573 1532 594 a
1555 571 1624 596 na-

161 627 303 667 tivitate
329 622 483 662 Domini
507 636 626 674 usque
654 623 700 660 ad
736 632 884 673 tempus
915 629 1053 659 sanctae
1084 620 1276 658 memoriae
1302 619 1444 658 domini
1464 622 1623 661 Joannis

162 703 264 742 papae
281 688 384 727 xxn
404 687 611 733 inclusive,
631 687 696 737 qui
717 696 933 737 assumptus
953 693 1008 723 est
1027 684 1073 722 ad
1097 693 1278 735 papatum
1298 698 1399 722 anno
1420 686 1624 725 nativitatis

165 753 309 794 Domini
328 752 426 789 1316
446 751 552 802 [ergo
567 750 731 788 durabat
752 752 950 788 etiamtum
971 751 1078 787 furor
1100 750 1163 787 ille
1180 747 1440 802 vaticinandi]-

208 815 414 857 Addendus
433 815 492 853 his
509 815 687 853 omnibus
706 817 785 866 ipse
800 814 1081 866 'l‘heolosphori
1096 814 1205 862 liber,
1224 813 1322 852 unde
1340 813 1420 852 liaec
1440 814 1622 865 eruimus,

159 880 382 920 omnimodis
413 881 573 918 refertus
600 880 787 918 vaticiniis
814 880 1080 930 excerptisque
1110 879 1398 931 prophetiarum
1429 892 1623 918 sacrarum

161 946 499 998 profanarumque,
519 953 561 982 ut
578 952 762 996 appareat
782 944 1022 982 traditionem
1043 943 1144 981 illam
1167 942 1359 980 fatidicam
1383 942 1420 980 in
1449 943 1624 982 Calabria

159 1025 225 1062 per
243 1009 320 1047 duo
342 1009 420 1046 fere
440 1009 575 1046 saecula
603 1008 697 1045 nihil
717 1008 904 1046 intervalli
921 1007 1076 1059 cepisse.

211 1073 287 1111 Illic
311 1086 421 1123 ergo,
440 1073 540 1110 circa
560 1073 828 1122 Consentiam,
849 1073 987 1109 saeculo
1009 1075 1086 1110 sere
1106 1072 1217 1120 XIII,
1238 1072 1478 1123 suspicamur
1496 1079 1624 1109 auctas

159 1148 192 1175 et
209 1137 458 1188 interpolatas
476 1136 590 1175 fuisse
606 1136 836 1188 Sibyllarum
857 1136 1074 1175 'l'iburtinae
1093 1146 1132 1174 et
1148 1135 1355 1187 Erytliraeae
1375 1135 1596 1187 prophetias
1614 1149 1622 1172 :

158 1202 274 1239 editas
290 1214 426 1251 nempe
445 1200 517 1239 sub
536 1202 702 1240 Ilenrico
726 1202 793 1248 VI,
817 1201 1015 1239 desinente
1039 1201 1179 1239 saeculo
1199 1201 1283 1248 XII,
1305 1200 1353 1238 ab
1381 1201 1508 1252 aliquo
1526 1202 1622 1240 Joa-

158 1266 267 1304 cliimi
283 1265 410 1303 adhuc
429 1265 592 1303 viventis
605 1265 796 1316 discipulo
815 1266 914 1317 (nam
937 1267 1059 1317 ipsum
1078 1265 1336 1313 joachimum,
1359 1275 1432 1304 tam
1449 1274 1623 1303 sanetum

159 1331 288 1373 virum,
313 1330 500 1380 suspicari
532 1330 676 1381 piget„
697 1339 826 1368 auctas
853 1339 982 1382 postea
1014 1329 1061 1368 ab
1096 1330 1179 1368 aliis
1208 1330 1290 1381 ejus
1318 1329 1528 1380 discipulis.
1562 1330 1625 1368 lia.-

158 1392 289 1430 deinde
306 1392 519 1443 prophetice
532 1407 616 1430 cum
631 1394 708 1431 suis
722 1393 1087 1444 interpolationibus
1101 1393 1139 1431 in
1153 1394 1336 1445 reliquam
1349 1394 1495 1433 Italiam
1510 1402 1624 1445 atque

160 1457 241 1497 inde
260 1458 297 1495 in
317 1460 432 1496 totius
449 1459 614 1511 Europae
631 1458 882 1497 bibli0tliecas
902 1459 1151 1497 transierunt.

208 1526 258 1561 Ac
289 1522 448 1561 sortasse
473 1523 598 1560 obiter
618 1524 787 1561 notanda
813 1532 870 1561 est
897 1523 1342 1575 pseudo-Sibyllinorum
1368 1523 1528 1561 istorum
1561 1522 1625 1560 in-

158 1587 280 1625 ventio
299 1587 418 1638 prima
432 1617 442 1635 ‚
468 1601 546 1638 quo
563 1601 608 1626 ex
631 1587 735 1625 sonte
755 1588 938 1639 originem
960 1588 1130 1628 duxerit.
1149 1589 1233 1638 Ipsa
1253 1601 1322 1626 nos
1338 1588 1410 1626 hoc
1425 1588 1537 1626 docet
1555 1587 1623 1626 'ri-

159 1652 306 1690 burtina
328 1651 532 1703 prophetia
551 1652 750 1690 exordium
782 1666 935 1691 sumens
959 1667 977 1690 a
1000 1652 1250 1691 Lactantiano
1271 1652 1467 1703 catalogo,
1491 1651 1557 1702 qui
1583 1651 1622 1689 in

157 1716 348 1754 Tiburtem
365 1716 603 1767 potissimum
621 1717 803 1766 Sibyllam
821 1717 969 1755 desinit.
985 1718 1076 1755 Inde
1090 1719 1233 1756 scilicet
1247 1717 1371 1756 omnis
1386 1717 1622 1754 falsariorum

158 1781 317 1818 eruditio
344 1781 518 1820 defluxit.
552 1782 762 1833 Erythraeae
800 1796 955 1833 quoque
982 1782 1136 1833 Sibyllae
1169 1782 1216 1820 ad
1252 1783 1405 1821 Graecos
1439 1781 1595 1832 epistola
1612 1811 1622 1828 ,

158 1859 263 1894 snpra
280 1854 502 1891 memorata,
517 1855 643 1883 ortum
667 1847 829 1897 sumpsit
846 1847 983 1884 exlioc
1004 1847 1175 1897 ejusdem
1199 1847 1360 1897 catalogi
1380 1846 1620 1884 testimonio:

158 1928 170 1940 n
186 1911 359 1956 Quartam
391 1910 642 1959 Erythraeam,
672 1924 786 1961 quam
821 1911 1047 1962 Apollonius
1075 1912 1297 1962 Erythraeus
1327 1912 1491 1949 affirmat
1515 1925 1620 1949 suani

158 1991 170 2006 ιι
187 1974 294 2011 luisse
309 1974 442 2021 civem,
456 1987 617 2025 eamque
635 1974 760 2012 Graiis
781 1975 890 2013 Ilium
911 1975 1129 2026 petentibus
1146 1976 1402 2014 vaticinatam.
1421 1993 1436 2009 ¹·
1453 1975 1624 2014 Meminit

158 2037 240 2075 alibi
261 2039 593 2089 Tlieolospliorus,
626 2039 692 2077 sol.
725 2053 785 2085 xx,
819 2038 874 2089 v⁰,
909 2058 923 2074 α
943 2040 1100 2090 Sibyllae
1131 2042 1311 2080 Cumanae
1340 2040 1557 2078 Crethensis
1579 2054 1621 2087 υς

158 2104 216 2141 sed
244 2105 442 2155 legendum
477 2105 717 2156 suspicamur
755 2105 986 2153 Eritliensis,
1008 2106 1109 2157 quod
1143 2106 1275 2144 eadem
1307 2120 1355 2145 ex
1384 2106 1495 2155 hujus
1526 2119 1622 2157 pro-

160 2170 274 2217 phetia
293 2170 518 2216 assei-antam
537 2184 623 2220 quae
642 2183 756 2221 supra
780 2185 825 2208 ex
841 2171 1016 2209 rtritlwae
1028 2172 1105 2209 sive
1134 2172 1341 2222 Erythroeae
1359 2171 1554 2210 vaticinio,
1573 2172 1623 2209 At

159 2234 462 2285 llellespontiam,
480 2235 527 2272 de
544 2234 652 2284 cujus
672 2235 784 2272 etiam
810 2235 1011 2286 prophetia
1039 2235 1256 2286 loquentem
1286 2234 1621 2284 Theolosplioruni

158 2299 382 2346 audivinms,
411 2300 479 2337 etsi
512 2302 662 2351 qualem
692 2299 764 2338 sibi
791 2301 941 2338 linxerit
970 2314 1046 2337 non
1078 2301 1218 2351 liquet,
1250 2313 1297 2338 ex
1328 2299 1463 2337 eodem
1496 2307 1620 2338 tamen

158 2365 332 2401 Lactantii
354 2365 527 2415 catalogo
551 2365 760 2414 profectam
779 2379 873 2412 esse,
895 2365 1048 2403 minime
1065 2366 1224 2403 dubium
1249 2372 1316 2402 est.

203 2428 271 2466 Sed
292 2430 382 2480 quid
419 2430 533 2467 refert
557 2430 636 2467 istis
658 2429 868 2468 Calabria-is
890 2429 1085 2467 immorari
1106 2429 1353 2474 commentis,
1379 2442 1496 2480 quum
1518 2427 1621 2465 nulla

159 2504 253 2541 paene
280 2495 327 2532 sit
355 2495 491 2541 ltaliae,
517 2495 671 2541 Gallia»,
697 2495 837 2546 Belgii,
868 2495 1036 2545 Angliae‚
1066 2494 1280 2532 Germaniae
1308 2492 1561 2539 bibliotheca,
1581 2492 1618 2529 in

157 2570 221 2605 qna
250 2572 322 2595 non
356 2559 473 2596 multa
493 2558 714 2609 hujusmodi
742 2559 897 2597 oracula
929 2559 1190 2610 manuscripta
1218 2566 1391 2606 exstent,
1424 2571 1526 2595 riuiic
1555 2557 1619 2596 Si-

158 2619 261 2669 byllae
283 2632 346 2659 aut
365 2622 520 2672 Sibyllis
542 2623 752 2672 assignata,
777 2637 877 2660 nunc
893 2623 976 2661 aliis
995 2622 1146 2660 vatibus
1165 2635 1228 2660 seu
1250 2622 1357 2667 viris,
1380 2630 1419 2658 ut
1440 2621 1616 2670 Mei-lino,

157 2687 225 2722 sive
246 2687 405 2733 seminis,
424 2687 662 2737 llildogamli,
686 2687 897 2733 Meclitildi,
932 2687 1323 2738 {rigittae,Catl1arinae
1337 2687 1509 2734 Senensi,
1529 2694 1617 2731 ete„

156 2749 288 2801 quippe
312 2767 382 2802 pro
405 2761 514 2789 aetate
533 2761 570 2789 et
595 2761 707 2803 gente
732 2767 887 2803 quaque
917 2752 1155 2791 variantibus
1182 2752 1457 2803 prophetarum
1492 2751 1618 2788 nomi-

158 2817 276 2859 nibus.
296 2821 412 2871 Cujus
442 2821 495 2859 rei
519 2830 630 2859 testes
656 2822 816 2872 produci
847 2831 1002 2873 possunt
1027 2822 1084 2859 vel
1112 2822 1182 2872 ipsi
1211 2821 1363 2859 codices
1393 2820 1618 2859 I‘arisienses

157 2894 261 2932 snpra
283 2885 408 2933 citati,
428 2886 471 2923 n⁰
491 2888 592 2936 3319
613 2895 649 2924 ct
672 2886 782 2931 3435.
802 2886 874 2924 Sed
900 2900 1014 2924 uuum
1038 2888 1175 2924 afferre
1196 2887 1312 2925 satius
1332 2886 1377 2924 sit
1404 2884 1615 2936 exemplum
