1686 3500
81 206 175 251 412
466 204 547 249 AD
580 203 930 250 SlBYLLlNOS
963 204 1172 249 LlBROS

80 301 291 340 instituerat
311 313 431 352 opere
458 310 499 340 ut
519 315 566 340 ex
593 301 668 340 illis
688 301 796 340 libris
814 300 997 354 synopsin
1013 298 1216 350 quamdam
1246 299 1416 338 historiae
1437 313 1552 340 saerae

79 364 306 413 conficeret,
325 376 466 402 novum
488 364 689 403 consilium
711 365 838 403 iniisse
858 362 1029 415 prosanae
1049 373 1205 412 quoque
1232 361 1402 399 historiae
1426 373 1473 399 ex
1491 363 1553 400 Si-

80 426 234 478 byllinis
264 427 455 466 vaticiniis
484 427 757 466 contexendae:
785 427 831 465 ad
852 425 955 477 quod
975 438 1074 476 opus
1097 424 1374 463 exordiendum
1403 433 1440 463 et
1466 439 1552 464 cum

79 491 211 542 priore
235 491 466 543 aptandum,
496 493 700 544 prologum
729 492 832 530 hunc
861 497 1064 541 paraverat
1093 501 1206 540 quem
1232 502 1332 527 nunc
1352 489 1550 540 praelixum

82 555 195 594 tertio
210 555 310 594 libro
322 556 502 608 legimus;
518 557 584 595 sed
601 564 733 608 postea
747 554 893 593 viribus
912 562 976 592 aut
998 553 1135 592 animis
1151 552 1416 610 deficientibus
1429 582 1438 600 ‚
1463 567 1552 592 con-

81 619 204 658 silium
231 619 398 671 abjecit,
422 621 670 673 substititque
691 628 847 672 repente
874 619 912 656 in
933 632 979 657 eo
1003 631 1113 656 versu
1149 617 1252 655 unde
1281 617 1430 655 initium
1460 618 1552 656 novi

79 683 168 722 libri
183 684 372 724 ducturus
391 695 489 727 erat.

133 749 243 788 Nunc
268 762 363 788 vero
396 750 577 801 prologus
599 749 662 787 ille
690 760 995 799 supervacaneus
1023 746 1152 797 operis
1180 745 1360 784 abortum
1382 748 1550 798 passuri,

78 825 156 863 quo
174 815 223 851 sit
242 813 357 852 modo
379 814 597 860 consectus,
623 812 784 863 propius
813 811 1044 863 inquiratur.
1076 811 1170 850 Nam
1204 810 1367 848 vidimus
1398 809 1550 861 quidem

79 877 162 925 ejus
178 877 361 929 pleraque
375 891 423 916 ex
437 878 595 928 antiquo
613 876 805 915 Prooennio
826 875 1012 926 Sibyllino
1025 888 1106 913 esse
1120 875 1334 926 desumpta,
1350 875 1400 912 ita
1425 883 1549 912 tamen

81 939 222 979 resecta
250 949 366 992 atque
383 948 640 992 coagmentata
671 948 711 978 ut
737 939 797 978 vix
819 953 861 977 ea
890 939 1088 977 credamus
1110 952 1158 976 ex
1176 938 1460 990 interpolatoris
1480 938 1550 976 mi·

81 1003 183 1042 nime
212 1012 334 1056 poetae
355 1004 506 1043 officina
527 1003 592 1052 sic,
623 1011 664 1041 ut
695 1011 804 1054 sunt,
824 1002 1022 1054 prodiisse.
1047 1003 1131 1040 Fuit
1152 1015 1258 1053 vero,
1278 1002 1351 1040 nisi
1372 1001 1547 1047 fallimur,

82 1076 204 1107 totum
222 1068 315 1106 illud
330 1068 543 1118 exordium,
563 1068 630 1117 111,
653 1081 688 1108 v.
708 1069 810 1116 8-45,
837 1068 926 1105 olim
947 1067 1117 1105 secundo
1135 1067 1234 1105 libro
1249 1067 1480 1119 praemissum
1503 1066 1550 1105 ab

82 1141 238 1171 auctore
256 1132 451 1185 primario,
471 1140 587 1182 atque
606 1131 695 1170 inde
711 1132 786 1170 huc
815 1131 864 1169 ab
886 1132 1163 1183 interpolatore
1183 1131 1418 1170 translatum.
1438 1131 1550 1172 Unde

80 1196 152 1236 hoc
185 1206 246 1245 tu,
267 1197 393 1248 inquit
420 1196 587 1248 aliquis?
614 1197 671 1236 Ex
693 1196 776 1248 ipsa
797 1196 1020 1235 transitione
1047 1196 1172 1234 soluto
1198 1209 1374 1234 sermone
1398 1197 1553 1247 scripta,

79 1275 193 1313 quam
214 1261 408 1313 hodieque
427 1261 622 1300 nonnullis
656 1262 694 1300 in
719 1262 989 1313 manuscriptis
1017 1262 1210 1313 praefixam
1242 1261 1331 1299 huic
1353 1260 1451 1299 libro
1480 1262 1552 1312 legi

78 1326 438 1377 diximus,quaeque
465 1326 680 1364 necessario
702 1326 944 1376 epitomatori
973 1334 1107 1364 nostro
1139 1323 1366 1376 imputanda
1397 1333 1476 1372 est3
1501 1326 1552 1362 sic

79 1397 206 1428 autem
239 1403 279 1427 se
302 1389 419 1428 habet
438 1404 446 1427 :
462 1387 646 1432 Ὡσαύτως
669 1389 727 1428 καὶ
744 1389 821 1434 τοὺς
844 1388 1027 1428 πολυΟεΐαν
1044 1393 1225 1432 νοσοῦντας
1243 1388 1402 1440 ἐλέγχει,
1419 1388 1496 1431 τούς
1516 1404 1551 1427 τε

79 1451 214 1496 ἀδίκους
231 1451 288 1491 καὶ
304 1452 546 1506 ἁμαρτωλούς·
566 1452 625 1492 καὶ
645 1452 888 1504 συμὸουλεύει,
904 1454 950 1496 ὡς
967 1451 1132 1503 συγγενὴς
1147 1452 1217 1504 [sic
1238 1452 1319 1503 lege
1331 1481 1341 1499 ,
1368 1466 1444 1489 non
1470 1467 1552 1503 συγ-

78 1516 216 1568 γενεῖς],
240 1515 296 1555 τὸν
324 1515 383 1554 ἕνα
409 1517 468 1554 καὶ
492 1515 595 1566 μόνον
615 1515 728 1555 σεἘῗειν
758 1515 870 1557 Θεόν·
889 1510 966 1555 εἶτα
987 1517 1210 1569 παροιμιάζει
1230 1516 1297 1562 τὴν
1317 1517 1461 1563 ἄθλησιν
1486 1518 1552 1554 τῶν

79 1577 206 1630 ἁγίων·
228 1579 286 1617 καὶ
305 1581 524 1628 τελευταῖον,
540 1589 611 1619 etc.
633 1580 747 1619 Vides
766 1589 854 1619 ante
877 1581 1078 1633 paroemias
1103 1581 1184 1619 illas
1208 1580 1484 1631 Phocylideas‚
1506 1580 1554 1618 de

78 1643 218 1694 quibus
237 1644 384 1694 egimus
402 1657 518 1696 supra
535 1658 619 1696 cap.
644 1659 658 1682 ι
672 1659 702 1692 ι,
720 1645 886 1696 ideoque
902 1654 990 1684 ante
1011 1658 1162 1683 versum
1190 1644 1347 1683 secundi
1376 1643 1464 1682 libri
1488 1644 1551 1694 56,

78 1707 210 1746 lectam
231 1708 321 1746 olim
339 1709 452 1748 fuisse
471 1708 542 1748 sub
562 1710 664 1747 illius
685 1709 773 1748 libri
801 1709 908 1752 initia
936 1710 1244 1748 cohortationem
1275 1708 1479 1759 quamdam
1506 1708 1552 1746 ad

78 1773 218 1824 impios
236 1781 276 1811 ut
295 1787 317 1812 a
334 1774 514 1813 falsorum
536 1775 737 1812 numinum
759 1774 864 1813 cultu
886 1774 933 1812 ad
957 1787 1090 1812 verum
1111 1774 1234 1812 Deum
1257 1781 1554 1819 reverterentur,

78 1850 163 1889 quae
187 1850 291 1876 nunc
319 1838 490 1877 secundo
518 1838 618 1877 libro
643 1839 748 1877 nulla
775 1847 846 1888 est,
874 1838 1014 1890 legitur
1033 1846 1160 1878 autem
1183 1838 1293 1876 initio
1315 1837 1404 1875 libri
1426 1837 1552 1876 tertii:

78 1915 195 1953 quare
212 1903 330 1953 ipsam
353 1916 374 1941 e
393 1902 494 1942 libro
512 1904 547 1943 11
567 1903 641 1942 huc
667 1903 885 1942 translatam
908 1911 1100 1954 putamus.

131 1967 189 2005 De
207 1966 381 2005 versibus
408 1967 534 2005 statim
556 1966 802 2018 sequentibus
825 1968 944 2011 46-62
967 1966 1071 2005 idem
1091 1979 1199 2018 paene
1229 1965 1420 2003 affirmare
1447 1964 1554 2003 ausi-

79 2042 174 2068 mus.
193 2030 290 2069 Sunt
310 2031 371 2069 isti
394 2044 567 2082 magnam
589 2040 735 2082 purtem
755 2030 948 2081 desumpti
967 2045 988 2068 e
1005 2030 1240 2082 libro'vul,
1263 2034 1282 2077 S
1309 2043 1322 2067 1
1339 2057 1349 2074 ,
1372 2029 1556 2068 consecti-

78 2107 153 2145 que
175 2095 339 2146 primum
361 2109 436 2133 non
468 2095 516 2134 ab
536 2096 811 2147 epitomatore‚
843 2095 916 2133 nisi
946 2086 1130 2140 fallimur,'
1149 2093 1215 2132 sed
1243 2102 1285 2131 ut
1311 2093 1476 2145 priores,
1506 2091 1555 2130 ab

78 2159 163 2211 ipso
184 2159 273 2198 libri
298 2160 457 2198 secundi
490 2169 647 2198 auctore
681 2160 883 2211 primario,
911 2160 977 2210 qui
1012 2159 1066 2197 sic
1097 2167 1304 2209 utcumque
1332 2157 1557 2208 impleverat

79 2223 252 2262 lacunam
282 2224 460 2263 carminis
489 2225 546 2263 sui
577 2225 677 2262 inter
705 2224 847 2262 Christi
867 2232 1027 2261 mortem
1054 2231 1090 2261 et
1105 2221 1292 2274 judicium
1319 2234 1554 2273 supremum.

80 2286 199 2326 Simul
239 2302 344 2341 ergo·
371 2302 456 2327 cum
499 2288 693 2341 prioribus
724 2287 773 2327 ab
814 2288 1091 2341 interpolatore
1123 2287 1301 2326 videntur
1335 2301 1356 2325 e
1387 2285 1489 2324 libro
1523 2286 1554 2324 ll

83 2349 158 2389 huc
189 2352 303 2391 fuisse
323 2353 504 2392 translati.

135 2416 236 2462 Quid
262 2416 403 2456 deinde
429 2419 516 2469 post
543 2431 694 2456 versum
713 2418 790 2456 62?
814 2420 956 2469 Aperte
976 2430 1078 2456 nova
1106 2429 1194 2469 pars
1226 2415 1316 2454 inde
1343 2415 1498 2466 incipit,
1517 2414 1554 2452 in

82 2493 159 2531 qua
188 2479 235 2518 de
254 2482 432 2520 extremis
460 2481 701 2533 temporibus
727 2495 771 2520 ac
800 2481 848 2520 de
872 2481 1067 2533 praesagiis
1092 2480 1232 2532 judicii
1261 2478 1555 2531 propinquantis

84 2544 233 2594 agitur,
257 2545 355 2583 sicut
383 2545 460 2584 sere
487 2545 658 2584 secundo
682 2545 807 2595 libro,
836 2559 876 2586 v.
905 2546 989 2592 167,
1019 2558 1127 2596 sqq-3
1157 2552 1195 2582 et
1225 2544 1286 2582 hic
1316 2543 1555 2595 agnoscimus

84 2608 259 2659 quaedam
280 2623 327 2647 ex
347 2609 416 2647 illo
432 2608 533 2648 libro
553 2623 631 2647 non
652 2609 768 2647 modo
787 2609 924 2647 similia
939 2608 1018 2659 jam
1045 2609 1163 2657 lectis,
1181 2609 1246 2647 sed
1272 2608 1384 2660 plane
1404 2607 1556 2653 eadem,

85 2672 158 2710 nisi
185 2672 290 2724 quod
321 2673 447 2725 paulo
469 2673 582 2711 latius
616 2673 857 2724 amplificata.
892 2673 986 2711 Nam
1030 2672 1286 2712 Antichristus
1318 2672 1453 2719 Belial,
1490 2672 1555 2723 qui

84 2736 190 2788 prius
211 2751 289 2775 uno
312 2750 423 2775 versu
444 2736 569 2775 dictus
592 2736 727 2785 suerat,
743 2736 809 2776 lib.
828 2737 875 2785 ll,
890 2750 923 2775 v.
942 2737 1010 2785 167
1034 2753 1041 2775 :

242 2799 343 2847 1Ἥξει
364 2800 424 2840 καὶ
441 2800 587 2852 Βελίαρ,
608 2801 667 2839 καὶ
683 2799 825 2852 σήματα
843 2801 955 2840 πολλὰ
971 2801 1106 2849 ποιήσει

244 2865 450 2919 Ἀνθρώπου,
462 2894 629 2907 .......
647 2894 657 2917 ‚
