1752 3495
200 220 260 266 66
383 241 386 244 ·
567 219 598 263 A
607 218 647 262 l)
683 219 948 266 SIBYLLIN
954 221 1027 264 OS
1061 220 1270 264 LIBROS

199 318 354 356 καλοῦσι·
372 314 592 370 Νικοστράτῃ
619 316 654 355 δὲ
671 310 714 364 ἦν
732 316 840 367 ὄνομα
864 315 978 369 κύριον
999 317 1099 369 αὐτῇ.
1124 316 1193 356 Καὶ
1217 320 1316 355 τοῦτο
1335 317 1398 367 μὲν
1425 320 1655 371 ὁμολογεῖται·

193 382 262 429 τὴν
288 379 323 420 δὲ
359 381 568 435 Καρμένταν
595 381 677 420 ἔνιοι
707 379 936 433 πιθανώτερον
974 381 1287 434 ἀφερμηνεῦουσιν,
1320 375 1389 420 οἷον
1422 383 1653 436 ἐστερημένην

196 449 268 496 νοῦ,
287 444 343 483 διὰ
367 443 427 487 τὰς
454 447 489 484 ἐν
517 451 589 489 τοῖς
618 446 876 493 ἐνθουσιασμοῖς
906 444 1183 498 παραφροσύνας.
1217 446 1270 484 Τὸ
1296 445 1358 496 μὲν
1380 445 1445 500 γᾶρ
1474 446 1654 500 στέρεσθαι

193 510 336 563 κᾶρηρε,
357 509 486 562 μέντεμ
505 509 540 549 δὲ
555 510 613 548 τὸν
632 514 706 548 νοῦν
726 508 942 558 ὀνομάζουσι.
959 509 1081 548 Verba
1102 520 1188 548 suut
1210 511 1288 549 haec
1311 511 1483 550 historici
1504 522 1541 550 et
1564 514 1653 564 phi—

193 576 347 626 losophi
389 575 610 621 clarissimi,
647 586 808 625 quorum
848 582 973 611 tamen
1010 575 1182 625 quaedam
1223 575 1442 614 desiderant
1484 577 1655 627 philoso-

194 641 347 693 phicam
368 640 604 691 gravitatem.
631 638 722 676 Nam
743 636 833 688 quid
867 637 937 676 sibi
965 639 1099 676 volunt
1122 641 1342 690 interposita
1367 640 1415 678 ab
1441 654 1487 678 eo
1510 641 1622 680 verba
1645 657 1652 679 :

193 705 263 742 Καὶ
291 707 393 742 τοῦτο
418 703 479 755 μὲν
501 703 737 753 ὁμολογεῖται,
770 718 784 734 0«
803 709 841 738 et
871 701 943 739 hoc
962 703 1116 752 quidem
1144 705 1246 741 inter
1264 718 1397 743 omnes
1420 707 1594 743 convenit
1613 724 1652 755 n,

191 783 309 819 quum
325 769 420 806 duas
435 771 512 818 ipse
526 765 796 803 diversissimas
816 766 1014 815 opiniones
1032 781 1146 817 supra
1162 769 1385 818 protulerit?
1402 771 1456 808 An
1473 770 1519 807 ad
1532 772 1654 809 solum

193 846 331 871 nomen
367 829 603 884 Νικοστράτην
633 830 773 867 referre
803 830 925 867 voluit
954 830 1055 868 huuc
1087 831 1283 869 hominum
1310 836 1561 872 consensum?
1581 835 1653 874 Sed

194 899 316 948 ipsum
338 897 451 948 paulo
470 903 555 932 ante
575 894 826 944 produximus
846 895 884 932 in
907 895 1045 941 Quaest.
1070 896 1178 935 Rom.
1204 897 1255 934 ita
1274 898 1500 936 scribentem
1520 914 1528 936 ε
1549 899 1653 938 ’Ovo-

193 959 388 1012 μαζομένην
417 958 547 1009 Θέμιν,
566 959 611 1000 ὡς
631 959 659 996 δ’
685 957 767 996 ἔνιοι
786 959 1040 1012 Νικοστράτην.
1067 960 1244 998 Ceterum
1269 961 1316 999 de
1341 963 1562 1001 Nicostratae
1579 977 1651 1001 no-

194 1027 294 1064 mine
327 1024 525 1077 praeiverat
557 1023 694 1061 Strabo
728 1022 795 1062 lib.
827 1023 868 1070 V,
895 1037 932 1075 p.
964 1028 1056 1070 2303
1081 1034 1195 1076 atque
1228 1026 1370 1065 ibidem
1405 1029 1653 1067 Nicostratam

191 1076 323 1140 docet,
343 1102 427 1140 quae
445 1088 527 1126 aliis
545 1087 746 1125 Carmenta
766 1097 843 1135 est,
866 1089 1065 1127 consilinum
1084 1090 1162 1128 lilio
1181 1091 1330 1129 dedisse
1350 1092 1535 1132 admandi
1559 1095 1653 1132 ller-

191 1156 286 1195 culis
311 1164 486 1205 tanquam
514 1153 631 1190 futuri
654 1165 740 1189 mox
775 1153 881 1192 Dei:
906 1153 1107 1205 Πυθόμενον
1128 1153 1162 1192 δὲ
1187 1158 1249 1201 τῆς
1271 1171 1399 1208 μητρος
1419 1158 1655 1211 Νικοστράτης

190 1221 246 1258 τὸν
269 1219 442 1271 Εὔανδρον
466 1210 602 1268 (εἶναι
585 1216 614 1253 ο’
634 1215 740 1263 αὐτὴν
768 1219 937 1268 μαντικῆς
958 1217 1161 1270 ἔμπειρον),
1181 1219 1234 1257 ὅτι
1253 1222 1302 1274 τῷ
1323 1220 1491 1274 Ἡρακλεῖ
1514 1239 1554 1260 πε
1543 1239 1654 1277 ..πριι-

191 1284 290 1336 μένον
318 1278 373 1331 ἠν,
394 1284 468 1322 ’πελξ
456 1296 636 1328 ευτησαντι
668 1296 746 1324 τους
778 1280 923 1331 ἄθλους,
956 1282 1036 1321 Θει)
1063 1283 1239 1333 γενεσθαι,
1258 1284 1387 1339 φράσαι
1419 1302 1456 1325 τε
1483 1303 1566 1339 προς
1596 1304 1654 1326 τον

189 1348 366 1404 Ἡρακλέα
393 1351 514 1395 ταῦτα,
544 1347 604 1385 καὶ
622 1346 762 1396 τέμενος
789 1347 985 1396 ἀναδεῖξαι,
1006 1348 1063 1385 καὶ
1093 1351 1194 1387 θῦσαι
1224 1350 1343 1389 Θυσίαν
1365 1350 1589 1400 Ἑλληνικὴν,
1612 1353 1653 1399 ἣν

188 1415 245 1452 καὶ
265 1417 323 1452 νῦν
343 1413 392 1451 ἔτι
415 1411 645 1465 φυλάττεσθαι
663 1410 905 1464 τῷἹΙρακλεῖ.
927 1411 999 1451 Καὶ
1017 1414 1036 1451 ὃ
1058 1413 1216 1457 Κεκίλιος
1237 1416 1319 1467 [sie]
1340 1418 1356 1454 ὁ
1378 1419 1445 1454 τῶν
1469 1417 1654 1469 Ῥωμαίων

190 1479 417 1534 συγγραφεὺς,
432 1482 532 1518 τοῦτο
551 1477 681 1516 τίθεται
709 1482 850 1527 σημεῖον
872 1480 931 1516 τοῦ
947 1477 1155 1526 Ἑλληνικὸν
1173 1473 1258 1519 εἶναι
1282 1481 1413 1532 κτίσμα
1432 1483 1493 1529 τὴν
1509 1483 1654 1534 Ῥώμην

187 1545 226 1582 τὸ
257 1546 340 1597 παρ’
371 1546 457 1595 αὐτῇ
491 1542 553 1588 τὴν
578 1542 723 1595 πάτριον
751 1541 869 1580 θυσίαν
902 1542 1112 1590 Ἑλληνικὴν
1131 1538 1217 1582 εἶναι
1244 1548 1294 1598 τῷ
1328 1546 1504 1599 Ἡρακλεῖ.
1532 1551 1655 1588 Porro

187 1611 415 1648 Herculeum
439 1621 587 1646 sacrum
609 1607 820 1646 Carmentae
848 1608 1085 1658 potissimum
1111 1610 1258 1648 monitu
1284 1611 1521 1657 institutum.
1542 1616 1652 1653 etiam

191 1675 319 1714 Livius
350 1673 536 1724 agnoscit,
555 1672 622 1712 lib.
646 1673 718 1719 l‚§
749 1686 793 1723 7,
814 1671 878 1709 ubi
904 1672 1082 1713 Evander
1112 1674 1159 1712 ad
1192 1676 1388 1714 Herculem
1410 1693 1418 1715 ε
1447 1695 1461 1711 «
1481 1679 1534 1717 Te
1550 1679 1654 1723 mihi,

188 1758 201 1772 «
235 1747 366 1784 mater,
398 1737 563 1775 veridica
595 1737 782 1787 interpres
817 1735 957 1789 deum,
986 1746 1184 1776 aucturum
1223 1740 1430 1779 coelestium
1456 1756 1654 1782 numerum

188 1821 204 1837 ι
233 1803 391 1849 cecinit,
419 1801 565 1853 tibique
582 1814 686 1838 aram
707 1801 768 1839 hic
791 1801 957 1839 'dicatum
976 1802 1044 1850 iri,
1066 1811 1155 1846 etc„
1171 1821 1186 1836 »ι
1211 1817 1335 1856 eoque
1356 1806 1480 1857 palam
1501 1792 1654 1859 respicit

188 1867 368 1914 Ovidius,
393 1867 491 1905 Fast.
511 1865 581 1905 lib.
603 1866 665 1903 cit.
684 1879 719 1903 v.
746 1865 836 1914 583,
866 1879 948 1917 sq.:

399 1932 475 1970 Nec
496 1938 596 1968 tacet
615 1929 782 1968 Evandri
801 1939 936 1978 mater,
955 1944 1078 1983 prope
1095 1940 1244 1984 tempus
1263 1932 1396 1972 adesse
1409 1963 1419 1979 ‚

451 1994 611 2033 Hercule
634 2007 712 2044 quo
733 1995 843 2032 tellus
864 1995 911 2032 sit
928 1996 1017 2033 satis
1033 2009 1101 2034 usa
1120 2009 1213 2043 su0,

191 2061 262 2098 hoc
281 2068 358 2110 est,
376 2059 422 2097 ad
443 2060 610 2097 caelestes
629 2059 736 2096 illum
754 2060 854 2097 Deos
879 2073 967 2097 mox
984 2073 1065 2099 csse
1092 2061 1353 2100 transiturum.
1374 2062 1571 2103 Notandus
1588 2080 1655 2104 au-

192 2136 264 2163 tem
290 2124 488 2163 Strabonis
511 2124 638 2173 locus,
672 2132 812 2175 praeter
831 2133 980 2170 cetera,
1005 2125 1118 2163 etiam
1151 2126 1255 2177 quod
1281 2137 1474 2166 auctorem
1513 2130 1654 2169 indicet

191 2190 365 2237 Κεκίλιον,
384 2189 493 2239 cujus
522 2201 661 2225 nomen
693 2187 837 2226 Καίλιον
860 2189 1062 2240 legendum
1081 2191 1234 2228 minime
1263 2192 1479 2244 ambigitur,
1508 2204 1546 2233 ct
1574 2190 1675 2234 Cae?

192 2256 282 2292 liurn
314 2266 394 2292 esse
416 2253 673 2304 Antipatrum,
690 2252 826 2291 Punici
847 2252 935 2292 belli
953 2254 1192 2305 scriptorem,
1215 2257 1396 2296 Gracchis
1413 2259 1493 2298 fere
1512 2273 1656 2311 suppa-

193 2332 285 2356 rem.
304 2317 360 2356 Ab
383 2317 448 2354 illo
468 2317 585 2368 igitur
606 2325 762 2355 auctore
792 2317 963 2368 profecta
992 2319 1170 2358 videntur
1190 2321 1371 2372 pleraque
1391 2337 1477 2374 quae
1497 2324 1543 2362 dc
1564 2327 1656 2363 Car-

195 2391 316 2420 menta
337 2382 514 2432 leguntur
527 2394 604 2419 non
622 2381 723 2432 apud
745 2381 970 2420 Strabonem
999 2383 1133 2432 modo,
1154 2385 1217 2422 scd
1239 2386 1350 2423 etiam
1380 2388 1481 2438 apud
1503 2389 1653 2429 Livium

193 2457 231 2486 et
250 2445 518 2485 Plutarchum.
909 2492 913 2496 ¹

246 2511 306 2550 Ab
325 2510 510 2548 eodemne
529 2523 576 2546 an
593 2509 641 2547 ab
657 2510 732 2547 alio
753 2509 939 2548 didicerat
955 2511 1113 2560 Strabo,
1135 2513 1236 2563 quod
1257 2514 1379 2551 statim
1397 2515 1522 2564 addit,
1545 2517 1654 2567 ibid„

194 2577 435 2615 Carmentam
464 2587 484 2611 a
513 2574 690 2612 Romanis
716 2575 789 2612 coli
810 2583 988 2626 tanquam
1005 2589 1116 2614 unam
1141 2590 1162 2614 e
1181 2579 1394 2629 Nymphis?
1414 2580 1485 2618 Καὶ
1501 2580 1564 2628 τὴν
1584 2598 1656 2634 μη-

194 2639 277 2693 τέρα
303 2638 337 2677 δὲ
363 2641 421 2675 τοῦ
456 2637 632 2691 Εὐάνδρου
656 2639 784 2689 τιμῶσι
815 2638 1006 2689 Ῥωμαῖοι,
1037 2640 1120 2690 μίαν
1154 2644 1222 2680 τῶν
1251 2644 1407 2696 Νυμφῶν
1431 2638 1516 2683 εἶναι
1551 2648 1654 2700 νομί-

194 2719 330 2749 σαντες,
347 2701 539 2754 Κάρμεντιν
555 2707 880 2753 μετονομασθεῖσαν.
899 2704 1010 2742 Certe
1024 2705 1202 2755 Virgilius
1217 2706 1313 2745 idem
1339 2711 1477 2756 sensit,
1495 2712 1655 2761 AEneid.,

191 2769 258 2808 lib.
269 2768 371 2816 vm,
387 2767 460 2804 loc.
481 2780 597 2817 supra
621 2767 700 2817 cit„
733 2766 797 2804 ubi
818 2785 833 2802 «
851 2768 1064 2807 Carmentis
1083 2772 1293 2823 Nymphaeu
1321 2772 1380 2822 bis
1401 2775 1582 2814 meminit.
1608 2780 1658 2816 At

193 2835 326 2876 Plutai
328 2832 436 2879 chus,
455 2832 529 2870 loc.
551 2831 639 2869 item
660 2832 725 2870 cit.
733 2845 861 2883 ,pro
849 2833 1198 2886 Nymph·tPn1-cam
1214 2867 1224 2886 ‚
1245 2851 1365 2888 graecc
1382 2839 1533 2892 Μοῖραν,
1552 2842 1653 2880 illam

197 2900 313 2939 fecit:
335 2897 411 2943 Ὶὴν
442 2895 476 2934 δὲ
512 2895 717 2949 Καρμένταν
747 2896 876 2935 οἴονταί
902 2913 990 2942 τινες
1019 2900 1154 2953 Μοῖραν
1180 2905 1290 2950 εἰναι,
1319 2903 1438 2955 κυρίαν
1466 2905 1654 2958 ἀνθρώπων
