1686 3500
140 182 235 227 544-
420 142 423 145 ,
502 179 580 222 AD
614 178 960 224 SIBYLLlNOS
996 179 1200 224 LIBROS

140 277 196 316 sic
216 275 371 326 quidem
389 275 435 314 R.
460 274 503 314 L.
532 274 570 313 F.
585 274 723 326 optimi
742 273 914 324 codices,
944 274 1008 314 sed
1027 274 1166 326 passim
1192 275 1405 317 recentiore
1424 288 1536 314 manu
1554 289 1612 316 re·

141 342 312 388 tractati3
329 349 466 380 contra
485 339 601 380 codd.
627 342 670 378 Α.
693 340 734 379 Β.
753 341 790 380 S.
807 353 894 378 cum
911 340 1002 379 edit.
1023 353 1094 391 pr.,
1111 339 1235 377 minus
1256 339 1311 377 illi
1328 340 1483 391 quidem
1501 340 1612 391 boni,

140 406 206 445 sed
224 420 299 444 non
317 405 432 444 semel
448 404 496 444 ad
510 405 705 456 antiquam
724 404 953 455 scripturam
974 404 1134 456 propius
1153 404 1381 443 accedentes
1401 421 1409 444 ε

295 469 446 520 ἼΙκαρ’.
460 497 472 508 .
487 497 498 508 .
530 467 717 521 Ἕρομιὴλ,
738 468 893 522 Οὗριὴλ,
914 467 1061 516 Σανιὴλ,
1083 467 1210 515 Ἄζαήλ
1223 483 1274 518 τε,

140 534 242 574 «iride
259 533 473 574 cavendum
494 547 541 571 ne
555 541 662 571 vetus
682 532 797 571 lectio
813 533 926 571 suerit
943 548 952 570 z

293 597 438 643 ‘Istone'
453 595 631 650 Ἱρεμιὴλ,
652 595 801 650 Ὀριὴλ,
822 595 976 644 Σανιὴλ,
994 596 1135 644 Ἀζαήλ.

137 662 257 701 Notus
272 671 329 700 est
349 662 530 701 lliremiel
552 673 618 699 seu
647 661 826 700 Jeremicl
845 674 892 698 ex
921 660 1052 699 Esdrae
1076 660 1177 699 libro
1206 661 1269 701 lv,
1298 662 1425 701 Saniel
1446 662 1532 701 vide
1562 677 1608 702 an

136 739 221 764 cum
240 723 384 766 Enochi
409 725 600 763 Phanuele
621 724 721 764 idem
741 725 799 762 sit.
829 724 933 763 Oriel
950 724 1051 762 idem
1072 733 1208 777 aperte
1224 727 1365 764 Nostro
1387 727 1525 779 suerit,
1544 729 1610 779 qui

137 791 250 842 vulgo
272 790 388 829 Uriel.
409 789 484 828 Sed
510 789 642 836 Amol,
673 789 763 826 alias
783 788 953 835 Azalzel,
971 798 1071 827 stare
1096 790 1159 827 vix
1182 798 1327 841 potest,
1350 791 1441 842 quia
1470 791 1610 830 daemo-

133 868 250 905 uum,
281 869 358 893 non
388 856 610 906 angelorum
642 853 883 906 principibus
915 855 1029 906 vulgo
1062 857 1256 894 accenseri
1285 858 1403 906 solet3
1431 859 1543 896 etsie
1571 859 1607 896 in

133 922 216 971 ipso
235 920 383 959 Enochi
403 919 524 968 libro,
546 933 628 970 cap.
647 925 693 962 (02
724 927 762 956 et
790 919 850 957 68.
871 918 1049 957 Ceterum
1070 933 1140 958 nec
1165 920 1446 960 dissimulamus
1464 950 1474 967 ,
1505 924 1607 975 apud

132 987 259 1037 ipsum
290 984 486 1024 Enochum
517 984 684 1021 variasse
703 983 794 1021 olim
821 983 1137 1035 archangelorum
1154 985 1309 1023 nomina
1322 1015 1332 1033 ‚
1352 986 1383 1024 si
1403 986 1495 1024 tides
1515 988 1610 1038 Syn-

133 1049 242 1096 cello,
260 1057 284 1088 t.
317 1050 345 1095 1,
366 1062 452 1100 pag.
477 1061 546 1095 αα,
572 1047 635 1087 ed.
659 1048 800 1094 Bonn„
817 1048 948 1086 citanti
982 1057 1161 1099 tanquam
1183 1063 1229 1087 ex
1263 1050 1424 1088 Enocho
1444 1061 1608 1101 quatuor

132 1112 218 1150 illos
238 1126 314 1150 nou
330 1112 377 1150 ad
392 1112 637 1162 aethiopicum
657 1124 817 1160 morem,
839 1112 905 1149 sed
925 1126 1082 1163 prorsus
1099 1112 1267 1161 eosdem,
1286 1115 1402 1164 quiin
1418 1115 1608 1166 Sibyllino

134 1183 237 1216 textu
251 1177 438 1215 hodierno
452 1177 656 1225 leguntur:
675 1176 721 1214 Οἱ
735 1174 911 1228 τέσσαρες,
930 1177 1065 1227 inquit,
1081 1176 1608 1231 μεγάλοιἀρχοίγγελοιΜιχαὴλ

131 1239 189 1278 καὶ
210 1238 346 1292 Οὖριὴλ
365 1238 424 1276 καὶ
443 1236 608 1291 Ῥαφαὴλ
626 1237 686 1275 καὶ
706 1238 877 1291 Γαὸριήλ.
896 1240 1014 1278 iidem
1032 1241 1183 1281 Christo
1204 1242 1437 1292 periclitanti
1453 1257 1608 1280 succur-

130 1312 220 1342 runt
247 1304 286 1341 in
314 1304 407 1341 salso
440 1301 623 1340 Barnabae
655 1303 857 1354 evangelio
888 1316 910 1341 a
938 1304 1217 1344 illahumctanis
1249 1306 1474 1357 compositO.
1503 1307 1606 1346 Uriel

115 1381 284 1420 quoque
319 1358 533 1416 citabaturj
569 1376 746 1418 tanquam
776 1367 1042 1418 poenitentium
1071 1369 1156 1408 satis
1185 1371 1431 1422 praepositus,
1463 1372 1501 1409 in
1531 1373 1606 1410 alio

130 1433 359 1484 perantiquo
381 1442 419 1470 et
435 1432 512 1483 jam
533 1444 648 1483 supra
668 1441 877 1470 memorato
892 1434 1129 1485 apocrypho,
1148 1435 1209 1475 cui
1223 1449 1360 1474 nomen
1378 1438 1606 1477 Paenitentia

129 1497 285 1543 Adami,
305 1496 408 1548 apud
437 1496 601 1547 Syncell.
626 1496 699 1534 loc.
724 1497 787 1535 cit.
807 1510 889 1548 pag.
913 1499 974 1545 18,
995 1497 1096 1536 unde
1115 1508 1277 1550 apparet
1298 1514 1471 1551 maguam
1490 1502 1605 1542 fuisse

127 1562 227 1600 illius
256 1562 376 1613 angeli
405 1562 555 1601 samam.
580 1560 653 1600 Sed
672 1561 808 1599 dehac
834 1570 913 1599 tota
931 1564 1191 1601 controversia
1215 1565 1348 1602 confer
1363 1567 1520 1605 omuino
1536 1569 1606 1606 Fa-

126 1626 288 1664 bricium
309 1626 347 1664 in
377 1625 509 1664 codice
528 1625 769 1677 pseudepigr.
796 1627 880 1664 Vet.
896 1626 1012 1673 Test„
1030 1635 1067 1664 et
1096 1626 1353 1666 doctissimam
1377 1629 1425 1667 de
1442 1632 1605 1682 angelo-

126 1704 210 1729 rum
230 1689 447 1729 nominibus
477 1690 777 1728 dissertationem
809 1691 970 1729 Joaunis
993 1693 1102 1743 CroI‚
1125 1691 1172 1730 ad
1199 1693 1339 1731 calcem
1367 1695 1514 1748 1reuaei,
1537 1696 1599 1734 ed.

125 1755 242 1795 Grah.
262 1757 320 1794 De
336 1755 527 1806 Sibyllino
546 1755 632 1794 loco
649 1756 758 1806 plura
779 1769 848 1793 nos
867 1756 905 1793 in
923 1756 1025 1793 curis
1045 1764 1144 1808 post.
1161 1756 1208 1795 ad
1230 1757 1267 1797 h.
1288 1759 1312 1796 l.

553 2015 667 2054 CAP.
688 2007 820 2055 XXIX.
843 2018 901 2052 De
919 2015 1165 2058 doemonibus.

174 2140 317 2188 Restat,
327 2139 359 2178 si
379 2138 558 2191 dogmata
571 2138 763 2191 Sibyllina
782 2140 911 2178 omnia
930 2153 1129 2179 recensere
1149 2141 1402 2192 voluerimus,
1420 2146 1467 2182 'ut
1486 2146 1598 2184 etiam

121 2206 170 2246 de
187 2204 425 2244 daemonibus
446 2204 590 2256 aliquid
611 2205 792 2244 dicamus.
814 2206 844 2244 li
869 2205 917 2244 ab
937 2206 1101 2245 ethnicis
1125 2208 1199 2246 coli
1218 2222 1296 2247 non
1317 2223 1395 2247 uno
1415 2211 1502 2248 loco
1522 2220 1599 2249 tra·

120 2271 280 2322 duntur,
300 2271 467 2309 Prooem.
488 2283 550 2308 υ.
581 2270 686 2321 vm,
711 2277 781 2319 47,
805 2271 902 2318 386,
929 2272 1029 2322 393,
1059 2273 1271 2311 secundum
1294 2273 1390 2312 illud
1408 2275 1569 2313 effatum
1586 2304 1597 2324 ,

119 2336 261 2376 Psalm.
281 2336 347 2387 95,
367 2349 404 2373 v.
426 2337 446 2374 5
470 2350 479 2383 ς
499 2353 515 2370 οι
531 2336 674 2374 Omnes
696 2335 749 2373 dii
781 2335 953 2387 gentium
982 2335 1170 2376 daemonia
1187 2351 1229 2377 n:
1256 2338 1322 2377 sed
1354 2339 1406 2377 ita
1428 2348 1469 2378 ut
1489 2353 1598 2378 com-

121 2415 273 2440 munem
291 2401 502 2440 doctrinam
520 2400 568 2439 de
587 2414 722 2439 eorum
742 2410 900 2450 natura,
922 2411 1101 2454 tanquam
1122 2405 1346 2455 angelorum
1367 2419 1388 2443 e
1408 2406 1503 2444 caelo
1524 2407 1595 2445 de-

120 2467 334 2517 pulsorum,
351 2465 555 2517 Sibyllistae
580 2476 768 2517 nusquam
789 2474 921 2517 aperte
957 2476 1191 2518 proponant.
1218 2469 1295 2508 Nec
1323 2482 1412 2508 vero
1440 2471 1595 2510 alteram

121 2544 254 2569 eorum
281 2531 464 2582 originem
484 2538 665 2582 tanquam
685 2530 733 2569 ab
753 2531 896 2583 angelis
914 2545 934 2569 e
955 2532 1154 2572 mulierum
1179 2536 1412 2573 commercio
1430 2548 1596 2587 progna-

124 2604 248 2631 torum
282 2594 434 2644 (Justin.
460 2594 573 2646 Apol.
600 2595 650 2645 11,
668 2596 690 2645 §
711 2597 746 2644 5,
769 2595 943 2637 Lactant.
965 2597 1056 2636 Div.
1083 2598 1177 2636 lnst.
1199 2599 1248 2647 ΙΙ,
1270 2613 1355 2651 cap.
1382 2599 1416 2652 ι)
1435 2615 1594 2653 usquam

121 2665 337 2695 memorant
354 2675 364 2697 t
383 2658 452 2695 etsi
479 2658 594 2696 semel
614 2660 829 2710 Egregoros
848 2670 1090 2712 nuncupant,
1107 2661 1174 2701 lib.
1192 2663 1221 2710 1,
1234 2676 1272 2701 v·
1290 2665 1354 2714 98,
1371 2664 1437 2703 sed
1454 2679 1502 2703 ne
1519 2665 1593 2703 mi·-

120 2724 264 2763 nimum
283 2722 435 2773 quidem
454 2722 500 2760 ad
520 2723 629 2761 istam
651 2724 815 2763 fabulam
839 2725 1065 2771 alludentes,
1089 2736 1210 2765 ortam
1228 2730 1392 2780 primum
1415 2745 1436 2769 e
1456 2729 1594 2769 Genesi

120 2788 217 2826 male
252 2786 462 2835 intellecta,
491 2801 574 2839 cap.
594 2789 642 2836 6,
662 2803 699 2829 v.
733 2795 769 2837 l»,
798 2803 868 2828 uec
894 2792 1005 2829 semel
1043 2792 1079 2829 iu
1104 2793 1340 2845 apocryphis
1372 2796 1590 2844 repetitam,

121 2850 264 2890 Enoch.
293 2864 377 2903 cap.
414 2865 459 2900 7;
480 2851 589 2893 Τρεῖς
614 2852 680 2892 ΧΙΙ
706 2854 915 2906 patriarch.
940 2856 976 2893 in
1001 2856 1133 2895 Rubeu
1151 2848 1300 2909 (confer
1319 2867 1355 2896 ct
1375 2859 1589 2897 Chronicon
