1752 3495
169 246 263 293 298
741 246 1036 294 APPENDIX

167 358 189 382 e
208 343 440 383 bibliotheca
455 343 659 384 Bodleiaua
671 347 880 386 oxoniensi
893 375 904 395 ,
917 344 1088 383 codicem
1101 355 1239 394 nempe
1253 343 1328 380 623
1340 373 1350 391 ‚
1368 338 1627 397 chartaceum,

167 420 346 458 parvum,
378 407 554 455 obesum,
575 410 701 448 saeculi
721 411 787 450 XV
802 409 880 461 jam
912 409 959 447 ad
988 409 1101 446 finem
1128 407 1336 458 vergentis,
1362 420 1464 458 quo,
1499 419 1632 457 praeter

143 471 392 523 ·astrologica
408 472 600 523 quaedam‚
619 475 732 513 etiam
755 474 874 512 multa
894 472 1122 524 prophetica
1141 472 1404 519 continentur,
1424 472 1502 510 imo
1524 475 1630 524 plura

165 548 280 584 quam
311 545 558 575 recensentur
587 538 624 575 in
643 538 761 589 ipsius
784 537 989 575 voluminis
1018 535 1167 582 indice,
1186 536 1254 575 sol.
1277 538 1319 574 31
1337 565 1348 583 ,
1368 534 1428 583 v⁰,
1449 550 1470 574 e
1496 538 1631 587 quibus

168 601 243 639 haec
264 601 456 653 praecipua
478 612 591 642 sunt:

224 664 262 702 ιο
289 666 519 705 Vaticinium
542 667 653 705 unius
680 665 910 717 Sibyllarum
935 665 1051 704 ltaliae
1077 679 1084 704 :
1110 683 1127 699 ιι
1142 666 1276 704 Veniet
1295 666 1424 716 aquila
1443 666 1578 704 ardens
1597 677 1632 706 et

165 730 295 781 regina
324 731 456 770 Austri
475 744 558 781 quae
586 730 690 768 venit
719 729 767 768 ad
790 730 1034 769 Salomonem
1068 729 1223 781 [confer
1256 739 1428 767 nostrum
1463 729 1557 769 Exc.
1592 732 1628 779 l,

163 808 251 845 cap.
278 795 363 847 15],
386 810 499 847 quam
515 795 707 846 Josephus
721 795 815 833 dicit
831 795 946 832 fuisse
967 794 1136 845 reginam
1156 794 1356 845 AEthiopiae
1373 803 1410 832 et
1431 794 1582 845 AEgypti
1597 807 1631 835 et

163 876 179 892 ι
201 867 312 896 vocat
330 873 412 896 eam
431 859 599 898 Natalam
618 859 702 910 [sic,
722 859 785 898 sed
803 859 992 909 Josephus
1008 859 1232 905 Nicaulam5
1256 859 1391 896 conset·
1405 859 1537 912 ibid.],
1553 874 1631 910 quae

165 939 181 956 ι
203 922 344 960 divisas
361 922 470 974 [lege,
498 920 661 977 divinas]
683 923 782 961 vices
802 921 854 974 [id
874 931 945 968 est,
967 921 1102 973 sortes]
1124 923 1342 973 composuit
1376 930 1415 959 et
1444 922 1561 960 libros
1587 926 1630 962 ad

162 1004 179 1020 ·
200 986 411 1024 instantiam
427 986 638 1025 divisorum
651 987 713 1039 [ad
734 986 951 1037 exemplum
964 984 1203 1037 divinorum]
1219 1002 1227 1024 :
1241 987 1406 1037 primum
1419 987 1558 1024 librum
1574 991 1631 1027 Sa-

162 1069 178 1084 ·
200 1051 365 1098 lomoni3
391 1051 622 1098 secundum,
654 1061 763 1089 terrae
790 1051 1018 1101 AEthiopiae;
1052 1051 1231 1098 tertium,
1259 1051 1396 1098 ltaliae5
1429 1060 1604 1102 quartum
1621 1086 1629 1100 ,

160 1132 174 1146 ··
197 1114 364 1163 maana,
387 1116 467 1166 regi
489 1115 701 1163 Britonum,
720 1128 862 1153 vocans
886 1114 984 1152 lianc
1004 1115 1190 1164 insulam,
1209 1115 1371 1153 insulam
1395 1115 1557 1155 Occidui
1576 1118 1629 1155 vel

160 1197 176 1212 «ι
197 1180 363 1229 Oceani,
384 1180 555 1231 reliquiis
573 1179 832 1230 Trojanoruni
856 1179 1130 1226 inhabitatam,
1151 1189 1221 1217 etc.
1238 1197 1254 1213 ι-
1280 1180 1401 1219 Multa
1421 1189 1630 1230 sequuntur

159 1245 207 1283 ‹le
225 1246 430 1284 Britanniae
447 1246 533 1284 fatis
553 1255 733 1296 tanquam
760 1259 782 1284 a
799 1245 944 1297 Sibylla
968 1246 1038 1284 hac
1056 1245 1274 1296 AEthiopica
1297 1245 1510 1296 praedictis,
1529 1247 1630 1297 cujus

157 1309 312 1360 Sibyllae
331 1327 347 1343 α
365 1310 504 1361 reginae
522 1310 673 1362 AEgypti
690 1319 728 1348 et
747 1310 952 1362 AEthiopiae
969 1327 984 1344 υ
1002 1310 1107 1348 aliud
1128 1310 1241 1347 etiam
1263 1309 1365 1346 haud
1392 1309 1555 1347 assimile
1568 1323 1629 1348 va-

161 1375 334 1412 ticinium
353 1375 523 1426 reperias
541 1376 578 1412 iu
601 1374 770 1425 ejusdem
793 1374 1037 1413 bibliothecae
1060 1375 1144 1413 cod.
1165 1375 1275 1414 Bodl.
1299 1376 1386 1421 302,
1408 1374 1473 1412 sol.
1498 1381 1581 1418 142.

212 1439 255 1476 2⁰
274 1440 357 1490 [An
376 1438 546 1490 ejusdem
572 1439 773 1491 Sibyllae?]
795 1457 809 1472 ι
827 1440 884 1478 Ex
912 1448 1043 1478 ventre
1067 1439 1151 1491 ejus
1187 1438 1405 1490 egredietur
1436 1451 1498 1477 ros
1526 1439 1627 1477 coeli·

159 1520 174 1536 ι
192 1517 274 1550 cus,
296 1520 312 1535 ι·
332 1511 370 1541 et
390 1517 475 1554 quae
496 1503 548 1541 ibi
569 1512 804 1554 sequuntur,
828 1503 876 1541 ad
897 1502 1019 1541 beatae
1044 1494 1209 1555 Virginis
1228 1512 1380 1554 partum
1401 1502 1626 1541 adventum-

158 1582 233 1620 que
249 1569 461 1606 Servatoris
480 1568 601 1607 nostri
621 1569 864 1620 pertinentia.

213 1631 252 1670 3⁰
283 1633 511 1671 vaticinium
535 1634 748 1672 llermerici
768 1633 952 1684 [ejusdem
983 1644 1092 1681 sane,
1111 1633 1178 1684 qui
1205 1632 1297 1672 alibi
1321 1642 1480 1671 vocatur
1496 1650 1510 1665 n
1534 1634 1624 1671 ller-

158 1708 308 1744 merus,
326 1697 428 1735 Deus
445 1698 671 1748 sapientium
687 1727 698 1746 ‚
718 1715 734 1731 υ
756 1700 793 1734 in
815 1697 904 1737 cod.
927 1698 1041 1738 Bodl.
1073 1698 1162 1745 302,
1182 1698 1249 1738 fol.
1275 1704 1363 1746 ιω,
1387 1705 1442 1745 v0,
1473 1697 1624 1736 fortasse

155 1775 242 1798 cum
263 1771 439 1814 respectu
461 1761 507 1799 ad
529 1762 745 1814 Hermetem
765 1762 1055 1812 Trismegistum
1078 1761 1297 1815 Lactantiil.

209 1830 254 1872 4⁰
282 1827 508 1866 Vaticinium
529 1840 765 1879 paganorum
786 1836 825 1865 et
842 1827 1104 1868 Maeliumetoe.

210 1893 254 1928 5⁰
281 1892 509 1930 vaticinium
529 1906 599 1943 per
617 1893 792 1943 angelum
807 1892 1072 1931 Cadwalladro
1087 1893 1243 1945 [nempe
1259 1892 1397 1931 ultimo
1418 1893 1472 1931 illi
1486 1900 1523 1931 et
1538 1892 1623 1942 piis-

154 1956 251 1994 simo
272 1957 471 1995 Britonum
491 1957 584 2009 regi]
603 1957 749 1996 datum.

209 2023 254 2059 6⁴·
282 2022 511 2060 vaticinium
533 2024 617 2060 [iliae
636 2024 755 2061 sancti
776 2023 971 2062 Germani.

208 2085 251 2132 7⁰
277 2086 508 2125 vaticinium
528 2087 678 2125 Mei-lini
697 2086 891 2126 Ambrosii
909 2087 1026 2139 [saepe
1046 2085 1138 2124 alias
1159 2084 1347 2138 obviumJ.

206 2153 249 2190 8⁰
277 2153 505 2191 Vaticinium
526 2153 670 2204 Aquilae
691 2151 817 2207 [cujus
838 2152 982 2190 mentio
1003 2160 1060 2190 est
1080 2151 1118 2189 in
1139 2151 1274 2190 eodem
1300 2151 1446 2199 codice,
1468 2151 1535 2191 sol.
1563 2165 1619 2195 ιο.

155 2224 334 2267 tanquam
359 2217 432 2255 sub
457 2217 643 2257 Hudibrae
672 2227 843 2270 tempora
865 2215 1045 2268 viventis]
1063 2215 1111 2254 ad
1135 2215 1444 2268 cognoscendum
1470 2217 1621 2254 Sextum

157 2281 347 2321 lliberniae
376 2296 498 2334 regem
513 2312 522 2327 ,
541 2283 730 2335 [futurum
751 2282 951 2333 quemdam
978 2282 1017 2320 in
1038 2281 1102 2320 illa
1125 2281 1249 2319 insula
1278 2294 1455 2332 magnum
1475 2293 1621 2332 praepo-

154 2355 370 2399 totitemque
385 2361 525 2399 regem.
539 2348 587 2386 de
604 2362 681 2399 quo
698 2347 883 2385 nonnulla
900 2347 1013 2385 etiam
1035 2346 1072 2384 in
1091 2346 1225 2384 codice
1242 2345 1352 2386 Bodl.
1374 2344 1478 2396 302}

206 2418 249 2462 9⁰
277 2414 417 2451 Versus
433 2413 547 2452 Sildae
565 2412 613 2452 (le
633 2413 767 2450 eodem
788 2413 906 2451 Sexto
924 2411 1129 2449 lliberniae.

211 2481 274 2514 ιοο
303 2477 465 2524 Quidam
487 2486 639 2515 sanctus
657 2485 695 2515 et
715 2477 895 2515 niacarita
919 2475 1163 2527 prophetavit
1167 2502 1280 2515 .....

214 2545 275 2577 11⁰
300 2541 527 2579 Vaticinium
545 2541 593 2579 de
609 2541 776 2579 adventu
800 2542 1122 2580 Normannomim.
1142 2540 1189 2578 Et
1209 2547 1335 2578 cetera
1363 2538 1478 2577 multa
1504 2552 1514 2576 z
1537 2543 1620 2574 sunt

152 2605 252 2642 euim
283 2605 321 2642 in
347 2606 475 2643 iudice
506 2619 624 2652 xxiv,
659 2606 697 2644 in
729 2606 815 2657 ipso
848 2605 947 2643 libro
972 2605 1084 2655 plura
1114 2616 1215 2651 xxx,
1243 2604 1356 2642 variis
1389 2601 1621 2653 temporibus

151 2669 305 2720 scripta,
316 2683 480 2720 quorum
494 2671 764 2716 recentissima,
778 2670 873 2708 decu
881 2668 1088 2719 rrentejam
1101 2668 1240 2706 saeculo
1250 2668 1327 2715 XV,
1343 2667 1573 2705 invehuntur
1583 2663 1618 2700 iu

153 2742 230 2771 tres
255 2734 439 2772 Heuricos
460 2748 565 2784 reges
585 2748 606 2772 e
632 2734 862 2773 Lancastriae
890 2734 1021 2781 domo,
1048 2735 1209 2771 coulicta
1234 2746 1372 2784 nempe
1400 2730 1448 2769 ab
1472 2728 1619 2768 Ebora-

151 2798 274 2837 censis
288 2798 424 2836 domus
440 2808 477 2837 ct
492 2811 588 2837 rosa:
601 2798 697 2837 albae
714 2798 941 2836 fautoribus.
959 2799 1052 2845 Quae
1073 2798 1215 2846 omnia,
1230 2805 1268 2835 et
1282 2809 1366 2847 quae
1385 2793 1547 2846 plurima
1564 2790 1620 2827 liis

150 2862 285 2901 siuiilia
306 2863 443 2914 passim
466 2863 623 2915 reperiri
644 2864 830 2915 diximus,
859 2864 931 2902 etsi
957 2863 1139 2914 pleraque
1160 2862 1287 2914 inepta
1311 2870 1347 2899 et
1365 2876 1385 2899 a
1411 2867 1545 2897 nostro
1564 2856 1618 2893 iu-

150 2928 281 2967 stituto
295 2929 432 2977 alicua,
451 2929 613 2980 ideoque
629 2938 765 2981 sponte
779 2942 798 2967 a
821 2927 931 2967 uobis
950 2928 1217 2980 praetermissa,
1234 2926 1334 2964 absit
1355 2932 1477 2962 tamen
1497 2929 1536 2959 ut
1553 2920 1618 2957 lio-
