1752 3495
133 226 227 271 240
504 222 585 266 Ar)
620 222 967 268 SIBYLLtNOS
1001 221 1210 266 LIBROS

134 330 246 368 quem
265 329 311 354 ex
351 315 504 353 oraculo
526 317 723 366 quaesitum
743 323 855 365 atque
873 315 1090 360 inventum,
1112 315 1183 352 rite
1205 314 1419 353 dedicatum
1439 331 1587 373 narrat,

133 382 184 419 M.
215 380 343 420 Potito
374 379 421 418 lv
445 378 622 426 consule,
643 378 789 431 Μάρκου
821 376 968 415 Ποτίτου
991 376 1031 415 τὸ
1067 376 1230 430 τέταρτον
1265 378 1495 424 ὑπατεύοντος.
1528 386 1585 423 In.

80 487 87 496 ι
134 443 225 482 cidit
241 451 366 480 nutem
385 442 429 480 L.
445 441 585 480 Valerii
606 442 722 481 Potiti
741 441 833 493 (non
851 440 915 484 M..
935 450 977 478 ut
995 440 1057 477 hie.
1080 440 1322 478 librariorum
1342 454 1449 480 error
1471 458 1589 497 agno-

133 505 292 544 scendus
311 504 381 556 sit)
399 514 555 555 quartus
580 505 815 550 consulatus,
837 504 937 554 imo,
957 504 988 541 si
1008 512 1111 542 recte.
1131 503 1235 554 loqui
1254 517 1407 542 necesse
1427 515 1507 557 est,
1528 512 1589 550 tri.

132 569 298 608 bunatus
310 568 500 607 consulari
519 576 715 619 potestate,
732 567 768 604 in
794 579 934 605 annum
957 566 1061 604 urbis
1081 569 1207 606 llomae
1224 568 1290 617 qui
1310 568 1423 618 vulgo
1442 584 1589 622 ccccm,

134 635 172 672 in
197 634 313 672 Fastis
332 633 593 671 consularibus
613 646 739 670 eccui
762 631 993 670 inscribitur.
1020 632 1061 670 ld
1085 633 1196 682 plane
1220 646 1306 670 cum
1333 634 1471 673 Zosimi
1493 644 1589 678 textu

132 699 320 749 congruit.
345 699 480 736 Verum
500 710 546 735 eo
571 710 670 734 anno
693 696 793 734 nulla
814 709 882 733 nec
903 695 1004 746 apud
1028 696 1174 734 Livium
1198 709 1266 734 nec
1293 697 1394 747 apud
1419 698 1454 736 J.
1475 700 1590 740 Obse-

132 770 308 813 quentem
338 761 479 798 mentio
508 761 547 797 lit
567 759 749 797 librorum
770 759 986 807 aditorum,
1009 767 1050 797 nt
1079 772 1147 797 nec
1172 760 1337 810 prodigii
1366 761 1497 811 ullius,
1525 778 1589 805 nec

133 826 273 871 morbi,
293 840 362 864 nec
379 825 603 863 desectionis
622 825 829 863 sociorum.
850 823 924 862 Sed
944 824 1054 861 tertio
1077 834 1160 874 post
1183 837 1284 861 anno
1308 825 1372 875 qui
1400 827 1514 878 vulgo
1539 840 1590 869 052

134 904 270 935 ccccv,
292 890 328 927 in
352 888 468 927 Fastis
488 900 623 925 cccmv
637 916 648 934 ‚
667 886 787 924 libros
808 899 852 924 ex
870 887 1198 924 senatusconsulto
1218 886 1340 924 aditos
1356 888 1526 929 videmus
1544 893 1589 932 ob

134 967 281 1002 gravem
306 951 577 1003 pestilentiam,
596 963 821 1000 sacrumque
850 950 989 987 sactum
1013 950 1201 1000 Apollini,
1223 951 1383 1001 aliisque
1404 951 1476 991 diis
1503 954 1590 994 dea-

136 1019 303 1068 busque,
324 1030 402 1067 quo
426 1029 514 1053 sane
539 1015 725 1066 respicere
751 1022 962 1066 potuerunt
991 1014 1222 1065 quicumque
1254 1014 1302 1052 ad
1331 1015 1424 1053 illud
1453 1025 1591 1070 tempus

135 1082 321 1132 originem
340 1079 518 1118 ludorum
539 1079 781 1118 Saecularium
801 1079 946 1116 referre
963 1088 1166 1126 conantes,
1192 1078 1264 1116 hoc
1286 1079 1481 1118 oraculum
1509 1095 1592 1132 pro-

134 1146 338 1184 duxerunt.
363 1145 446 1183 Non
481 1143 552 1180 suit
586 1143 651 1180 illo
670 1155 770 1180 anno
795 1141 969 1179 tribunus
997 1140 1159 1179 militum
1183 1141 1225 1180 L.
1247 1143 1417 1181 Valerius
1430 1145 1589 1195 Potitus,

134 1207 200 1246 sed
218 1208 400 1245 suitanno
417 1207 650 1256 insequente,
665 1219 734 1243 nec
753 1214 829 1243 tum
844 1204 981 1252 lV,sed
994 1206 1049 1255 V;
1064 1205 1127 1242 sed
1146 1207 1319 1256 quantuli
1338 1207 1410 1245 hoc
1425 1208 1592 1248 interest?

134 1271 283 1310 Modica
304 1269 475 1320 profecto
504 1282 689 1307 annorum
710 1277 747 1306 et
766 1282 1012 1306 numerorum
1044 1269 1264 1320 intervalla3
1289 1271 1460 1308 modicus
1477 1285 1588 1323 error,

135 1333 165 1370 si
182 1333 266 1383 quis
283 1332 369 1382 suit,
384 1341 420 1370 et
440 1332 478 1369 in
500 1340 573 1369 tam
594 1331 748 1368 remotis
766 1330 1018 1382 temporibus,
1040 1344 1157 1381 quum
1178 1332 1289 1370 etiam
1305 1333 1516 1384 interrupta
1537 1350 1590 1374 es-

133 1405 188 1434 set
207 1395 402 1433 consulum
421 1394 555 1445 series,
581 1395 682 1431 ultro
701 1394 964 1445 ignoscendus.
992 1395 1112 1432 Facile
1131 1395 1249 1446 igitur
1271 1397 1397 1446 potuit
1423 1397 1469 1434 ad
1496 1399 1590 1437 illum

134 1473 274 1497 annum
287 1458 419 1497 referri
432 1458 609 1496 ludorum
621 1457 865 1497 Saecularium
882 1457 1099 1504 celebratio,
1111 1458 1142 1496 si
1155 1459 1239 1509 quis
1250 1472 1315 1497 eos
1332 1467 1406 1497 tam
1424 1462 1590 1511 antiquos

135 1537 216 1562 esse
231 1523 340 1561 vellet
355 1535 365 1570 3
381 1531 496 1573 atque
510 1522 549 1559 id
569 1522 767 1560 videturin
782 1522 906 1559 aninlo
918 1521 1094 1560 babuisse
1108 1525 1170 1573 qui
1186 1524 1330 1573 primus
1345 1537 1492 1562 carmen
1508 1526 1592 1564 illud

136 1586 535 1639 pseudo-Sibyllinum
556 1586 759 1634 confinxit,
780 1587 846 1637 qui
864 1587 975 1624 etiam
992 1587 1143 1624 Zosimo
1166 1588 1280 1626 fuisse
1304 1588 1455 1627 videtur
1469 1600 1591 1629 auctor

135 1654 210 1692 huc
231 1652 416 1692 asserendi
433 1660 611 1703 quartum
628 1652 862 1690 consulatum
874 1652 1014 1690 Valerii
1032 1653 1163 1692 Potiti.
1180 1654 1317 1692 Verum
1338 1654 1437 1692 idem
1455 1665 1590 1707 auctor,

135 1725 179 1755 ut
201 1729 347 1754 sacrum
369 1715 462 1753 illud
481 1728 580 1753 anno
596 1727 711 1752 eccm
740 1728 761 1752 e
792 1728 975 1765 responso
994 1714 1182 1766 Sibyllino
1204 1716 1435 1755 celebratum
1459 1719 1504 1756 ad
1526 1722 1592 1759 Sa:-

136 1782 300 1820 cularem
321 1780 559 1819 festivitatem
583 1779 794 1825 reduceret,
811 1792 886 1817 non
908 1779 1034 1832 potuit
1051 1780 1142 1831 quin
1165 1780 1263 1819 Livii
1285 1781 1407 1821 verbis
1428 1783 1503 1821 vim
1524 1798 1592 1822 ma·

136 1858 247 1897 gnam
276 1845 451 1892 afferret,
480 1852 518 1881 et
545 1843 758 1895 pontificios
779 1844 953 1892 annales,
983 1857 1078 1895 quos
1106 1845 1234 1883 Livius
1265 1845 1366 1884 bona
1398 1847 1469 1885 fide
1496 1849 1591 1899 sequi

139 1911 291 1956 maluit,
312 1911 349 1948 in
381 1910 572 1961 plerisque
594 1909 799 1948 desereret.
821 1910 914 1948 Nam
939 1910 969 1948 si
993 1909 1083 1947 fides
1103 1910 1309 1959 historico,
1335 1912 1591 1951 lectisternium

139 1984 228 2013 tunc
246 1975 408 2026 primum
434 1988 478 2012 ex
499 1973 826 2012 senatusconsulto
843 1973 980 2012 sactum
998 1982 1052 2012 est
1069 1975 1254 2026 Apollini,
1275 1976 1442 2024 Latonae,
1458 1978 1590 2024 Dianae,

141 2039 315 2086 Herculi,
335 2038 544 2084 Mercurio,
563 2039 753 2089 Neptuno.
778 2039 806 2077 Ε
823 2039 1042 2089 Phlegontis
1064 2048 1189 2077 autem
1208 2042 1364 2078 oraculo
1392 2042 1590 2080 faciendum

140 2104 270 2141 fuisset
295 2104 424 2141 Parcis
454 2104 644 2154 primum3
667 2102 806 2140 deinde
832 2103 1012 2154 llitliyiae,
1043 2117 1128 2154 quae
1161 2105 1338 2144 Romanis
1361 2106 1502 2144 Lucina
1523 2115 1590 2154 est3

141 2168 279 2206 deinde
292 2168 379 2207 Jovi
393 2177 429 2206 et
441 2167 604 2216 Junoni3
619 2167 755 2205 deinde
770 2167 916 2205 Phoebo
929 2169 1109 2219 Apollini,
1123 2169 1189 2219 qui
1205 2178 1242 2207 et
1252 2169 1316 2208 Sol
1332 2170 1483 2209 dicitnr.
1494 2170 1592 2209 Vides

140 2233 234 2271 alios
253 2232 344 2270 deos
357 2233 546 2282 aliumque
560 2232 655 2270 sacri
673 2232 786 2270 totius
801 2232 980 2278 colorem.
995 2232 1095 2278 Quid
1111 2235 1395 2284 ergo?Secntus
1408 2244 1464 2273 est
1477 2244 1593 2273 auctor

140 2298 337 2344 carminis,
358 2297 587 2348 quicumque
624 2296 717 2344 fuit,
743 2296 806 2334 sed
826 2298 996 2347 Augusto
1028 2310 1186 2349 suppar,
1208 2308 1250 2336 ut
1270 2299 1448 2348 diximus,
1467 2313 1593 2337 memo-

143 2363 235 2400 riam
255 2362 426 2413 priorum
443 2361 687 2399 Saecularium
705 2373 897 2398 sacrorum
915 2375 999 2412 quse
1016 2375 1118 2399 anno
1135 2363 1264 2401 llomae
1282 2377 1404 2401 ncvxu
1420 2364 1594 2402 celebrata

143 2428 314 2472 fuerant3
337 2427 476 2464 similes
493 2425 590 2463 ritus
606 2425 682 2463 suis
704 2425 876 2463 versibus
895 2427 1108 2476 exprimere
1126 2428 1215 2466 satis
1235 2428 1390 2475 habuit,
1405 2442 1474 2467 nec
1493 2440 1594 2466 cura-

141 2490 195 2527 vit
216 2504 261 2528 an
286 2503 329 2528 ea
346 2503 449 2528 sacra
469 2502 598 2540 eaeque
614 2489 837 2527 caerimoniae
857 2502 941 2527 cum
960 2491 1189 2541 antiquioris
1208 2499 1246 2529 et
1266 2492 1496 2530 obscurioris
1517 2490 1592 2528 sacti

147 2554 350 2592 traditione
370 2554 633 2593 convenirent.

198 2619 284 2656 Haec
306 2618 352 2655 ad
375 2618 523 2670 priores
540 2617 684 2656 accedit
698 2631 824 2668 causa,
845 2632 913 2657 cur
931 2620 1172 2670 suppositum
1193 2620 1266 2659 hoc
1287 2622 1480 2660 oraculum
1500 2628 1594 2672 pute·
1624 2630 1629 2636 ⁴

145 2694 226 2720 mus
251 2690 288 2720 et
311 2681 347 2718 in
372 2681 528 2731 Augusti
555 2682 711 2732 gratiam
734 2683 1003 2734 conscriptum.
1031 2684 1104 2723 Sed
1133 2685 1304 2736 Phlegon
1335 2686 1500 2724 oblatum
1532 2683 1595 2722 sibi

144 2759 295 2783 carmen
315 2745 454 2796 cupide
476 2745 634 2796 arripuit
647 2774 656 2791 ,
679 2754 720 2783 ut
738 2755 820 2784 erat
839 2747 1079 2785 oraculorum
1103 2758 1249 2786 amator
1268 2749 1547 2801 superstitiosus
1564 2754 1595 2784 et

144 2809 340 2854 fanaticus,
371 2810 579 2860 solitusque
616 2809 734 2848 libros
771 2823 858 2848 suos
897 2810 1114 2862 hujusmodi
1148 2814 1361 2864 rhapsodiis
1398 2812 1594 2852 consen-irc

145 2886 264 2925 usqne
274 2873 321 2912 ad
332 2873 534 2925 legentium
548 2874 751 2925 fastidium,
763 2875 863 2926 quod
876 2876 947 2926 ipsi
961 2877 1215 2929 exprobratur
1226 2891 1246 2915 a
1263 2879 1413 2926 Pliotio,
1439 2875 1592 2915 Bibliotli.
