1686 3500
115 214 208 259 506
505 211 583 256 ΑΙ)
617 209 958 256 SIBYLLINOS
990 209 1195 254 Libuos

114 310 260 348 nullum
281 309 318 347 in
335 310 357 347 λ
377 321 512 347 nomen
536 307 744 346 terminare
761 307 948 347 solebaut0
972 307 1013 346 ln
1033 305 1232 357 Sibyilinis
1247 305 1360 343 etiam
1382 304 1579 343 codicibus

111 373 248 424 saepius
266 371 392 424 Βελίαρ
412 370 568 416 dicitur,
590 379 655 408 aut
672 370 786 410 etiam
800 371 920 409 ionice
940 368 1084 422 Βελίηρ,
1105 368 1169 406 sed
1189 368 1228 406 id
1249 381 1326 406 uno
1345 367 1445 416 loco,
1461 376 1499 406 et
1518 368 1583 406 du·

58 458 66 466 ·
112 436 192 484 bio,
215 436 284 477 lib.
314 435 389 485 111,
413 448 454 476 v.
476 435 548 483 733
568 435 608 473 in
625 435 709 474 aliis
733 436 870 487 passim
895 432 1035 477 Βελίας.
1057 432 1174 484 magis
1193 432 1326 479 attice,
1346 441 1387 471 ut
1407 431 1581 481 Ἀννίὸας,

110 499 333 553 Ἀσδρούὸας,
351 512 471 550 graeca
491 498 680 538 vocabula
705 513 725 538 e
743 498 916 537 barbaris
936 498 1045 536 sacta.
1066 497 1213 545 Latini,
1232 510 1351 548 quum
1378 510 1400 535 a
1419 498 1582 535 nomini·

110 564 182 602 bus
201 564 239 601 in
259 567 275 600 l
295 563 507 601 terminatis
528 563 654 601 minus
675 577 787 615 quam
814 561 935 600 Graeci
955 560 1228 606 abhorrerent,
1253 560 1470 599 hebraicam
1500 562 1581 599 sor-

109 642 207 666 mam
222 627 474 675 retinuerunt,
490 629 628 666 Baial.
647 629 722 667 Nec
743 634 850 664 vacat
868 626 982 675 hujus
1003 626 1166 663 nominis
1180 637 1310 663 omnes
1330 626 1580 677 etymologias

109 694 274 736 referre.
305 706 400 744 quas
427 694 637 744 praesertim
666 700 812 743 repetas
844 692 931 729 licet
958 705 978 729 e
1009 691 1153 729 Gallaeo
1182 690 1229 728 ad
1250 690 1315 729 lib.
1346 691 1396 739 11,
1416 704 1452 729 v.
1491 693 1577 740 167,

105 771 224 809 qiium
242 772 314 796 una
335 758 471 796 ceteris
491 757 666 795 omnibus
683 764 850 808 praestet,
869 769 982 807 quam
998 755 1063 793 dat
1079 755 1331 806 Hieronymus
1351 755 1398 794 de
1418 757 1580 794 nomini·

108 821 181 859 bus
202 820 417 867 Hebraicis,
439 829 477 858 et
496 821 533 858 in
552 820 662 871 epist.
679 819 725 857 ad
742 819 892 870 Epiics„
919 819 989 860 ΙΙΙ).
1008 820 1053 867 ΙΙ,
1066 833 1151 871 cap.
1174 825 1212 867 4,
1241 828 1418 871 tanquam
1440 834 1460 858 e
1479 821 1578 859 dua-

108 885 180 923 bus
203 885 362 924 vocibus
386 886 545 932 Beli-dl,
567 884 604 922 id
627 892 705 929 est.
726 884 806 922 sine
824 882 934 935 jugO.

158 951 298 1001 Utique
327 950 364 988 in
393 950 528 988 veteris
557 949 791 987 Testamenti
811 948 923 987 libris
953 949 1069 987 Belial
1095 957 1148 987 est
1179 948 1378 1000 Improbus,
1405 951 1577 999 im'quus,

105 1016 183 1052 sive
199 1014 432 1064 improbitas,
451 1018 641 1063 iniquitas,
661 1018 852 1064 impietas,
869 1013 1006 1064 saepius
1027 1013 1065 1051 in
1086 1013 1312 1063 compositis
1331 1012 1484 1051 dicendi
1504 1013 1581 1050 sor-

109 1079 220 1116 mulis
239 1081 300 1116 vir
314 1080 580 1128 Bellal,filius
598 1081 745 1126 Belial,
766 1077 813 1115 de
829 1078 982 1115 homine
997 1091 1158 1128 nequam
1173 1086 1211 1115 et
1226 1078 1412 1116 scelerato
1427 1091 1438 1128 3
1459 1078 1579 1116 rarius

108 1142 302 1190 absoiute,
327 1151 367 1180 ut
385 1142 487 1193 apud
508 1143 654 1182 Nahum
676 1142 926 1194 prophetam,
947 1132 1077 1193 cap-1,
1101 1155 1138 1183 v.
1167 1142 1212 1179 15
1236 1156 1274 1182 :«
1291 1142 1389 1189 Quia
1408 1155 1484 1180 non
1507 1142 1581 1179 ad-

106 1208 240 1259 -jiciet
257 1209 354 1246 ultra
375 1218 416 1245 ut
437 1217 675 1259 pertranseat
694 1209 732 1245 in
754 1218 790 1246 te
810 1209 925 1246 Belial
944 1226 981 1256 u,
997 1209 1035 1246 id
1059 1218 1128 1257 est,
1149 1209 1350 1259 iniquitas,
1370 1223 1435 1247 seu
1452 1209 1580 1260 potius

106 1274 254 1311 daemon
287 1281 350 1311 aut
377 1276 508 1323 genius
536 1273 693 1323 quidam
722 1273 951 1324 iniquitatis,
980 1273 1042 1312 Sic
1060 1273 1214 1323 quidem
1237 1275 1274 1311 in
1294 1275 1338 1313 N.
1357 1274 1422 1321 T.,
1441 1287 1578 1311 nomen

105 1337 203 1375 istud
234 1346 461 1388 usurpatum
483 1337 673 1388 reperitur
692 1349 713 1374 a
734 1337 821 1375 divo
849 1338 995 1384 Paulo,
1017 1338 1065 1375 ad
1085 1338 1174 1378 Cor.
1193 1339 1249 1386 ΙΙ,
1270 1352 1353 1389 cap.
1378 1339 1417 1386 6,
1442 1351 1480 1376 v.
1504 1339 1547 1375 15
1569 1352 1577 1377 :

103 1423 117 1436 u
137 1403 231 1449 Quae
248 1412 374 1441 autem
392 1404 595 1440 conventio
616 1402 757 1440 Christi
777 1402 823 1439 ad
846 1403 989 1440 Belial?
1007 1420 1022 1436 u
1046 1415 1122 1453 quo
1141 1403 1226 1441 loco
1246 1402 1439 1441 diabolum
1464 1403 1579 1440 intel-

103 1467 167 1518 ligi
191 1467 254 1505 vix
280 1466 441 1505 dubium
464 1475 546 1505 est:
570 1466 724 1518 quidam
746 1479 839 1505 vero
865 1466 1139 1505 Antichristum
1163 1476 1422 1518 putaverunt,
1448 1481 1490 1505 ac
1514 1468 1577 1505 vix

103 1532 322 1570 dubitamus
339 1532 453 1570 tertio
472 1541 556 1589 post
574 1531 767 1570 Christum
792 1532 930 1570 saeculo
952 1533 1193 1583 praevaluisse
1211 1532 1309 1570 hanc
1326 1533 1576 1580 sententiam,

100 1611 174 1648 qua
195 1598 366 1636 videmus
397 1586 703 1648 praeoccupatum
733 1597 847 1635 fuisse
870 1596 1106 1647 Sibyllistam
1139 1596 1325 1635 librorum
1346 1598 1382 1645 Ι,
1413 1597 1470 1646 11,
1500 1597 1576 1643 ΙΙΙ,

103 1665 125 1713 5
154 1677 185 1708 ι,
205 1662 314 1713 cujus
334 1676 434 1700 nunc
449 1662 621 1700 doctrina
644 1662 883 1700 discutienda
903 1670 973 1702 est.

155 1728 216 1766 Bis
234 1728 295 1766 ille
316 1727 363 1765 de
379 1727 614 1765 Antichristo
635 1727 808 1778 scripsit,
828 1728 944 1765 semel
969 1727 1125 1778 quidem
1148 1726 1246 1766 libro
1267 1728 1313 1773 ΙΙ,
1337 1741 1370 1769 ν,
1403 1728 1484 1775 167,
1503 1740 1574 1777 sq„

103 1787 359 1843 ubi'panculis
380 1790 507 1829 verbis
526 1791 606 1829 liaec
624 1800 765 1829 tantum
782 1791 897 1829 habet
919 1805 929 1831 ε
960 1821 962 1823 »

262 1854 332 1895 Καὶ
354 1855 481 1908 Βελίαρ
499 1857 528 1893 θ’
549 1855 645 1902 ἥξει,
671 1854 729 1893 καὶ
750 1855 893 1906 σήματα
909 1854 1023 1894 πολλὰ
1041 1855 1178 1903 ποιήσει

260 1919 477 1973 Ἀνθρώποις.

104 1985 241 2023 iterum
261 1984 360 2022 libro
380 1985 455 2031 ΙΙΙ,
477 1983 543 2022 ubi
565 1985 676 2036 longe
698 1985 892 2036 copiosior
915 1992 996 2029 est,
1018 1997 1052 2021 v.
1073 1984 1139 2034 63,
1160 1996 1239 2034 sqq.
1260 1999 1266 2020 :

264 2049 332 2087 Ἐκ
349 2050 385 2087 δὲ
408 2048 641 2096 Σεὸαστηνῶν
657 2049 731 2097 ἥξει
749 2049 876 2102 Βελίαρ
901 2048 1129 2099 μετόπισθεν,

261 2116 331 2154 Καὶ
354 2116 474 2163 στήσει
491 2116 597 2170 ὀρέων
615 2116 697 2171 ὕψος
709 2147 718 2165 ,
736 2118 856 2163 στήσει
879 2116 915 2155 δὲ
936 2116 1132 2161 Θάλασσαν,

264 2181 334 2221 Καὶ
353 2181 474 2225 νέκυας
493 2181 632 2229 στήσει,
653 2182 712 2221 καὶ
727 2181 871 2234 σήματα
891 2180 1005 2220 πολλὰ
1024 2181 1162 2228 ποιήσει

263 2247 487 2298 Ἁνθρώποις·
509 2248 585 2285 ἀλλ’
599 2247 676 2299 οὐχὶ
694 2246 884 2300 τελεσφόρα
904 2246 1015 2285 ἔσσετ’
1036 2248 1070 2284 ἐν
1090 2247 1204 2298 αὐτῷ,

263 2311 364 2350 Ἀλλὰ
381 2312 496 2350 πλάναι
509 2326 516 2333 ·
538 2310 595 2349 καὶ
617 2311 657 2359 δὴ
680 2311 833 2364 μέροπας
852 2310 998 2354 πολλούς
1016 2326 1054 2349 τε
1074 2309 1245 2357 πλανήσει
1262 2340 1272 2358 ,

262 2376 407 2417 Ιῖιστούς
425 2376 456 2413 τ’
474 2374 652 2418 ἐκλεκτούς
668 2375 698 2412 0’
712 2375 897 2427 Ἱίὅραίους
909 2405 919 2422 ,
939 2374 1088 2425 ἀνόμους
1110 2390 1145 2413 τε
1170 2376 1229 2413 καὶ
1248 2374 1373 2417 ἄλλους

266 2438 421 2492 Ἀνέρας,
441 2438 561 2484 οἵτινες
580 2439 676 2478 οὔπω
699 2441 791 2479 Θεοῦ
811 2439 912 2491 λόγον
933 2439 1161 2486 εἰσήκουσαν.
1178 2468 1186 2476 .
1204 2469 1213 2478 .

109 2502 334 2552 Quanquam
366 2503 462 2541 duos
481 2503 570 2541 istos
584 2504 688 2541 locos
707 2505 797 2541 olim
820 2505 1118 2542 monstravimus
1137 2516 1253 2542 unum
1273 2511 1388 2555 atque
1406 2502 1582 2542 eumdem

110 2579 204 2612 csse,
222 2567 398 2618 primitus
413 2569 559 2619 quippe
577 2568 675 2607 libro
690 2570 860 2607 secundo
881 2578 1004 2607 totum
1018 2569 1219 2615 insertum,
1235 2569 1336 2607 unde
1349 2568 1481 2606 reiicto
1496 2574 1581 2619 post

110 2643 149 2668 se
167 2643 246 2668 uno
265 2644 389 2679 versu,
405 2632 442 2669 in
459 2632 596 2670 librum
615 2634 765 2671 tertium
788 2634 938 2671 transiit
959 2647 966 2669 :
984 2633 1054 2670 cfr.
1083 2633 1168 2672 Exc.
1195 2633 1240 2681 V,
1260 2645 1348 2685 cap.
1370 2646 1429 2672 η.
1449 2632 1578 2672 Solum

110 2695 228 2747 igitur
248 2697 435 2747 posterius
460 2698 713 2748 fragmentum
743 2698 789 2736 ad
813 2706 940 2749 partes
968 2698 1183 2737 vocandum
1204 2708 1259 2737 est
1284 2713 1292 2737 z
1322 2706 1438 2750 atque
1468 2697 1506 2736 in
1535 2709 1580 2734 eo

94 2798 95 2801 ,
113 2769 230 2800 totam
252 2761 380 2800 licebit
398 2763 588 2810 invenire,
611 2777 722 2814 quam
738 2764 935 2811 finximus,
958 2765 1182 2803 Antichristi
1203 2765 1317 2804 Beiiai
1332 2763 1548 2815 imaginem.

166 2827 302 2866 Oritur
323 2827 386 2865 ille
406 2827 546 2880 impius
562 2828 600 2866 ἐκ
622 2827 875 2878 Σεὸαστηνῶν,
892 2829 996 2881 quod
1019 2843 1089 2868 nos
1110 2830 1200 2868 olim
1225 2830 1319 2868 male
1340 2827 1582 2867 vertebamus

114 2910 128 2926 ι
147 2893 401 2943 Augustorum
427 2893 472 2931 de
493 2894 678 2940 semine»,
701 2907 817 2945 quium
840 2895 885 2932 ad
909 2895 1183 2934 Antii-hristum
1204 2897 1394 2934 Neronem
1413 2892 1580 2943 respice-
