1752 3495
663 225 972 271 EXCURSUS*
996 225 1050 271 l.'
1511 223 1574 274 '25

117 327 232 368 clides
244 359 255 378 ,
278 328 316 366 in
332 339 400 366 suo
417 324 464 363 de
493 321 665 363 Oraculis
679 321 796 375 libro,
815 322 1021 374 Erythraeae
1032 321 1184 375 Sibyllae
1199 333 1237 364 et
1250 325 1438 378 Phrygiae.
1454 325 1575 364 Porro

118 391 223 430 nulla
243 390 391 429 videtur
405 399 487 426 esse
506 398 619 424 causa
640 399 711 424 cur
727 398 804 424 non
822 386 1031 439 Phrygiam
1052 385 1152 424 illam
1172 388 1340 428 eamdem
1359 402 1439 429 esse
1465 396 1574 441 pute·

118 470 201 495 mus
220 469 333 508 quam
358 451 655 502 llellespoutiam
683 451 808 491 Varro
836 465 883 490 ex
914 451 1093 502 ejusdem'
1114 452 1279 490 auctoris
1305 453 1376 493 fide
1400 452 1575 501 vocavit,

117 534 230 573 quam
247 517 449 573 Pausanias
469 516 677 554 Mermesso
694 515 911 565 oriundam,
928 515 1087 554 forsitan
1107 515 1241 554 eodem
1258 524 1364 565 teste,
1381 519 1484 559 feeit.
1500 517 1575 557 Sed

116 600 199 624 eam
215 590 370 638 apparet
384 581 432 620 ab
451 580 651 619 Heraclide
670 581 724 620 sic
741 594 822 619 esse
837 589 1096 628 memoratam,
1114 589 1292 632 tanquam
1312 580 1359 619 ab
1381 582 1577 634 Erythraea

115 651 301 690 diversam
315 677 325 695 ,
346 647 446 686 unde
464 648 700 699 suspicamur
723 647 888 698 tetigisse
903 647 982 698 jam
1004 655 1083 684 tum
1105 645 1340 684 Heraclidem
1361 645 1408 683 de
1428 645 1576 683 illarum

114 716 342 767 Sibyllarum
361 712 506 763 origine
524 712 843 758 controversiam,
863 725 946 762 quae
964 720 1095 763 postea
1109 709 1158 749 ab
1177 709 1444 749 Alexandrinis
1459 710 1577 747 Troa-

115 780 174 818 dis
189 793 273 817 cum
294 776 502 828 Erythraeis
520 775 690 827 litigandi
711 789 821 814 causa
841 776 927 814 suit.

166 843 393 883 Conferatur
415 854 519 879 nunc
542 841 748 893 Dionysius
781 840 1111 887 Halicarnasseus,
1139 839 1266 890 Antiq.
1299 837 1367 876 lib.
1395 838 1433 885 1,
1463 837 1577 888 §55‚

113 908 176 948 ed.
199 908 319 946 Reisk.
350 907 385 945 Is
402 905 555 944 oracula
575 918 878 943 commemorans
902 904 1028 943 AEneae
1048 894 1302 956 proficiscenti
1318 902 1404 941 data
1420 933 1430 952 ,
1447 902 1495 940 de
1512 915 1578 940 sue

115 974 223 1023 fosta,
249 972 296 1010 de
316 970 454 1008 mensis
484 969 746 1016 comedendis,
773 969 922 1020 aliaque
939 983 987 1008 ex
1021 968 1166 1020 Virgilii
1197 967 1404 1020 praesertim
1421 966 1578 1005 AEneide

112 1040 201 1075 satis
222 1045 332 1082 nota,
354 1035 407 1073 sic
426 1035 506 1073 ait:
528 1028 597 1074 Ἦν
613 1034 679 1087 γάρ
705 1050 738 1073 τι
759 1033 927 1087 θέσφατον
946 1034 1081 1081 αὐτοῖς,
1103 1035 1150 1077 ὡς
1170 1031 1233 1085 μέν
1256 1047 1345 1077 τινες
1366 1031 1522 1083 λέγουσιν
1542 1032 1594 1070 ἐν,

112 1101 263 1153 Δωδώνῃ
282 1099 480 1151 γενόμενον,
509 1101 554 1143 ὡς
581 1100 612 1137 δ’
626 1098 734 1153 ἕτεροι
755 1097 955 1152 γράφουσιν,
977 1100 1012 1137 ἐν
1033 1097 1216 1152 Ἐρυθραῖς
1243 1097 1370 1151 σχεδίῳ
1388 1099 1450 1144 τῆς
1463 1093 1578 1144 Ἴδης,

111 1165 190 1202 ἔνθα
210 1162 292 1217 ᾤκει
307 1162 463 1203 Σίόυλλα
481 1162 654 1216 ἐπιχωρία
670 1161 799 1215 Νύμφη
816 1159 1026 1215 χρησμῳδὸς
1040 1161 1086 1208 ,ἢ
1107 1162 1218 1204 αὐτοῖς
1233 1159 1381 1214 ἔφρασε,
1404 1161 1502 1199 πλεῖν
1521 1160 1578 1198 ἐπὶ

112 1229 264 1279 δυσμῶν,
289 1243 321 1266 κ.
337 1243 368 1266 τ.
387 1228 426 1268 λ.
454 1227 511 1266 En
538 1227 628 1265 satis
654 1235 827 1278 apertam
860 1226 1090 1264 mentionem
1123 1225 1276 1277 Sibyllae
1307 1235 1446 1264 nostrae
1475 1228 1579 1263 Mer-

111 1293 275 1342 messiae,
304 1293 377 1332 nisi
406 1291 512 1343 quod
536 1291 623 1330 urbi
644 1293 725 1340 ejus
748 1292 897 1342 patriae,
926 1300 1095 1329 ceterum
1120 1291 1262 1342 optime
1287 1291 1361 1329 situ
1391 1303 1461 1328 suo
1481 1289 1580 1327 desi-

109 1365 229 1407 gnatae
254 1357 440 1406 facileque
460 1356 726 1407 agnoscendae,
747 1369 884 1393 nomen
913 1355 1166 1406 Erythrarum
1188 1369 1259 1406 pro
1279 1355 1485 1394 Mermesso
1504 1353 1579 1391 huc

109 1421 253 1458 illatum
275 1429 345 1468 est,
367 1420 552 1458 incertum
574 1433 650 1471 qua
667 1420 892 1458 auctoritate
910 1428 948 1457 et
969 1418 1128 1459 sortasse
1151 1419 1278 1470 nulla,
1299 1419 1364 1457 sed
1385 1432 1463 1470 quo
1484 1418 1580 1457 saci-

111 1486 182 1523 lius
209 1485 414 1536 Erythraeae
430 1499 568 1523 nomen
598 1485 839 1523 notissimum
865 1493 903 1522 et
922 1484 1171 1523 clarissimum
1201 1484 1246 1522 ad
1267 1485 1369 1522 illam
1397 1483 1578 1534 Sibyllam

111 1551 392 1591 transferretur.
424 1554 610 1590 Auctores
639 1559 762 1589 tamen
790 1550 938 1601 aliquos
965 1551 1073 1602 sequi
1099 1564 1138 1589 se
1161 1549 1328 1589 declarat
1349 1549 1578 1601 Dionysius,

108 1629 225 1666 quum
244 1616 351 1654 addit
372 1631 380 1654 τ
400 1617 446 1660 ὡς
476 1616 506 1654 δ’
526 1615 634 1669 ἕτεροι
660 1614 863 1668 γράφουσιν,
881 1623 919 1652 et
939 1615 1099 1654 fortasse
1119 1616 1192 1653 hoc
1217 1628 1373 1667 quoque
1393 1614 1442 1653 ab
1464 1616 1578 1653 Hera·

107 1682 205 1720 elide
236 1696 353 1733 supra
383 1683 498 1721 citato
535 1690 744 1733 acceperat.
785 1680 859 1720 Sed
889 1681 1080 1719 Heraclidi
1111 1695 1189 1719 non
1221 1681 1396 1719 videmus
1422 1681 1578 1733 quinam

107 1755 281 1785 auctores
310 1759 391 1786 esse
408 1747 622 1798 potuerint,
646 1747 719 1784 nisi
749 1745 892 1798 Cyclici
921 1755 1063 1798 poetae,
1082 1746 1149 1798 qui
1179 1746 1249 1784 soli
1276 1745 1444 1784 fabulam
1474 1746 1577 1784 illam

107 1812 164 1849 vel
181 1812 333 1863 poetica
353 1810 531 1850 libertate
550 1811 808 1861 comminisci,
829 1811 887 1848 vel
905 1824 953 1848 ex
971 1810 1097 1861 aliqua
1114 1811 1154 1848 in
1173 1810 1325 1849 Troade
1341 1818 1491 1849 servata
1508 1818 1579 1848 tra·

106 1876 249 1914 ditione
270 1875 413 1914 referre
433 1876 472 1914 in
493 1889 581 1914 suos
600 1888 730 1914 versus
748 1883 973 1926 potuerunt.

158 1944 206 1980 At
223 1941 426 1992 Virgilius,
455 1940 521 1992 qui
551 1941 670 1978 multa
694 1953 715 1978 a
739 1939 900 1990 Cyclicis
920 1938 1085 1976 mutuari
1109 1938 1216 1986 solet,
1235 1937 1284 1976 de
1312 1951 1496 1990 responso
1522 1938 1579 1977 Si-

104 2007 249 2057 byllino
268 2006 444 2058 Trojanis
462 2007 501 2043 in
521 2019 588 2044 sua
610 2015 710 2044 terra
725 2005 814 2042 dato
834 2017 992 2055 prorsus
1012 2003 1170 2052 reticet3
1190 2016 1260 2040 nec
1285 2003 1440 2051 mirum,
1460 2017 1578 2054 quum

107 2080 225 2110 totam
256 2071 357 2109 illam
385 2070 649 2122 propheticam
678 2068 953 2120 mythologiam
984 2067 1033 2105 ad
1055 2067 1167 2105 aliam
1187 2066 1371 2118 Sibyllam
1400 2067 1577 2107 Romanis

106 2138 291 2176 notiorem
305 2165 317 2185 ,
347 2138 554 2176 Cumanam
571 2149 732 2188 nempe,
761 2135 966 2173 transferre
988 2133 1113 2172 vellet.
1133 2134 1312 2172 Ceterum
1334 2146 1409 2171 non
1425 2134 1577 2185 ignora-

104 2201 168 2239 bat
187 2202 226 2239 id
244 2201 348 2253 quod
367 2214 522 2253 prorsus
539 2201 783 2251 Dionysiana}
803 2199 999 2238 traditioni
1017 2199 1208 2246 convenit,
1225 2198 1430 2249 Trojanos,
1453 2198 1577 2238 excisa

106 2267 246 2317 patria,
281 2280 357 2304 non
383 2266 509 2304 statim
531 2280 576 2304 ex
602 2266 690 2303 Asia
709 2265 947 2316 profugisse,
979 2263 1045 2301 sed
1075 2263 1114 2301 in
1143 2262 1220 2301 Idae
1249 2262 1407 2301 saltibus
1426 2263 1511 2301 altis
1539 2271 1576 2302 et

105 2339 238 2368 natura
268 2331 424 2369 munitis
443 2339 705 2382 opportunum
735 2330 832 2380 suga:
856 2338 1005 2379 tempus
1024 2337 1283 2378 exspectasse,
1303 2328 1371 2366 uhi
1388 2327 1574 2378 Sibyllam

106 2394 358 2432 Met-messiam
387 2394 588 2432 consulere
616 2394 724 2432 facile
752 2401 972 2444 potuerunt.
1001 2393 1124 2443 Atque
1145 2392 1228 2430 illos
1247 2391 1301 2431 ibi
1320 2392 1493 2443 hyemem
1516 2401 1572 2432 to-

105 2466 179 2495 tam
198 2468 452 2497 commoratos
475 2459 605 2509 fingit,
626 2458 712 2497 AEn.
731 2458 802 2506 111,
823 2471 861 2496 v.
888 2458 925 2504 5,
944 2469 1050 2506 sqq.:

835 2521 1077 2572 Classenlque
1101 2519 1172 2557 sub
1189 2522 1271 2571 ipsa

335 2587 534 2625 Antandro
554 2594 592 2625 et
609 2586 785 2637 Phrygiae
802 2586 981 2623 molimur
1000 2583 1194 2622 montibus
1217 2585 1306 2625 Idae.

343 2679 700 2692 ..............
726 2651 799 2689 Vix
817 2651 940 2702 prima
957 2651 1152 2701 inceperat
1172 2659 1292 2697 aestas,

340 2718 387 2756 Et
408 2726 516 2769 pater
533 2716 715 2755 Anchises
733 2717 823 2754 dare
844 2716 966 2754 ventis
987 2715 1067 2753 vela
1086 2713 1259 2766 jubebat.

157 2781 228 2819 Alii
247 2781 355 2820 aliter
375 2796 383 2818 :
401 2796 488 2819 nam
505 2781 745 2833 Palaephatus
763 2780 938 2818 laudatus
954 2793 975 2818 a
992 2779 1126 2817 Servio
1148 2779 1196 2816 ad
1216 2778 1300 2817 AEn.
1316 2779 1339 2818 l.
1359 2779 1438 2829 cit„
1453 2780 1569 2818 trium

107 2856 288 2884 annorum
310 2860 454 2884 moram
476 2854 725 2885 concesserat.
746 2846 845 2892 Quin
867 2855 903 2884 et
918 2843 1071 2892 Strabo,
1093 2843 1156 2883 lib.
1173 2845 1281 2890 XlIl,
1299 2858 1337 2896 p.
1358 2845 1568 2891 608,·reli-

106 2921 218 2958 quim]
237 2923 346 2949 omne
365 2911 450 2950 vitae
470 2912 629 2962 spatium
661 2910 812 2948 AEneam
833 2910 870 2947 in
900 2909 1070 2957 Troade,
1092 2909 1125 2946 ἐν
1159 2910 1201 2959 τῇ
1230 2908 1359 2962 Τροίᾳ,
1393 2921 1567 2960 regnasse
