1686 3500
534 187 537 192 ⁷
602 168 1008 217 EXCURSUSN.
1091 193 1095 198 ·
1454 169 1545 216 369

291 262 356 303 Ἐκ
373 264 442 302 τῶν
459 262 500 310 δὴ
520 265 662 314 γενεῆς,
678 279 713 305 κ.
732 279 766 303 τ.
788 265 821 304 λ.

87 332 142 372 An
160 327 398 380 Epiphanem
419 329 556 380 ipsum,
577 332 624 367 a'n
646 328 728 380 ejus
743 337 931 380 posteros,
952 328 1057 366 αὐτοῦ
1074 327 1193 379 γένος,
1208 342 1230 368 a
1248 329 1470 370 Judaeorum
1490 342 1553 368 so-

85 396 169 435 bole
188 394 455 445 interemptum
473 392 520 431 iri
536 393 677 432 cecinit
692 393 854 432 Noster?
868 393 1030 431 Temere
1048 391 1122 430 hoc
1137 391 1263 432 forsan
1279 422 1291 442 ,
1309 394 1364 433 ira
1384 394 1443 434 vel
1460 394 1551 434 odio

84 466 322 512 suggerente,
348 457 582 510 praedixerit.
614 459 698 497 Non
724 457 883 496 multum
907 456 1055 509 placet3
1082 465 1325 498 esto-tamen.
1354 459 1426 499 Sed
1453 459 1548 499 illud

84 524 217 565 deinde
236 523 330 575 quid
349 523 421 562 sibi
440 523 546 561 vult?
1137 536 1139 538 ’

289 586 400 640 Κόψει
414 585 607 640 πορφυρέης
623 588 741 638 γενεῆς
758 587 925 639 γενετῆρα
941 577 1120 639 μαχητῆν.

86 653 312 695 Antiochum
326 667 418 693 sane
438 654 565 692 vocari
583 653 711 692 dicent
731 666 936 705 purpureae
952 653 1083 705 stirpis
1102 661 1312 694 auctorem.
1331 655 1383 694 At
1401 654 1433 693 si
1454 655 1552 708 haec,

85 718 184 772 qnod
205 717 268 757 isti
297 717 559 765 contendunt,
587 716 635 756 ab
665 717 801 756 eodeni
830 716 1024 769 Sibyllista
1051 718 1194 769 scripta
1225 726 1313 757 sunt
1339 718 1406 770 qui
1426 729 1552 770 partes

85 782 193 833 hujus
213 781 302 820 libri
330 782 353 832 §
388 794 410 819 2
435 789 473 820 et
503 787 523 826 l.
561 781 735 820 condidit
758 782 897 833 (paulo
928 782 1048 833 igitur
1066 790 1153 833 post
1177 782 1346 833 priorem
1374 783 1554 823 Antiochi

85 845 380 899 expeditionem,
400 853 576 897 utsupra
597 846 741 884 dictum
759 853 840 894 est,
866 858 952 896 cap.
988 843 1037 897 ι),
1059 844 1255 895 quomodo
1277 845 1409 884 vivens
1429 845 1554 886 adhuc

86 920 121 951 et
139 923 295 962 regnans
317 910 528 950 Antiochus
549 911 745 964 πορφυρέης
763 912 882 959 γενεῆς
900 919 1009 962 pater
1026 907 1102 948 dici
1128 910 1275 962 potuit,
1293 923 1410 961 quum
1431 910 1556 950 infans

86 977 162 1028 ejus
182 975 381 1027 progenies
399 976 557 1013 vixdum
573 975 678 1026 Syris
696 975 789 1027 ipsis
808 975 1019 1013 innotuisse
1037 983 1181 1026 posset,
1197 974 1343 1027 quippe
1365 974 1427 1013 cui
1446 988 1554 1013 mor-

88 1050 148 1079 tuo
173 1040 291 1078 lilium
310 1053 426 1078 unum
446 1040 679 1092 superfuisse
712 1040 853 1078 scimus
878 1040 1095 1091 liupatoni,
1115 1047 1254 1078 tenerae
1283 1039 1409 1079 adhuc
1436 1039 1576 1079 aetatis'

87 1120 242 1160 puerum
258 1108 274 1145 Ρ
289 1106 532 1146 Concedatur
554 1114 680 1145 tamen
705 1106 780 1145 hoc
800 1110 924 1145 etiam.
951 1107 998 1144 At
1023 1106 1062 1145 in
1083 1107 1260 1159 proximo
1282 1120 1394 1146 versu
1413 1107 1557 1147 nemini

86 1185 171 1211 sane
187 1171 438 1223 probabitur,
454 1172 707 1219 Antiochum,
729 1172 840 1224 pueri
861 1172 1078 1211 innocentis
1103 1181 1278 1224 patrem,
1293 1186 1362 1224 per
1380 1172 1478 1212 filios
1495 1173 1556 1211 in·-

88 1238 282 1277 teriturum
307 1236 464 1289 praedici
488 1251 497 1275 ι

290 1301 424 1345 Καῦτὸς
438 1304 498 1356 ἀφ’
518 1303 600 1341 υἱῶν
608 1330 725 1342 .....
753 1305 900 1357 <potitam

135 1368 239 1406 Duos
260 1375 386 1405 tamen
410 1366 524 1418 hujus
544 1367 618 1406 loci
639 1381 768 1407 versus
791 1369 957 1406 fatemur
971 1366 1074 1406 haud
1093 1368 1205 1416 male,
1227 1367 1258 1406 si
1277 1364 1362 1419 quis
1382 1366 1487 1419 velit,
1507 1366 1556 1406 ad

89 1431 310 1472 Antiochum
335 1431 469 1470 referri
491 1444 602 1483 posse
631 1431 764 1484 (neque
784 1433 884 1470 enim
910 1431 937 1470 ii
969 1445 1099 1471 sumus
1127 1430 1267 1484 quibus
1292 1440 1421 1471 nostra
1445 1431 1557 1471 unice

87 1497 275 1549 placeant,
295 1505 360 1535 aut
379 1497 445 1548 qni
464 1496 693 1536 adversariis
725 1497 820 1536 nihil
842 1497 1001 1537 omnino
1025 1497 1455 1549 concessum-velimus),
1486 1496 1560 1536 hos¹

87 1574 232 1613 nempe,
260 1563 333 1612 394
348 1591 358 1608 ,
378 1574 459 1612 sq.:
485 1554 555 1600 Ὧν
581 1559 623 1609 δή
642 1576 708 1615 περ
737 1560 872 1614 γενεὴν,
901 1577 936 1603 κ.
959 1576 994 1602 τ.
1013 1562 1065 1611 λ.,
1084 1561 1114 1600 si
1137 1561 1185 1600 de
1208 1561 1403 1601 Demetrio
1423 1562 1556 1601 Sote-re

87 1627 357 1678 intelligantur,
390 1627 499 1676 cujus
531 1640 621 1664 sane
649 1627 806 1679 stirpem
839 1626 1081 1679 exstinguere
1107 1627 1291 1665 voluisset
1320 1627 1556 1675 Antiochus,

88 1699 125 1729 ut
148 1690 195 1729 ab
214 1690 294 1742 ejus
315 1692 555 1743 metu]suam
581 1691 663 1743 ipsc
694 1700 865 1730 tueretur
896 1692 1135 1744 progeniem.
1168 1696 1222 1731 Ae
1245 1692 1298 1731 sic
1329 1692 1393 1731 illa
1417 1691 1556 1731 deinde

87 1756 118 1794 ἴα
139 1756 234 1810 ῥίζα,
254 1765 293 1796 et
319 1757 384 1794 illa
402 1755 579 1810 πορφυρέη
608 1755 732 1809 γενεή,
761 1757 970 1796 AntiOehus
991 1757 1062 1795 erit
1084 1758 1271 1809 Eupator,
1286 1756 1352 1808 qui
1380 1764 1468 1808 post
1487 1769 1557 1807 pa-

87 1830 173 1859 trem
201 1821 438 1873 Epiphanem
459 1821 569 1859 brevi
590 1834 708 1872 regno
728 1821 932 1859 defunctus
958 1831 1035 1868 est;
1066 1829 1104 1859 et
1131 1822 1197 1859 illo
1222 1822 1348 1859 occiso
1381 1828 1468 1872 post
1486 1820 1555 1859 de·

88 1898 160 1924 cem
181 1886 301 1936 Syriae
321 1899 445 1938 reges,
467 1886 505 1924 ἐκ
519 1884 602 1924 δέκα
622 1884 665 1933 δὴ
685 1884 839 1939 κεράτων
853 1916 864 1934 ,
889 1886 1105 1924 Demetrius
1125 1885 1199 1924 erit
1224 1899 1344 1924 cornu
1365 1884 1458 1924 illud
1482 1884 1555 1924 ad-

90 1951 294 1999 ventitium,
316 1949 418 2004 κέρας
448 1948 727 2003 παραφυόμενον,
755 1963 833 1986 non
859 1949 1011 2000 quidem
1030 1962 1078 1987 ex
1100 1950 1173 1987 alia
1193 1949 1293 2001 regia
1329 1958 1461 2001 gente,
1489 1948 1554 1987 sed

89 2028 130 2053 ex
151 2015 220 2054 alia
252 2015 368 2054 domo
396 2023 514 2053 ortus.
535 2015 635 2053 Satis
659 2023 761 2053 recte
783 2014 862 2052 haec
895 2014 1045 2061 omnia3
1064 2014 1131 2052 sed
1166 2021 1245 2052 tum
1275 2013 1474 2053 restabunt
1500 2012 1557 2051 ni·

89 2080 287 2119 hilominus
308 2079 429 2118 ambae
457 2079 687 2131 quaestiones
706 2092 715 2119 :
740 2080 923 2131 primum,
945 2078 1157 2131 quomodo,
1178 2079 1359 2117 veniente
1388 2091 1436 2117 ex
1465 2078 1552 2117 Asia

89 2146 294 2193 Antiocho,
313 2146 483 2197 potuerit
498 2145 597 2183 Asiae
613 2144 756 2184 bellum
783 2154 821 2183 et
846 2154 990 2196 strages
1010 2145 1139 2183 inferri
1157 2158 1168 2196 3
1187 2145 1339 2192 deinde,
1359 2144 1555 2196 quomodo

90 2211 228 2249 occisus
254 2224 276 2249 a
302 2211 388 2249 filiis
410 2211 576 2262 fingatur
596 2211 821 2250 Antiochus.
847 2211 1023 2262 Denique
1041 2210 1251 2248 notandum
1282 2209 1330 2248 de
1356 2209 1554 2248 Demetrio

91 2275 161 2314 haec
179 2276 301 2328 accipi
326 2289 402 2314 non
421 2289 552 2328 posse,
566 2275 658 2326 quin
679 2276 836 2313 omnino
856 2275 1021 2314 Danielis
1037 2275 1240 2326 prophetae
1260 2273 1415 2326 vestigia
1436 2273 1556 2312 relin-

91 2350 262 2391 quantur,
279 2354 302 2379 a
318 2354 395 2392 quo
415 2348 539 2378 tamen
557 2341 639 2378 solo
654 2339 878 2391 metaphora
898 2339 1028 2378 decem
1046 2353 1233 2377 cornuum
1250 2338 1396 2378 desumi
1413 2339 1553 2390 potuit.

91 2405 234 2457 Quippe
253 2404 356 2457 apud
387 2412 560 2443 sanctum
584 2413 710 2442 vatem
729 2417 848 2442 cornu
879 2403 983 2442 istud
1007 2402 1214 2455 superbum
1247 2412 1363 2455 atque
1391 2403 1551 2455 impium

92 2480 212 2519 aperte
230 2469 442 2508 Antiochus
462 2477 556 2515 erat,
578 2482 656 2506 uon
676 2468 911 2508 Demetrius.
935 2469 983 2507 Et
1002 2467 1107 2519 quod
1127 2469 1292 2506 maxime
1309 2468 1358 2506 ad
1379 2476 1548 2505 nostram

93 2547 163 2571 rem
184 2535 370 2587 pertinet,
398 2535 451 2572 sic
483 2534 636 2572 demum
673 2532 870 2572 fatendum
890 2533 962 2572 erit
982 2546 1057 2571 non
1079 2533 1248 2585 potuisse
1272 2532 1352 2571 baec
1374 2547 1394 2571 a
1414 2532 1546 2583 Sibyl-

92 2597 167 2636 lista
186 2599 300 2638 scribi
318 2607 406 2637 ante
419 2598 565 2638 Soteris
585 2598 624 2636 in
645 2598 773 2637 Asiam
798 2597 976 2646 reditum,
1000 2598 1121 2636 serius
1139 2611 1230 2649 ergo
1251 2611 1364 2649 quam
1383 2599 1550 2649 reliquas

91 2672 206 2714 partes
226 2668 245 2711 §
277 2677 298 2702 2
329 2672 366 2701 et
387 2669 407 2708 4
421 2692 431 2710 ,
458 2671 571 2714 atque
592 2662 679 2701 ideo
698 2662 965 2714 interpolatam
982 2675 1063 2701 esse
1083 2662 1244 2701 mediam
1266 2662 1363 2701 hanc
1379 2671 1550 2714 partem,

93 2731 187 2781 quod
206 2731 320 2770 modo
338 2729 561 2783 negabatur.

139 2798 242 2835 Nunc
262 2797 442 2847 quoniam
463 2795 609 2847 prolixe
639 2795 750 2834 nimis
764 2825 775 2844 ,
796 2794 861 2834 sed
882 2809 923 2834 re
944 2795 995 2834 ita
1014 2804 1186 2847 cogente,
1209 2794 1549 2834 demonstravimus

94 2868 206 2898 totum
226 2861 299 2899 hoc
319 2861 547 2912 Sibyllinum
568 2860 819 2912 fragmentum
840 2875 909 2899 nec
926 2861 972 2900 ‹le
990 2860 1265 2900 Macedonibus
1288 2876 1358 2900 nec
1378 2860 1424 2899 de
1442 2860 1548 2910 Syris

244 2934 320 2978 ΙΙΙ.
1295 2937 1351 2987 24
