1752 3495
743 212 1039 257 excussus
1067 211 1105 257 ἰ.
1405 263 1410 267 ,
1622 215 1648 257 7

197 315 390 353 discedere
406 304 663 352 voluissemus.
682 309 770 356 sed,
788 323 828 348 re
845 311 910 348 diu
929 323 1128 362 perpensa,
1144 313 1386 363 cognovimus
1405 312 1556 351 tandem
1574 326 1649 351 uon

199 391 310 429 posse
325 377 523 416 commode
542 375 587 413 nd
613 374 794 414 Varronis
816 375 1027 426 catalogum
1047 375 1170 426 aptari
1196 377 1320 414 onmia
1336 391 1421 428 quas
1435 377 1484 416 de
1498 377 1651 427 sibyllis

197 441 353 482 dicenda
371 449 512 487 essent,
537 439 716 489 quoniam
738 439 775 494 in
797 438 888 486 hac',
911 452 985 490 qua
1000 430 1343 490 nunc'gaudemus,
1362 442 1503 480 criticae
1519 441 1651 480 erudi-

196 506 349 544 ditionis
369 507 472 552 luce,
500 516 576 540 non
608 502 707 540 idem
734 502 844 540 nobis
865 504 1126 553 propositum,
1149 503 1252 554 quod
1268 503 1357 541 olim
1379 505 1561 552 Varroni,
1589 519 1648 542 see-

197 571 387 621 quendum
413 577 507 608 erat.
585 565 590 571 ’

249 635 369 672 Varro
405 633 548 684 quippe
577 631 741 683 Sibyllas
777 632 904 683 ipsas,
939 632 1069 682 «wales
1103 640 1140 670 et
1172 640 1266 683 quot
1295 632 1372 670 sere
1401 633 1652 683 fingebantur,

197 713 327 737 revera
347 698 437 735 olim
461 697 599 734 vixisse
619 710 690 747 pro
716 706 826 734 certo·
840 705 1031 744 statuens,
1056 697 1288 748 singularum
1307 705 1452 734 oetatem
1471 706 1507 735 et
1532 697 1654 736 histo-

197 764 289 801 riam
307 776 352 800 ex
369 760 494 799 obviis
515 760 652 812 passim
680 760 904 799 testimoniis
923 760 1109 811 expiscari
1127 773 1170 799 ac
1196 773 1304 798 suum
1324 760 1461 812 cuique
1484 761 1653 803 ordinem

198 829 387 878 assignare
417 834 574 864 conatus·
600 836 670 864 est.
698 826 755 864 lta
785 826 974 866 Persicam
1010 828 1180 864 omnium
1217 827 1376 877 primam
1411 826 1652 877 seuitsquod

198 892 299 943 apud
319 891 556 937 Nicanorem,
577 891 648 928 nisi
671 891 853 938 Fallimur,
873 891 1019 941 legisset
1037 891 1229 941 pertinere
1249 904 1331 929 eam
1350 889 1395 928 ud
1413 891 1655 929 remotissima

196 955 458 994 Chaldaeorum
490 963 682 1005 tempora,
705 968 790 992 cum
819 954 959 1005 quibus
983 955 1208 1005 antiquitate
1236 963 1382 992 certare
1405 954 1525 992 Graeci
1554 968 1655 992 nuu-

196 1032 308 1068 quam
328 1018 408 1056 ausi
426 1026 536 1068 suntr,
552 1018 754 1056 secundam
775 1019 965 1070 Libycam,
980 1019 1082 1070 quod
1100 1033 1180 1057 eam
1199 1019 1295 1057 sama
1313 1027 1409 1057 esset
1425 1019 1526 1069 apud
1542 1032 1657 1070 quos-

196 1083 297 1129 dam,
319 1083 371 1120 uti
394 1096 464 1121 nos
481 1083 688 1123 Pausanias
705 1082 854 1129 docuit,
872 1093 959 1121 aute
981 1084 1132 1122 Graecus
1148 1097 1278 1122 omnes
1295 1084 1493 1131 cecinisse3
1509 1084 1656 1122 tertiam

197 1147 438 1197 Delphicam,
453 1147 557 1198 quod
575 1146 704 1185 eadem
724 1147 879 1185 traditio
898 1147 1120 1198 Delphicam
1146 1148 1376 1198 llerophilen
1395 1156 1503 1185 aetate
1532 1148 1660 1198 proxi-

199 1224 295 1247 mam
311 1210 462 1260 Libycae
482 1211 636 1258 faceret;
657 1220 694 1249 et
710 1212 763 1249 sic
778 1225 905 1262 porro.
928 1213 1002 1250 Nos
1018 1222 1157 1254 autem.
1173 1212 1316 1250 etiamsi
1331 1212 1473 1263 Sibylla
1491 1213 1580 1250 olim
1599 1213 1657 1251 vel

196 1274 349 1324 Sibyllae
368 1275 503 1325 aliquae
527 1275 667 1312 alicubi
686 1284 869 1312 terrarum
899 1276 1088 1321 vixerint,
1113 1276 1251 1313 scimus
1276 1276 1416 1313 nullam
1443 1276 1658 1314 historicam

198 1339 309 1376 iidem
329 1340 365 1376 in
392 1340 436 1377 iis
452 1340 695 1390 quaerendam
715 1352 796 1378 esse
823 1354 909 1391 quoe
934 1340 982 1378 de
1007 1340 1079 1378 illis
1107 1340 1328 1378 mulieribus
1348 1349 1575 1390 narrantur3
1598 1343 1658 1378 l'a-

196 1403 330 1440 bulosa
358 1404 485 1441 omnia
511 1405 569 1442 vel
603 1403 739 1442 fabulis
766 1404 882 1442 mixta
911 1418 1011 1454 esse,
1039 1417 1163 1454 neque
1184 1405 1303 1442 ullum
1333 1406 1495 1456 pretium
1521 1403 1660 1442 habere

197 1479 336 1522 praeter
361 1472 482 1523 ipsam
504 1472 769 1522 antiquitatem
792 1488 800 1509 :
824 1473 976 1523 cognitu
1008 1473 1151 1523 quippe
1177 1472 1331 1523 ‹liguum
1351 1486 1445 1517 esse,
1478 1472 1567 1522 quid
1592 1472 1662 1509 hu·

198 1549 307 1572 mana
327 1548 418 1586 gens
438 1536 527 1574 olim
544 1536 766 1584 crediderit,
787 1537 898 1574 etiam
920 1537 1057 1574 falsum
1083 1550 1239 1587 prorsus
1259 1545 1296 1575 et
1313 1537 1436 1577 inane.

251 1601 352 1652 Ergo
382 1614 457 1638 nou
486 1609 560 1638 tam
587 1601 818 1649 Sibyllarum
842 1601 1012 1652 ipsarum
1039 1615 1151 1652 quam
1183 1601 1422 1652 vulgaturum
1447 1601 1494 1639 de
1521 1601 1565 1639 iis
1586 1609 1662 1640 tra-

197 1665 384 1703 ditionum
410 1665 606 1703 historiam
636 1664 956 1716 investigabimus.
974 1666 1116 1702 Harum
1144 1679 1229 1703 vero
1253 1666 1417 1717 origines
1437 1666 1473 1703 in
1496 1666 1540 1703 iis
1561 1679 1662 1717 prae-

197 1730 327 1768 sertim
359 1731 450 1768 locis
483 1744 696 1781 quaeremus
723 1731 788 1781 qni
811 1744 1019 1780 cognomen
1051 1730 1254 1780 unicuique
1280 1729 1435 1782 Sibyllae
1464 1729 1663 1775 dederunt,

144 1844 148 1851 ι
197 1795 282 1845 quis
305 1795 374 1832 scit
394 1808 441 1832 an
462 1803 500 1832 et
519 1795 646 1833 sedem
677 1796 767 1832 olim
789 1804 826 1833 et
849 1795 1110 1833 domicilium?
1129 1795 1217 1834 lllos
1241 1795 1358 1845 igitur
1387 1808 1516 1832 omnes
1545 1798 1664 1838 locos,

198 1860 388 1896 viatorum
413 1859 526 1897 modo
543 1888 553 1905 ,
588 1859 875 1910 peragrahimus
900 1875 908 1897 :
931 1874 1126 1909 quumque
1153 1859 1355 1897 verisimile
1379 1859 1426 1895 sit
1445 1857 1664 1896 traditiones

199 1923 423 1974 plerumque
454 1938 475 1960 a
504 1923 689 1974 proximis
715 1923 762 1960 ad
791 1923 982 1973 proximas
1003 1924 1183 1973 migrasse
1209 1923 1404 1973 regiones,
1433 1922 1471 1959 in
1494 1922 1660 1973 ipsarum

198 1987 364 2037 reliquiis
385 1988 657 2038 conquirendis
677 1988 760 2037 pari
783 1988 856 2033 via,
888 1987 926 2023 id
960 1995 1032 2032 cst,
1063 1987 1321 2037 geographico
1341 1986 1506 2037 quodam
1529 1985 1662 2023 ordine

198 2051 500 2103 progrediemur.
530 2052 587 2089 lta
614 2059 813 2101 postquam
849 2053 980 2100 primae
1011 2050 1190 2101 Sibyllae,
1216 2063 1281 2088 seu
1309 2051 1441 2101 primae
1468 2049 1662 2102 Sibyllinae

200 2116 431 2163 traditionis,
450 2115 685 2153 incunabula*
709 2114 995 2165 quaesierimus,
1019 2114 1108 2152 inde
1128 2115 1288 2165 profecti
1313 2129 1383 2167 per
1402 2128 1533 2153 omnes
1561 2128 1662 2163 oras,
1682 2160 1684 2162 v

199 2181 428 2232 ubicumque
459 2196 598 2220 nomen
631 2181 726 2220 illud
762 2181 917 2232 Sibyllae
935 2180 1174 2228 consederit,
1194 2182 1275 2230 ejus
1303 2181 1460 2232 vestigia
1481 2181 1660 2232 legemus,

198 2255 310 2296 atque
331 2247 380 2284 ita
398 2247 581 2284 continuo
601 2246 762 2284 circuitu
797 2260 817 2282 a
844 2245 986 2283 Graecis
1015 2244 1166 2295 sibyllis
1194 2245 1241 2282 ad
1269 2245 1416 2284 Italicas
1432 2275 1442 2293 ,
1458 2245 1596 2285 deinde
1613 2244 1660 2282 acl

199 2310 381 2349 barbaras
399 2311 470 2349 iter
494 2325 579 2348 cum
601 2312 743 2349 lectore
764 2310 961 2348 faciemus.

886 2466 974 2479 0——

450 2583 560 2639 CA-P.
591 2584 619 2622 l.
638 2585 910 2634 Antiquissima
936 2586 983 2621 de
1002 2583 1155 2629 Sibyllis
1177 2584 1397 2620 testimonia.

251 2704 472 2744 Petentibus
493 2705 691 2756 Sibyllinae
726 2706 940 2745 traditionis
961 2706 1122 2758 primam
1150 2706 1299 2754 sedem,
1327 2717 1477 2743 necesse
1509 2711 1564 2741 est
1586 2702 1660 2740 ini-

198 2772 292 2809 tium
311 2769 504 2822 quaerendi
532 2772 654 2809 facere
675 2771 723 2810 ab
740 2772 1011 2823 antiquissimis
1034 2771 1079 2809 tle
1102 2784 1145 2809 ea
1171 2769 1412 2809 testimoniis.
1434 2770 1555 2807 Porro
1576 2767 1661 2804 licet

200 2847 314 2884 supra
344 2834 552 2872 dixerimus
574 2835 698 2885 ipsum
722 2836 875 2886 Sibyllae
899 2849 1036 2873 nomen
1060 2835 1098 2872 in
1120 2835 1261 2874 Graecia
1277 2832 1542 2886 perantiquum
1561 2843 1660 2874 esse.

200 2897 262 2946 qni
284 2906 405 2936 tamen
436 2899 516 2949 ejus
542 2898 681 2938 diserte
712 2901 945 2949 meminerit,
971 2900 1133 2951 primum
1161 2900 1372 2938 invenimus
1394 2896 1620 2936 Heraclitum
1639 2907 1659 2932 a
