1737 3495
664 209 742 252 At)
778 208 1104 254 EXCURSUM
1141 211 1215 254 tv.
1472 271 1479 281 .
1569 212 1663 260 303

845 317 1011 342 Pznslcstt.

353 386 367 402 ι
384 366 539 418 Virgine
554 375 673 405 matre
688 376 803 415 satus,
822 367 950 419 pando
971 368 1153 406 residebit
1170 368 1287 408 asello
1300 401 1310 421 ‚

352 449 367 465 «ι
384 431 585 471 Jucundus
604 432 806 482 princeps,
827 445 923 470 unus
942 432 1006 482 qui
1025 432 1125 470 serre
1141 434 1297 472 salutem

350 512 364 528 n
385 495 468 534 {tite
483 504 598 546 queat
615 495 748 546 lapsis,
763 504 835 534 etc.
848 514 863 529 υ

851 573 1004 598 mures.

349 641 362 656 κ
381 623 476 661 Ecce
496 623 576 660 dies
599 623 752 661 venient
766 654 776 670 ,
802 637 880 674 quo
901 632 1064 663 :eternus
1083 631 1254 676 tempore
1270 625 1465 678 princeps,
1514 671 1518 674 ,

348 705 364 721 κ
383 687 574 725 irradians
591 696 667 724 satu
688 689 794 737 laetu,
814 698 911 727 etc.»

198 752 419 794 Recentiora
442 759 565 789 tamen
589 752 676 798 ista,
699 751 728 789 si
748 751 806 788 vel
828 765 873 788 ex
904 751 983 801 ipsa
1003 751 1427 804 orationejudicentur,
1454 762 1492 793 et
1519 755 1584 794 vix
1601 769 1666 795 sae·

197 819 280 858 culo
303 818 370 856 XV
392 817 583 854 anteriora
600 847 610 864 ,
638 826 679 854 ut
702 818 829 867 quivis
859 817 972 856 videt.
997 818 1072 862 Qui
1098 818 1209 868 plura
1229 819 1276 856 de
1294 819 1352 857 bis
1384 833 1428 858 ac
1450 820 1588 860 talibus
1603 824 1682 860 vo·⁸
1706 829 1709 832 ⁴

198 883 324 927 luerit,
341 881 451 918 adeat
472 881 676 924 Gallaeum,
700 881 848 918 dissert.
870 880 918 919 de
936 880 1069 931 Sibyll.
1092 894 1174 931 cap.
1194 894 1230 928 α,
1248 895 1334 933 sqq.

245 947 362 988 Nobis
383 947 466 984 finis
490 946 551 983 hic
568 954 647 983 esto
666 959 673 982 :
699 957 822 994 neque
840 945 939 982 enim
970 953 1141 981 nostrum
1160 955 1217 983 est
1240 945 1425 984 absurdas
1444 961 1574 986 omnes
1601 962 1665 987 re-

197 1025 345 1051 censere
365 1010 525 1056 fabulas,
546 1008 698 1060 quibus,
717 1009 844 1046 medio
865 1009 1072 1059 praesertim
1089 1021 1185 1055 aevo,
1206 1009 1438 1058 Sibyllarum
1456 1024 1591 1050 nomen
1609 1013 1666 1050 in-

195 1084 327 1114 sertum
351 1073 420 1110 fuit
438 1087 446 1110 :
465 1081 519 1122 ut,
540 1071 645 1122 quod
666 1070 845 1121 alibijam
868 1071 1106 1117 notavimus,
1127 1070 1236 1108 Fatus
1260 1071 1357 1116 illas,
1372 1072 1581 1112 celebratas
1599 1074 1663 1112 diu

195 1138 502 1186 formidatasque,
527 1135 667 1173 medias
690 1136 834 1172 scilicet
869 1134 968 1171 inter
995 1142 1165 1171 veterum
1198 1135 1384 1185 nymphas
1404 1144 1442 1173 et
1467 1149 1588 1187 sagas,
1605 1137 1666 1176 Si-

196 1203 376 1253 byllarum
406 1199 613 1250 aliquando
643 1199 797 1236 nomine
825 1197 1023 1248 insignitas
1045 1197 1182 1243 fuisse,
1211 1198 1361 1245 Delrio,
1385 1199 1543 1250 disquis,
1567 1213 1665 1252 mag.

193 1265 256 1304 lib.
282 1265 332 1313 ll,
352 1272 485 1314 quaest.
507 1276 576 1310 27,
596 1263 674 1312 §¹2,
698 1270 723 1301 t.
746 1262 805 1310 11,
825 1275 910 1312 pag.
931 1260 1017 1309 705,
1048 1274 1104 1312 sq.
1121 1275 1130 1307 ;
1145 1261 1254 1298 etiam
1288 1262 1400 1300 fuisse
1431 1265 1599 1302 Anconae
1627 1272 1665 1302 et

194 1328 332 1367 Nursiae
352 1328 388 1364 in
408 1326 514 1364 ltalia
533 1325 695 1375 Sibyllas
715 1325 898 1376 quasdam
918 1324 954 1361 in
972 1324 1092 1361 antris
1106 1324 1286 1374 degentes
1302 1326 1407 1374 (nota
1425 1327 1662 1377 superstitem

194 1392 288 1430 antri
311 1391 469 1430 Cumani
495 1391 752 1441 memoriam),
784 1402 867 1440 quae
896 1397 1025 1439 raptos
1049 1388 1096 1425 ad
1117 1403 1157 1425 se
1190 1389 1355 1427 viatores
1376 1390 1660 1441 discerperent,

195 1456 317 1495 Delrio
339 1455 447 1498 ibid.‚
477 1468 563 1505 pag.
586 1456 678 1503 674,
699 1467 784 1505 sqq.
816 1454 1036 1491 Doctiorem
1056 1461 1170 1504 atque
1195 1453 1464 1504 elegantiorem
1496 1454 1662 1493 fabulam

195 1520 321 1558 ultimo
349 1519 501 1556 demum
525 1519 609 1556 loco
631 1530 914 1569 proponemus,
942 1529 1026 1567 quae
1058 1517 1094 1554 in
1127 1517 1233 1555 ltalia
1261 1519 1425 1556 maxime
1453 1518 1664 1568 increbuit,

194 1584 337 1635 sibique
366 1584 580 1635 religiosam
605 1582 810 1633 quamdam
837 1582 1001 1632 speciem
1030 1581 1246 1620 traditionis
1265 1591 1302 1620 et
1325 1593 1661 1622 monumentorum

193 1649 412 1687 auctoritate
438 1647 668 1693 vindicavit3
705 1648 808 1686 illam
831 1661 970 1698 nempe
989 1659 1073 1697 quae
1093 1646 1140 1684 de
1157 1646 1363 1685 Tiburtina
1388 1647 1532 1698 Sibylla
1553 1661 1598 1686 ac
1615 1648 1663 1686 de

194 1717 267 1751 Ara
286 1716 371 1750 coele'
389 1712 505 1764 vulgo
528 1713 660 1751 fertur.

241 1779 300 1817 Sic
321 1781 451 1816 Romae
472 1786 633 1814 vocatur
654 1777 773 1814 altare
787 1776 978 1826 quoddam
992 1805 1005 1824 ‚
1033 1789 1100 1814 seu
1118 1775 1295 1813 sacellum
1316 1775 1426 1814 altari
1444 1775 1661 1815 circumda-

196 1851 292 1889 tum,
317 1843 354 1879 in
384 1843 529 1892 templo
557 1841 617 1879 cui
655 1840 787 1879 titulus
811 1840 901 1877 olim
930 1841 1077 1879 Sanctae
1106 1839 1234 1878 Mariae
1263 1839 1301 1877 in
1322 1840 1537 1891 Capitolio,
1559 1853 1662 1879 nunc

193 1908 331 1944 Sanctae
352 1906 477 1944 Murice
495 1906 532 1942 in
557 1910 629 1943 Ara
647 1905 750 1944 Caeli.
775 1905 886 1942 Fama
901 1912 958 1941 est
982 1912 1108 1942 autem
1130 1903 1284 1941 ibiolim
1305 1917 1407 1941 aram
1423 1903 1472 1941 ub
1491 1908 1662 1954 Augusto

193 1971 333 2009 Caesare
354 1970 519 2020 positam
541 1970 655 2008 fuisse
681 1982 728 2006 ex
757 1969 994 2006 revelatione
1023 1967 1186 2018 quadam
1209 1967 1422 2005 Tiburtinae
1443 1968 1595 2018 Sibyllae
1614 1968 1662 2007 de

194 2035 260 2072 Dei
293 2043 381 2072 tunc
415 2035 452 2071 in
488 2035 599 2072 terris
627 2034 834 2072 exorientis
864 2033 1043 2070 adventu.
1066 2033 1163 2071 Nota
1179 2031 1406 2082 jamdudum
1432 2041 1546 2082 atque
1576 2043 1663 2071 ante

194 2111 337 2136 omnem
364 2099 563 2136 hominum
585 2098 804 2135 memoriam
819 2126 829 2143 ,
849 2105 992 2133 mutata
1023 2096 1194 2134 locorum
1217 2097 1322 2142 facie,
1346 2110 1420 2133 non
1441 2097 1560 2147 ipsam
1581 2098 1662 2135 Au-

195 2163 285 2212 gusti
305 2177 405 2201 aram
431 2163 506 2201 illic
535 2162 706 2212 ostendi,
734 2160 799 2199 sed
822 2161 944 2198 lorum
965 2162 1000 2197 in
1021 2173 1098 2211 quo
1117 2174 1182 2198 ara
1201 2161 1314 2198 fnisse
1333 2160 1464 2200 fertur.
1482 2160 1590 2199 Nunc
1606 2161 1660 2200 ibi

195 2226 322 2264 visitur
339 2227 457 2266 altaro
471 2226 735 2270 christianum,
753 2225 940 2263 columnis
961 2224 1183 2262 marmoreis
1210 2225 1374 2262 cinctum
1387 2253 1397 2272 ,
1416 2226 1566 2276 egregie
1588 2225 1662 2264 illis

194 2291 341 2338 quidem
363 2290 593 2335 fabrefactis,
612 2298 649 2327 et
674 2290 821 2327 tholum
847 2288 1049 2339 quemdam
1072 2288 1664 2340 marmoreumsustentantibus3

194 2353 325 2404 dequo
345 2367 413 2392 nos
431 2354 537 2392 altari
556 2353 662 2404 plura
684 2353 782 2390 infra
805 2352 947 2390 dicturi
968 2365 1108 2390 sumus.
1132 2353 1241 2390 Nunc
1265 2351 1311 2389 de
1341 2353 1458 2402 ipsius
1483 2352 1658 2390 traditio-

195 2420 262 2466 nis,
281 2420 388 2466 eujus
408 2418 499 2457 illud
523 2425 807 2455 monumentum
827 2425 963 2465 exstat,
988 2417 1134 2467 origine
1152 2416 1366 2466 satagimus.

244 2483 354 2534 Atqui
378 2482 491 2533 liujus
513 2482 567 2520 rei
593 2481 878 2532 antiquissimus
902 2480 1018 2518 index
1046 2480 1214 2518 occurrit
1236 2479 1462 2518 'Timotheus
1486 2480 1656 2519 chrono-

194 2547 354 2597 graphus
370 2576 380 2594 ,
416 2546 617 2585 subdubiae
636 2547 777 2594 aetatis,
800 2545 864 2583 sed
894 2545 1096 2584 Justiuiani
1117 2544 1356 2594 temporibus
1373 2545 1492 2596 prior,
1525 2545 1678 2584 citatus.

194 2623 212 2646 a
231 2611 376 2649 Joanne
396 2611 548 2661 Malaia,
572 2610 637 2650 lib.
660 2611 709 2653 X,
737 2625 771 2661 p.
794 2612 882 2656 232,
903 2609 963 2650 ed.
986 2611 1127 2656 Bonn.,
1144 2623 1222 2647 rem
1239 2608 1291 2646 ita
1310 2619 1487 2657 narrante
1504 2610 1539 2647 in
1560 2610 1661 2649 hunc
1714 2607 1717 2610 ’

195 2675 341 2713 modum
364 2691 373 2714 ι
402 2675 447 2716 ‘O
476 2675 511 2713 δὲ
534 2674 728 2725 Αὔγουστος
751 2676 890 2728 Καῖσαρ
910 2674 1138 2717 Ὀκταῧιανὸς
1163 2676 1213 2726 τῷ
1233 2672 1287 2711 νε’
1306 2673 1373 2712 ἔτει
1396 2676 1456 2720 τῆς
1483 2675 1661 2726 βασιλείας

193 2739 303 2786 αὐτοῦ,
325 2739 407 2791 μηνὶ
423 2739 620 2792 ὀκτωὸρίῳ,
642 2741 693 2791 τῷ
722 2738 781 2777 καὶ
805 2738 1072 2791 ὑπερῦερεταίῳ,
1093 2739 1244 2784 ἀπῆλθεν
1266 2740 1315 2782 εἰς
1342 2737 1382 2776 τὸ
1402 2744 1584 2788 μαντεῖον·
1600 2740 1658 2778 καὶ
1693 2725 1701 2736 .

191 2802 332 2848 ποιήσας
355 2803 553 2854 ἓκατόμδην
573 2802 691 2840 Θυσίαν
708 2800 924 2855 ἐπηρώτησε,
945 2802 1008 2846 Τίς
1025 2801 1099 2852 μετ’
1120 2800 1183 2853 ἐμὲ
1206 2801 1402 2853 βασιλεύσει
1417 2805 1480 2849 τῆς
1499 2800 1659 2854 'pt-›guf-

193 2867 250 2910 κ’ἦς
272 2868 462 2910 πολιτείαςς
493 2866 550 2905 καὶ
582 2867 642 2904 οὑκ
673 2866 772 2912 ἐδόθη
796 2867 890 2918 αὐτῷ
919 2865 1098 2917 ἀπόκρισις
1121 2867 1159 2903 ἐκ
1183 2868 1243 2912 τῆς
1272 2866 1419 2910 Πυθίας.
1456 2866 1525 2905 Καὶ
1551 2868 1656 2905 πάλιν
