1752 3495
688 222 995 269 EXCURSUS
1028 226 1060 269 l.
1093 245 1098 249 ·
1547 229 1606 272 75

144 334 236 360 cave
249 320 400 359 dubites
416 317 601 356 veriorem
618 328 698 354 esse
717 317 837 354 lenem
851 318 1042 368 spiritum,
1056 331 1167 368 quem
1179 328 1214 358 et
1229 321 1412 372 Virgilius
1428 320 1610 373 praetulit,

144 394 179 424 et
214 383 390 423 hebraica
411 383 534 420 firmat
553 380 797 431 etymologia.
819 382 920 419 luter
942 381 1139 426 Pletlionis
1156 392 1333 436 excerpta
1355 385 1608 425 Straboniana

146 450 282 496 legitur
297 450 334 486 in
350 446 435 487 cod.
455 445 671 484 Monacensi
689 443 796 484 :‘'On
814 446 1025 498 Καρχηδόνα
1041 444 1191 499 ἐπῴκισι
1210 448 1294 496 γυνὴ
1310 450 1440 501 Τυρία,
1453 449 1607 489 'Ehem

143 513 317 564 τοῦνομα,
351 520 388 549 et
422 518 522 547 recte
553 509 722 559 quidem.
751 511 968 548 Notandum
1008 518 1135 548 autem
1166 510 1273 561 quod
1304 512 1350 550 de
1388 514 1507 553 Elissa
1541 528 1608 554 sua

143 578 280 616 Suidas
299 575 428 614 addit:
461 572 622 625 Ἔγραψε
652 574 815 623 μαντείας
842 575 900 612 καὶ
923 572 1113 627 χρησμούς.
1146 574 1258 621 Quod
1290 575 1349 613 vel
1377 590 1422 614 ex
1455 579 1608 630 ingenio

143 640 361 692 glossatoris
387 637 558 675 additum
582 650 662 675 esse
696 651 847 676 neccsse
874 648 955 684 est,
993 638 1049 675 vel
1077 639 1165 676 olim
1198 638 1268 676 sub
1302 638 1431 677 Elissa²
1456 643 1609 680 nomine

143 707 340 744 cursitasse
357 702 525 748 oracula,
544 714 707 753 quorum
728 716 840 740 nemo
862 703 958 758 alius
978 703 1162 742 meminit.

194 770 310 810 Nobis
343 769 458 819 igitur
491 769 539 806 de
571 768 714 819 Libyca
742 769 883 820 Sibylla
911 769 1037 806 omnis
1065 769 1274 820 disputatio
1306 770 1405 808 intra
1430 770 1609 809 Varronis

142 845 179 873 et
209 834 403 873 Pausaniae
432 834 537 871 locos
556 847 671 884 supra
700 834 834 871 citatos
866 833 1140 872 continebitur.
1173 835 1218 872 Et
1242 835 1436 872 l'ausauiae
1455 835 1609 886 quidem

143 898 419 945 testimouium,
450 911 525 935 non
555 899 643 948 quia
673 899 850 949 gravius,
872 898 937 936 sed
970 899 1061 950 quia
1091 899 1284 950 copiosius
1312 907 1349 937 et
1373 900 1612 950 expressius,

143 963 247 1013 prius
263 976 283 998 a
304 962 415 999 nobis
435 962 668 1001 discutietur.
691 964 730 1000 ln
753 976 830 1013 quo
848 964 1060 1000 notandum
1079 964 1226 1013 primo,
1244 964 1358 1014 gratis
1379 977 1397 999 a
1420 964 1611 1014 plerisque

143 1026 337 1065 Pausania}
355 1025 471 1063 tribui
487 1026 707 1077 opinionem
724 1040 798 1077 qua
816 1035 940 1075 caret,
957 1026 1139 1077 Libycam
1161 1040 1297 1078 nempe
1315 1026 1496 1078 Sibyllam
1516 1027 1610 1066 Del-

141 1090 235 1140 phos
258 1090 403 1127 venisse
426 1098 538 1141 atque
557 1090 609 1128 ibi
639 1092 832 1128 cecinisse.
853 1091 915 1129 Ait
937 1091 1037 1128 euim
1064 1099 1207 1128 tantum
1235 1092 1482 1142 Marpessiam
1503 1105 1609 1130 suam

144 1156 222 1203 (seu
238 1154 362 1204 potius
382 1155 655 1204 Mei-messiam)
674 1154 833 1205 Delphis
850 1155 1031 1192 cecinisse
1050 1154 1195 1205 Libyca
1212 1156 1476 1206 posteriorem,
1498 1165 1612 1207 atque

140 1217 187 1255 ab
207 1231 249 1254 ea
279 1231 490 1268 cognomen
523 1219 701 1265 traxisse,
722 1218 898 1257 Σίὸυλλαν
918 1217 1101 1265 ἐπίκλησιν
1118 1218 1237 1270 [κατὰ]
1256 1217 1319 1265 τὴν
1338 1218 1501 1272 πρότερον
1514 1234 1611 1270 γενο-

140 1280 259 1332 μένην.
291 1283 338 1320 Et
368 1283 564 1333 quomodo
589 1285 646 1321 vel
679 1283 760 1334 ipso
792 1292 953 1321 testante
979 1283 1200 1330 credamus,
1236 1284 1309 1321 illis
1340 1284 1611 1334 antiquissimis

141 1346 392 1396 temporibus,
413 1349 525 1399 longe
542 1357 629 1385 ante
646 1348 787 1386 bellum
801 1349 1027 1397 Trojanum,
1041 1347 1225 1399 Sibyllam
1243 1362 1288 1386 ex
1305 1348 1423 1399 Libya
1446 1349 1611 1400 Delphos

140 1415 308 1458 venisse,
332 1425 450 1463 quum
474 1413 574 1449 iuter
591 1412 756 1451 Africam
785 1422 823 1450 ct
852 1412 1037 1450 Graeciam
1061 1413 1164 1449 nulla
1192 1412 1282 1449 (lum
1309 1413 1525 1450 commercii
1545 1419 1611 1450 aut

140 1480 275 1531 linguae
295 1478 393 1516 ratio
418 1477 630 1515 communis
651 1486 746 1515 esset
765 1478 780 1514 ?
803 1480 918 1515 Recte
952 1485 1076 1515 tamen
1106 1477 1206 1515 illam
1237 1477 1405 1514 omnium
1425 1478 1612 1528 antiquis-

137 1545 269 1582 simam
294 1544 383 1581 fecit
404 1542 631 1589 Pausanias,
663 1541 692 1579 si
725 1555 858 1579 verum
890 1550 946 1579 est
975 1541 1079 1593 quod
1102 1541 1243 1579 deinde
1269 1542 1334 1589 ait,
1358 1542 1471 1580 liliam
1504 1542 1610 1580 ,lovis

139 1609 274 1655 fuisse,
295 1607 374 1645 Beli
399 1620 443 1644 ex
467 1614 586 1643 matre
605 1614 774 1656 neptem.
799 1606 924 1643 Minus
940 1619 1030 1644 vero
1051 1606 1249 1644 ferendum
1268 1606 1372 1657 quod
1394 1606 1515 1654 addit,
1537 1620 1610 1644 no·-

137 1685 223 1710 men
257 1672 328 1723 ipsi
359 1670 408 1709 ab
436 1670 537 1710 Afris
563 1669 752 1717 inditum,
775 1670 841 1709 ὑπὸ
868 1671 924 1708 vel
957 1669 1025 1708 ἀπὸ
1052 1672 1121 1707 τῶν
1155 1669 1294 1708 Λιόόων
1328 1669 1505 1710 Σίὸυλλαν
1528 1671 1608 1708 ὀνο-

137 1739 324 1786 μασθῆναι.
354 1737 444 1775 Nam
472 1737 552 1773 sive
583 1735 648 1773 ὑπό
679 1737 799 1786 legas,
820 1749 867 1772 an
899 1744 987 1773 tunc
1008 1735 1089 1774 Afri
1109 1749 1230 1785 graece
1250 1735 1526 1786 loquebantur,
1545 1735 1610 1786 qui

137 1814 301 1851 graecum
336 1814 472 1839 nomeu
495 1801 644 1838 mulieri
677 1801 946 1852 imponerent?
977 1801 1066 1838 Sive
1094 1800 1163 1838 ἀπό
1191 1801 1307 1852 (quod
1336 1801 1488 1852 quidem
1520 1814 1610 1838 vero

137 1866 295 1917 propius
328 1866 522 1916 videtur),
546 1874 584 1903 at
613 1880 654 1903 ca
683 1866 906 1917 conjectura
941 1879 1098 1916 prorsus
1128 1866 1318 1903 Pausania
1349 1866 1505 1917 indigua
1528 1875 1606 1912 est,

138 1930 313 1969 Σίὸυλλαν
333 1930 495 1968 inversis
519 1930 637 1968 literis
655 1939 835 1981 tanquam
856 1929 1035 1968 Λίὸυσσαν
1056 1930 1318 1968 essedictam?
1339 1931 1461 1976 Quam
1482 1938 1607 1967 tamen

137 1996 356 2047 opinionem
387 2009 463 2034 non
488 2005 529 2033 ut
559 2009 663 2033 suam
686 1997 852 2046 profert,
877 1996 941 2032 sed
979 2003 1020 2032 ut
1042 1995 1090 2033 ab
1111 1995 1194 2033 aliis
1223 1989 1432 2046 acceptam,
1451 1993 1607 2046 λέγουσι.

138 2061 463 2099 Grammaticastri
485 2060 645 2112 alicujus
678 2061 791 2098 fuisse
817 2060 971 2098 videtur
998 2061 1071 2098 lioc
1094 2060 1311 2108 somnium,
1331 2060 1517 2098 credentis
1546 2061 1608 2097 in-

139 2126 317 2164 flexiones
337 2140 473 2164 vocum
495 2126 660 2177 aequales
685 2140 766 2166 esse
793 2126 883 2177 ipsis
916 2125 1097 2174 vocibus,
1125 2134 1162 2164 et
1180 2125 1283 2176 quod
1316 2124 1423 2168 Λίὸυς
1453 2138 1607 2172 nomen,

138 2189 262 2241 libyca
281 2190 409 2229 radice
432 2199 559 2228 ortum
577 2221 586 2239 ,
606 2190 912 2241 antiquissimum
935 2190 1069 2228 merito
1089 2189 1310 2227 habendum
1344 2188 1473 2238 fuerit,
1495 2189 1607 2226 femi-

138 2255 269 2292 ninum
295 2268 450 2306 quoque
482 2255 642 2293 Λίδυσσα
666 2269 795 2306 parem
821 2269 954 2305 sapere
986 2255 1270 2306 antiquitatem,
1296 2263 1472 2305 tanquam
1504 2253 1607 2292 vide-

138 2319 224 2356 licet
246 2319 379 2358 eodem
412 2333 564 2371 semper
598 2334 693 2358 sono
722 2325 837 2371 atque
865 2319 999 2358 iisdem
1035 2332 1254 2371 expressum
1290 2319 1436 2371 literis,
1466 2317 1606 2372 quibus

136 2383 236 2434 apud
263 2384 545 2423 Alexandrinos
565 2386 848 2436 grammaticos.
874 2385 1004 2436 ltaque
1034 2384 1250 2422 sibilantem
1275 2398 1411 2422 sonum
1434 2397 1454 2422 e
1478 2384 1608 2422 termi-
1655 2405 1659 2410 -

113 2445 115 2449 ’
138 2449 313 2496 natione,
342 2463 424 2500 quae
450 2450 556 2488 vocis
582 2452 768 2501 cujusque
796 2463 885 2501 pars
913 2459 970 2488 est
1004 2449 1277 2498 mobilissima,
1300 2449 1336 2487 in
1355 2450 1478 2500 ipsum
1496 2448 1604 2487 verbi

137 2527 278 2565 corpus
303 2515 496 2553 transtulit
515 2515 632 2553 homo
652 2524 931 2567 pimpostcrus,
956 2515 1189 2566 quicumque
1209 2523 1346 2552 auctor
1368 2514 1438 2552 suit
1461 2515 1606 2553 Pausa-

137 2580 220 2627 niae,
241 2579 411 2630 gaudens
430 2579 613 2617 nimirum
634 2573 993 2632 anagn-amittatismo
1015 2580 1166 2630 puerili,
1185 2592 1295 2630 quem
1312 2593 1380 2617 nos
1397 2579 1478 2630 ejus
1495 2579 1607 2617 disci-

139 2645 238 2695 pulis
259 2645 532 2696 relinquamus.

190 2709 235 2747 Εἰ
255 2722 356 2747 nunc
373 2708 420 2746 ad
439 2709 562 2746 virum
580 2709 846 2760 gravissimum
870 2709 1076 2746 Varronem
1095 2718 1343 2754 transeamus,
1356 2707 1464 2758 cujus
1485 2720 1606 2759 pauca

139 2782 226 2810 sunt
247 2773 364 2811 verba
381 2803 391 2821 ,
432 2774 496 2811 scd
522 2787 597 2812 non
633 2775 740 2825 parvi
778 2775 985 2822 momenti,
1004 2774 1108 2824 quod
1136 2774 1184 2811 dc
1210 2773 1307 2820 hac,
1333 2782 1375 2811 ut
1394 2773 1441 2811 ‹le
1469 2773 1605 2810 ceteris

138 2837 327 2888 plerisque
344 2838 515 2889 Sibyllis,
534 2847 727 2877 auctorem
749 2853 858 2877 suum
890 2839 970 2889 ipse
990 2838 1129 2890 prodat
1148 2853 1155 2875 :
1180 2856 1196 2872 «
1213 2838 1407 2891 Libyssam
1421 2868 1431 2888 ,
1460 2837 1603 2889 iuquit,

139 2918 152 2933 α
184 2901 292 2952 cujtis
312 2904 524 2942 meminerit
548 2904 746 2954 Euripides
765 2904 801 2941 iu
825 2904 963 2942 Lamiae
983 2904 1156 2956 prologo.
1178 2922 1192 2937 »a
