1686 3500
680 244 993 292 Excunsth
1030 248 1170 317 vi„
1287 286 1291 290 .
1401 211 1409 222 ⁸
1527 248 1619 294 443

302 345 441 385 Uitiina
457 344 600 384 Cumaei
622 343 722 382 venit
736 343 814 394 jam
833 344 1012 382 carminis
1030 354 1139 391 aetas3

304 411 461 462 Magnus
478 409 525 447 ab
547 409 696 461 integro
720 408 920 447 saeclorum
938 409 1102 448 vertitur
1121 409 1219 448 ordo
1235 439 1245 458 ,

145 483 182 514 et
203 474 324 522 infra,
346 488 384 515 ν.
406 487 450 512 ιο
474 486 483 512 z

459 536 568 575 Tuus
580 535 660 587 jam
682 543 813 587 regnat
834 525 1008 588 Apollos

145 601 218 641 Sed
245 602 344 647 hate,
360 614 478 652 quum
501 600 612 639 valde
632 601 735 651 apud
760 601 882 651 ipsum
909 601 1084 639 Servium
1106 600 1269 639 obscura
1291 601 1387 649 sint,
1405 613 1528 652 neque
1551 602 1624 640 alia

146 680 261 717 quam
275 666 394 717 ipsius
413 655 640 703 aucton'itate
656 665 847 716 nitantur,
866 679 934 703 nec
952 665 1041 702 satis
1058 673 1241 716 appareat
1260 678 1374 717 quam
1392 665 1473 716 ipse
1487 666 1625 704 Cuma-

148 743 232 768 nam
251 729 435 781 Sibyllam
453 729 490 766 in
506 737 631 767 mente
648 728 839 776 habuerit,
858 728 1060 767 indicanda
1083 729 1240 767 forsitan
1261 729 1381 780 magis
1396 742 1508 780 quam
1524 729 1622 768 serio

150 794 386 832 discutienda
407 793 562 833 suerint.

204 859 404 910 Erythraea
424 859 648 898 Graecorum
666 857 831 909 Sibylla,
852 871 917 896 scu
939 856 1117 896 carminis
1137 857 1327 908 Erythraei
1349 864 1498 903 auctor,
1517 857 1625 909 quis-

148 925 234 975 quis
254 923 336 968 fuit,
352 936 429 974 qno
446 933 556 973 pacto
572 923 838 974 generationes
856 930 1083 974 supputasse
1094 922 1303 968 videretur,
1317 921 1432 960 modo
1448 919 1628 962 diximus.

149 988 374 1028 'transimus
390 1001 491 1025 nunc
517 988 562 1026 ad
592 987 674 1038 ejus
704 988 938 1037 imitatores,
957 986 1170 1038 Sibynistas
1189 995 1360 1033 nostros3
1380 995 1418 1025 et
1439 986 1532 1038 quid
1553 986 1625 1037 ipsi

148 1053 336 1091 senserint
352 1052 399 1090 de
419 1052 495 1090 hoc
510 1060 750 1103 argumento,
770 1052 988 1104 quaerimus.

203 1116 496 1167 Antiquissimus
529 1116 689 1160 horum,
718 1116 874 1154 natione
906 1116 1083 1163 Judaeus,
1103 1116 1223 1165 γενεάς
1250 1116 1443 1167 accepisse
1473 1115 1628 1153 videtur

148 1194 224 1219 non
257 1182 332 1219 alio
351 1194 463 1232 quam
498 1181 704 1232 Erythraeae
737 1180 851 1218 modo
885 1181 989 1221 dicto
1021 1193 1159 1229 sensu,
1192 1180 1257 1232 qui
1289 1189 1327 1219 et
1357 1179 1460 1232 apud
1482 1188 1627 1218 veteres

147 1245 303 1284 Judaeos
327 1245 429 1282 solus
448 1245 607 1283 usitatus
637 1246 844 1296 reperitur.
874 1245 921 1282 de
950 1245 1047 1282 veris
1078 1257 1216 1296 nempe
1244 1257 1288 1282 ac
1321 1244 1488 1296 propriis
1512 1256 1628 1295 gene·

150 1310 362 1348 rationibus
381 1309 579 1347 hominum
597 1309 668 1348 sibi
688 1309 973 1347 succedentium
993 1323 1001 1349 :
1022 1322 1107 1346 nam
1126 1309 1282 1347 decimae
1295 1321 1316 1347 a
1333 1308 1480 1347 diiuvio
1496 1308 1628 1354 aetatis,

149 1386 225 1424 qua
251 1374 440 1411 Saturnus
460 1382 497 1411 et
527 1373 681 1411 Titanes
702 1373 1013 1424 imperaverunt,
1041 1373 1191 1410 initium
1216 1373 1307 1410 facit
1340 1381 1427 1424 post
1460 1384 1626 1410 eversam

155 1437 368 1476 Babelicam
386 1437 543 1484 turrim,
563 1439 614 1475 ita
637 1446 676 1475 ut
697 1438 761 1475 iilo
782 1451 857 1474 nnn
879 1437 989 1476 valde
1014 1438 1142 1489 amplo
1159 1438 1363 1476 intervatlo
1380 1450 1516 1485 novem
1536 1445 1629 1475 aeta-

151 1511 204 1541 tes
227 1501 543 1553 comprehendat,
566 1501 634 1541 lib.
658 1502 732 1548 ΙΙΙ,
751 1516 784 1540 v.
807 1502 894 1549 108,
912 1515 993 1553 sqq.

309 1565 379 1605 Καὶ
394 1565 471 1603 τότε
495 1565 536 1611 δὴ
556 1564 682 1612 δεκάτη
700 1565 799 1615 γενεὴ
817 1565 977 1618 μερόπων
1003 1564 1191 1617 ἀνθρώπων
1204 1595 1213 1611 ,

309 1628 373 1675 Ἐξ
392 1623 501 1682 οὗπερ
520 1628 765 1679 κατακλυσμὸς
784 1629 839 1667 ἐπὶ
859 1628 1045 1682 προτέρους
1065 1628 1171 1679 γίνετ’
1191 1629 1331 1682 ἄνδρας.

311 1693 383 1733 Καὶ
407 1693 592 1745 βασίλευσε
615 1693 764 1746 Κρόνος,
783 1709 818 1733 κ.
841 1709 873 1732 τ.
893 1695 925 1732 λ.

203 1761 279 1799 Nec
317 1759 427 1796 aliam
457 1768 609 1797 secutus
638 1768 694 1796 est
728 1760 910 1796 rationem
942 1759 1225 1803 Tertullianus,
1247 1757 1294 1795 ad
1317 1759 1399 1797 Nat.
1423 1757 1480 1806 ΙΙ,
1506 1757 1528 1806 §
1555 1769 1627 1796 12:

152 1838 238 1862 nam
256 1832 295 1861 ut
313 1822 361 1861 ab
376 1823 523 1861 Adamo
542 1836 660 1873 usque
680 1823 726 1860 ad
742 1824 927 1862 Noemum
948 1823 1078 1862 decem
1095 1823 1359 1874 generationes
1381 1821 1630 1873 (longissimas

152 1889 256 1937 ilias,
275 1896 411 1938 utpote
430 1896 518 1926 ante
537 1887 735 1940 diluvium)
749 1916 758 1931 ‚
776 1888 830 1925 sic
848 1901 868 1925 a
887 1888 1031 1926 Nocmo
1054 1888 1101 1925 ad
1122 1886 1382 1925 abrahamum
1403 1886 1533 1924 decem
1554 1899 1630 1923 nu·

152 1961 283 1991 inerat.
308 1953 385 1991 Nec
416 1952 525 1990 aliter
543 1952 804 2003 Epiphanius,
828 1953 968 1992 Haeres.
993 1954 1056 2000 69,
1078 1965 1160 2002 cap.
1183 1965 1224 1988 αι
1241 1980 1251 2000 ‚
1269 1951 1315 1988 ab
1343 1951 1490 1990 Adamo
1510 1963 1631 2001 usque

150 2017 198 2056 ad
225 2018 418 2056 Christum
450 2031 529 2054 an
556 2017 822 2067 generationes
852 2015 988 2065 habet,
1011 2030 1175 2068 nempe,
1195 2024 1237 2054 ut
1267 2024 1367 2054 recte
1392 2015 1490 2054 vidit
1515 2016 1631 2055 Peta-

154 2086 255 2125 vius,
286 2082 418 2121 decem
446 2090 534 2120 ante
556 2081 796 2131 totidemque
819 2089 903 2131 post
933 2080 1144 2129 diluvium,
1167 2078 1304 2131 viginti
1320 2093 1412 2132 crgo
1435 2081 1633 2126 hactenus,

153 2146 240 2186 inde
262 2155 318 2185 ter
337 2145 648 2197 quatuordecim,
671 2145 851 2184 Matthaeo
878 2145 1001 2194 duce,
1024 2158 1112 2196 cap.
1150 2159 1184 2192 1,
1208 2158 1241 2183 v.
1275 2159 1332 2183 11.
1352 2144 1513 2183 Videtur
1541 2156 1634 2196 ergo

153 2210 532 2262 Sibytlista.!udaeus,
548 2210 647 2248 inter
665 2211 822 2249 Graecos
844 2222 973 2261 agens,
1001 2210 1222 2248 Graecorum
1247 2210 1390 2260 pariter
1408 2222 1451 2246 ac
1475 2221 1630 2246 suornm

154 2276 319 2327 origines
344 2290 364 2313 a
385 2275 532 2313 decima
565 2283 651 2326 post
678 2275 866 2312 diiuvium
889 2274 1157 2326 generatione,
1181 2287 1318 2325 nempe
1347 2273 1395 2311 ab
1427 2272 1631 2312 Abrahami

155 2339 411 2392 temporibus,
446 2348 621 2391 repetere
649 2339 832 2386 voluisse3
865 2339 912 2377 de
941 2339 1077 2377 ceteris
1100 2339 1190 2377 inde
1210 2337 1516 2390 generationibus
1536 2337 1631 2375 nihil

155 2404 398 2444 statuendum
423 2417 588 2444 curasse.

207 2472 253 2508 At
277 2469 378 2508 libro
400 2470 469 2516 lV,
490 2469 555 2520 qui
574 2477 610 2507 et
626 2469 708 2520 ipse
723 2468 985 2520 perantiquus,
1010 2468 1087 2506 imo
1108 2468 1403 2507 christianorum
1425 2466 1637 2518 Sibyllino—

154 2549 238 2573 rum
262 2535 406 2586 primus
426 2533 627 2572 habendus
646 2541 722 2580 est,
756 2533 1021 2584 generationes
1044 2533 1101 2571 hae
1123 2541 1390 2582 recensentur,
1415 2546 1478 2571 scx
1513 2534 1630 2584 Assy-

154 2600 319 2647 riorum,
335 2599 420 2636 duae
439 2598 661 2644 Medorum,
684 2612 757 2636 una
783 2599 1008 2645 Persarum,
1031 2606 1071 2636 ut
1099 2598 1245 2636 decima
1274 2598 1322 2635 sit
1354 2598 1576 2637 Graecorum
1595 2606 1632 2635 et

156 2663 407 2702 Macedonum
426 2672 464 2701 et
494 2664 766 2708 Romanorum,
787 2662 889 2714 quod
907 2663 990 2714 ipse
1013 2662 1157 2701 diserte
1174 2663 1300 2707 docet,
1325 2663 1448 2713 v..86‚
1467 2677 1549 2714 sqq.
1569 2677 1577 2699 :

314 2727 404 2767 Ἀλλ’
422 2728 503 2766 ὅταν
522 2730 553 2772 ἐς
571 2729 717 2775 δεκάτην
732 2728 850 2778 γενεὴν
875 2728 1036 2779 μερόπων
1053 2727 1174 2780 χρόνος
1194 2726 1297 2779 ἔλθῃ,
1623 2715 1628 2721 ’

314 2793 384 2833 Καὶ
405 2791 482 2831 τότε
504 2791 564 2843 μὲν
585 2793 739 2845 Πέρσαις
757 2792 841 2844 ζυγὰ
862 2791 981 2831 δούλια
995 2823 1004 2841 ,
1021 2808 1054 2832 κ.
1075 2808 1104 2830 τ.
1122 2794 1159 2833 λ.

160 2859 280 2896 Porro
312 2871 354 2895 ea
378 2859 597 2908 supputatio
627 2872 711 2896 eum
743 2858 870 2908 priore
901 2870 1101 2895 commune
1131 2857 1223 2895 nihii
1251 2856 1385 2905 habet,
1404 2857 1632 2907 minimeque
1677 2897 1683 2905 ,

159 2930 280 2973 potest
311 2922 357 2959 ad
394 2936 517 2961 reruni
550 2923 742 2961 veritatem
773 2921 871 2973 exigi
902 2934 910 2961 2
953 2922 1029 2959 imo
1061 2921 1226 2959 absurda
1257 2935 1412 2971 prorsus
1441 2930 1474 2958 et
1506 2921 1634 2972 inepta
