1686 3500
590 162 901 208 EXCURSUS
934 164 1014 210 vl.
1368 167 1376 177 “
1448 166 1540 212 467

71 269 109 296 v.
135 269 196 306 19,
213 253 254 294 τὸ
269 255 304 294 ἓν
323 255 410 309 αὐτῇ
423 252 605 308 γεννηθέν,
620 274 635 291 ι
646 257 754 309 quod
765 257 803 295 in
820 271 864 296 ea
888 267 1018 296 natum
1032 269 1089 297 est
1099 270 1136 297 ·.·
1149 259 1255 299 Adeo
1279 261 1396 299 latina
1414 261 1542 312 lingua

72 322 110 358 in
134 319 205 358 hac
225 333 266 359 re
283 319 465 361 subtilior
479 331 536 360 est
554 334 670 373 quam
693 335 830 374 graeca.
853 323 938 375 lpse
956 334 1049 361 vero
1070 323 1133 362 ille
1147 325 1251 363 vocis
1268 325 1383 364 unius
1398 325 1542 377 duplex

71 384 174 436 apud
191 385 346 426 Graeeos
363 400 471 434 usus,
486 386 517 425 si
537 387 623 438 quis
644 387 871 427 clementior
886 387 933 427 ad
954 386 1209 440 judicandum
1226 388 1397 438 accedat,
1414 389 1545 442 Sibyi-

73 449 197 488 listam
219 459 394 490 nostrum
411 450 598 489 librorum
616 453 666 491 vl
682 461 720 490 et
738 452 804 491 vll
824 451 895 490 hac
914 466 962 490 ex
987 460 1094 503 parte
1114 452 1174 490 vet
1199 451 1398 492 absolvere
1417 463 1546 506 potest

73 513 132 551 vel
153 527 348 553 excusare.

124 580 173 617 At
190 580 310 618 multo
330 581 486 632 gravius
499 582 685 632 peccavit,
702 582 807 634 quod
823 581 1029 620 secundam
1043 582 1152 621 istam
1166 582 1308 620 Christi
1328 585 1547 634 generatio-

74 657 158 682 nem
171 673 181 693 ,
195 657 272 682 non
287 659 307 683 a
325 646 597 697 conceptione,
613 647 678 686 sed
699 661 721 686 a
738 647 929 699 baptismo
946 647 1156 687 inchoavit.
1175 648 1274 687 Tota
1291 648 1390 686 enim
1405 649 1486 698 ejus
1501 649 1549 687 de

75 709 144 747 hac
165 722 207 747 re
226 709 401 748 doctrina
422 710 475 748 ita
507 711 585 750 fere
614 712 723 750 reddi
753 720 903 763 potest:
929 712 1067 751 Filium
1092 711 1184 760 Dei,
1201 712 1303 750 iliam
1321 721 1547 752 coaeternam

75 772 179 810 Patri
200 786 426 824 personam,
456 788 532 812 non
551 785 640 814 ante
666 776 810 815 Christi
836 789 1009 827 personae
1028 776 1238 822 inhaesisse,
1257 789 1371 827 quam
1395 778 1507 816 Jesus
1527 790 1549 816 a

74 838 223 876 Joannc
236 838 516 890 baptizaretur;
532 849 611 879 tum
636 841 781 879 scilicet
796 842 933 879 arsisse
950 840 1133 881 Jordanis
1146 854 1279 892 aquas,
1293 842 1396 880 velut
1419 842 1551 881 insun-

73 901 187 940 dente
203 915 242 941 se
258 904 433 951 numine;
453 913 490 942 et
514 915 594 943 tum
615 905 835 943 discedente
853 906 964 950 caelo,
993 906 1178 958 Spiritum
1204 914 1375 944 sanctum
1391 906 1463 944 sub
1483 921 1552 945 co-

74 965 212 1005 lumbae
234 969 362 1018 specie
386 969 542 1008 Christo
569 971 743 1020 illapsum
757 1000 769 1022 ,
787 970 1026 1009 divinitatem
1047 971 1083 1009 ei
1106 984 1211 1009 suain
1231 970 1435 1019 infudisse,
1451 972 1554 1011 unde

76 1045 148 1070 vox
165 1031 213 1070 de
243 1034 335 1071 caeio
353 1035 501 1082 audita,
524 1035 670 1082 matth„
687 1049 771 1087 cap.
799 1037 835 1082 3,
865 1049 898 1074 ν.
929 1049 973 1084 17
991 1051 999 1074 :
1016 1054 1030 1070 α
1049 1035 1120 1074 Hic
1144 1044 1201 1075 est
1225 1035 1341 1074 Filius
1364 1049 1470 1075 meus
1490 1037 1551 1075 di-

76 1118 90 1132 «
111 1100 245 1146 lectus,
260 1100 297 1136 in
327 1113 405 1150 quo
425 1101 516 1137 mihi
540 1101 758 1152 complacui
772 1119 810 1150 u,
833 1100 1137 1139 consonantibus
1154 1102 1192 1139 in
1206 1114 1249 1140 ea
1265 1114 1362 1140 voce
1381 1103 1500 1141 Marci
1516 1111 1556 1141 et

76 1165 187 1203 Lucae
203 1164 411 1217 evangeliis
432 1180 440 1203 :
461 1166 516 1204 sic
532 1165 709 1204 videlicet
726 1168 798 1205 Dei
822 1167 957 1205 Filium
974 1180 1126 1206 carnem
1142 1167 1347 1205 humanam
1368 1167 1553 1218 induisse,

76 1243 150 1267 non
172 1243 239 1276 eo,
263 1243 343 1280 quo
368 1231 482 1281 vulgo
511 1231 697 1281 creditur,
725 1232 864 1279 modo;
896 1240 1011 1283 atque
1029 1232 1119 1270 inde
1146 1232 1273 1270 statim
1298 1245 1321 1271 a
1345 1232 1493 1284 Spiritu
1513 1233 1552 1270 in

76 1308 114 1332 se
145 1294 275 1332 infuso
303 1304 456 1347 raptum
481 1297 519 1333 in
535 1297 780 1335 solitudinem
807 1297 923 1335 fuisse
941 1297 1109 1349 (Matth.,
1135 1298 1254 1336 Marc.
1280 1306 1319 1335 et
1342 1297 1467 1348 1„u‹·..)‚
1486 1297 1553 1335 ubi

76 1373 216 1408 novum
240 1373 338 1411 opus
367 1349 644 1412 auspicaretur.
671 1363 765 1409 Quae
780 1375 828 1400 ne
844 1370 987 1400 temere
1013 1362 1194 1413 scriptori
1213 1370 1346 1399 nostro
1364 1361 1553 1413 imputata

76 1425 295 1471 credantur,
310 1425 382 1477 ipsi
402 1435 489 1463 sunt
511 1426 752 1477 producendi
772 1440 925 1474 versus,
941 1425 1009 1464 lib.
1032 1426 1104 1475 Vl,
1122 1439 1158 1463 v.
1179 1426 1214 1473 3,
1236 1439 1318 1477 sqq.
1335 1441 1343 1463 :

470 1489 575 1529 Ἐπεὶ
591 1489 680 1529 κατὰ
696 1490 810 1543 σάρκα
828 1490 868 1529 τὸ
890 1490 1007 1529 δισσὸν

233 1555 405 1608 Ἠγέρθη,
421 1561 588 1608 προχοαῖς
604 1555 886 1607 ἀπολουσάμενος
905 1561 1078 1607 ποταμοῖο

234 1620 431 1673 Ἰορδάνου.
449 1649 459 1659 .
477 1650 486 1659 .

233 1685 316 1734 Ὃς,
336 1685 442 1739 πυρὸς
464 1684 626 1740 ἐκφεῦξας
640 1717 649 1735 ,
671 1687 806 1739 πρῶτος
826 1686 918 1726 Θεοῦ
931 1685 1063 1740 ’ὄψεται
1082 1684 1147 1734 ἡδὺ

233 1751 366 1802 Πνεῦμ’
383 1750 620 1804 ἐπιγινόμενον
638 1751 777 1794 λευκαῖς
795 1750 1004 1804 πτερύγεσσι
1021 1749 1161 1797 πελείης
1172 1779 1183 1798 ,

76 1825 111 1854 rt
130 1815 200 1855 lib.
221 1817 311 1861 Vll,
333 1829 373 1856 v.
396 1816 460 1861 66,
480 1827 588 1867 sqq:

232 1881 389 1930 Τλήμων
411 1882 473 1918 οὐκ
493 1879 598 1931 ἔγνως
618 1878 675 1918 τὸν
696 1879 755 1918 σὸν
774 1879 887 1931 Θεὸν,
906 1878 941 1923 ὅς
954 1878 1031 1917 ποτ’
1053 1878 1194 1917 ἔλουσεν

234 1945 408 1999 Ἰορδάνου
423 1946 457 1982 ἐν
475 1947 672 1997 προχοῇσι,
693 1944 752 1982 καὶ
773 1943 903 1982 ἔπτατο
919 1942 1104 1994 Πνεύματι
1122 1943 1258 1996 πολλῷ.

231 2009 301 2055 ⁶0<
315 2011 395 2063 πρὶν
414 2009 474 2049 καὶ
491 2010 593 2062 γαίης
609 2025 646 2048 τε
665 2009 724 2048 καὶ
741 2010 883 2063 οὐρανοῦ
899 2007 1119 2063 ἀστερόεντος

233 2075 407 2124 Αὖθέντης
425 2076 590 2127 γεγένητο
611 2075 721 2126 Λόγος
741 2075 857 2128 Πατρί
871 2087 879 2097 ·
900 2073 1084 2126 Πνεύματι
1104 2075 1133 2112 δ’
1149 2072 1246 2127 ἁγνῷ

232 2142 341 2195 Σᾶρκ’
360 2140 608 2192 ἐνδυσάμενος,
630 2155 663 2179 κ.
680 2156 715 2179 τ.
735 2140 769 2178 λ.

79 2209 199 2261 Atque
216 2208 361 2247 ibidem
376 2237 387 2256 ‚
410 2221 445 2245 v.
468 2209 532 2254 83,
558 2220 628 2257 sq„
650 2205 891 2245 Christianus
912 2205 1050 2257 aliquis
1065 2204 1191 2256 ipsum
1211 2204 1405 2244 Christum
1425 2204 1462 2243 in
1485 2203 1555 2244 ab·

79 2276 199 2314 normi
214 2274 381 2327 quodam
399 2269 580 2325 baptism'i
602 2271 809 2310 simulacro
824 2271 1030 2321 compellat
1053 2281 1064 2308 ε

927 2334 1079 2375 ε’Υδασιν
1097 2333 1212 2386 ἁγνοῖς

231 2402 382 2442 ‘Pastum
399 2401 458 2440 σὸν
478 2400 684 2452 βάπτισμα,
704 2399 748 2437 δι’
773 2393 813 2438 οὗ
834 2398 940 2452 πυρὸς
960 2398 1184 2452 ἐξεφαάνθης.

80 2470 131 2508 lta
147 2469 289 2521 ubique
305 2469 343 2507 in
359 2469 419 2507 his
440 2468 575 2514 libris,
598 2465 702 2518 quod
720 2465 799 2517 jam
821 2466 860 2503 in
882 2466 1057 2504 Excursu
1075 2465 1206 2517 priore
1227 2465 1474 2512 monuimus,
1496 2465 1556 2504 in-

79 2537 246 2574 carnatio
265 2534 380 2573 Verbi
395 2547 481 2572 cum
503 2533 695 2584 baptismo
713 2530 962 2583 conjungitur
979 2545 988 2569 :
1006 2544 1130 2582 neque
1147 2530 1259 2569 aliter
1279 2543 1340 2569 res
1359 2538 1553 2580 narratur,

79 2616 188 2653 quam
210 2603 241 2641 si
257 2600 425 2652 Spiritus
444 2608 599 2638 sanctus
624 2599 748 2649 ipsum
768 2598 816 2635 sit
832 2596 1003 2635 Verbum
1024 2597 1071 2635 de
1093 2596 1186 2635 caelo
1209 2596 1248 2634 in
1267 2596 1462 2635 hominem
1482 2596 1556 2635 de-

79 2668 279 2715 scendens,
293 2666 448 2717 judaica
470 2665 534 2703 illa
554 2677 803 2717 personarum
818 2663 1063 2709 confusione,
1082 2661 1131 2701 de
1148 2675 1224 2713 qua
1247 2661 1415 2700 diximus
1435 2675 1553 2714 supra
1606 2693 1612 2699 .

81 2733 161 2784 cap.
186 2745 222 2783 2,
241 2744 428 2783 nusquam
445 2739 569 2769 tamen
585 2738 658 2768 tam
681 2728 878 2766 manifeste
898 2727 1094 2779 proposita
1114 2735 1150 2764 et
1169 2726 1206 2764 in
1228 2726 1430 2777 quamdam
1453 2726 1556 2764 theo·

81 2799 189 2850 logici
207 2797 419 2849 systematis
442 2797 601 2834 sormam
626 2794 826 2833 aedifficata.

133 2865 339 2904 Fatendum
366 2876 462 2901 vcro,
485 2874 654 2900 errorem
691 2859 796 2898 iilum
830 2857 983 2897 minime
1017 2857 1217 2909 proprium
1251 2856 1367 2896 fuisse
1395 2857 1557 2903 Nostin„

1317 2926 1392 2973 30.
