1686 3500
600 180 910 226 Excunsus
945 183 999 228 v.
1110 221 1115 231 ,
1434 184 1528 230 335

59 281 260 328 videbitur,
290 287 493 331 postquam
521 276 665 329 aliquid
682 277 730 317 de
749 278 1004 318 acrostichide
1029 279 1173 319 dictum
1195 281 1330 330 suerit,
1353 280 1393 320 id
1422 281 1527 333 quod

13 380 16 383 .
58 347 176 401 capite
192 343 370 396 proximo
392 341 468 381 fiet.
1154 337 1157 342 ’

632 433 648 460 0

406 550 519 591 CAP.
550 551 594 590 V.
623 553 683 589 De
702 552 956 589 Acmseiclu‘de
973 550 1177 600 Sibyllina.

105 660 289 712 Sibyllina
310 659 535 698 acrostichis
561 658 610 697 de
638 672 715 710 qua
734 659 862 710 capite
883 659 1015 711 priore
1033 659 1163 698 obiter
1182 668 1328 699 tantum
1356 662 1525 714 egimus,

58 729 165 779 digna
185 734 241 763 est
260 723 311 762 ob
331 725 470 763 samam
490 733 528 762 et
543 724 827 774 antiquitatem,
850 738 936 776 quae
959 725 1144 776 singulari
1163 726 1429 779 dissertatione
1448 736 1527 768 tra-

57 801 184 832 ctetur.
204 790 297 829 Eam
311 789 522 840 antiquitus
535 788 614 841 jam
631 789 836 827 adhaesisse
850 788 951 827 libro
963 790 1102 841 Vlll‚§
1121 804 1158 836 2,
1182 791 1284 830 testis
1298 800 1352 830 est
1367 792 1528 832 Lactan-

58 859 142 906 tius,
159 855 351 894 Div.1nst.
367 854 434 893 lib.
451 854 537 902 Vll,
556 867 642 905 cap.
661 867 722 902 20,
742 854 839 892 duos
857 867 905 892 ex
924 855 1005 906 ipsa
1021 855 1142 893 citans
1164 852 1309 908 versus,
1329 862 1418 906 241,
1438 871 1497 909 sq.
1515 870 1526 897 ε

206 918 409 972 Ταρτάρεον
432 918 468 957 δὲ
487 919 572 970 χάος
585 949 596 967 ,
617 934 651 956 κ.
666 934 701 957 τ.
718 919 770 966 λ.,

56 981 89 1024 et
112 983 235 1023 statim
265 991 445 1034 tanquam
465 1000 481 1017 «ι
497 996 542 1021 ex
568 983 644 1020 alio
672 983 757 1021 loco
779 981 883 1032 apud
913 982 1085 1021 eamdem
1112 983 1296 1035 Sibyllam
1315 1002 1331 1019 ιι
1361 993 1530 1036 quatuor

55 1049 212 1088 asserens
228 1049 294 1098 qui
312 1047 577 1085 reverahodie
594 1047 772 1098 leguntur
787 1046 826 1084 in
844 1046 976 1084 eadem
996 1047 1111 1098 hujus
1131 1047 1217 1086 libri
1238 1057 1358 1100 parte.
1371 1051 1529 1089 Constat

54 1127 138 1152 vero
156 1112 250 1163 ipsu,
271 1119 313 1150 ut
343 1111 527 1159 diximus,
547 1111 722 1149 versibus
741 1124 882 1159 xxxw,
907 1125 1073 1162 quorum
1100 1111 1208 1150 initia
1235 1126 1348 1152 voces
1376 1114 1442 1152 has
1467 1127 1528 1153 re·

55 1184 276 1231 praesentant
296 1176 411 1226 vulgo
437 1176 475 1213 in
497 1175 607 1213 libris
627 1175 897 1225 manuscriptis
917 1183 954 1213 et
973 1175 1086 1213 editis
1114 1162 1362 1215 acrostichidi
1383 1178 1529 1230 praeligi

55 1243 173 1282 solitas
196 1254 206 1281 :
228 1241 434 1280 ΙΗΣΟΥΣ.
453 1241 721 1279 ΧΡΕΙΣΤΟΣ.
740 1240 895 1279 ΘΕΟΥ.
914 1239 1047 1279 ΥΙΟΣ.
1067 1241 1250 1280 ΣΩἸῊΡ.
1271 1241 1525 1290 ΣΤΑΥΡΟΣ,

55 1315 88 1346 et
103 1306 174 1344 hoc
190 1304 238 1342 ab
260 1306 340 1356 ipsa
358 1304 505 1355 Sibylla
522 1303 798 1354 admonemur,
819 1318 855 1343 v.
877 1310 975 1355 249,
991 1318 1047 1356 sq.
1063 1320 1071 1342 :

201 1364 311 1414 Οὗτος
331 1371 348 1408 ὃ
366 1373 426 1408 νῦν
447 1368 658 1423 προγραφεὶς
677 1370 712 1407 ἐν
728 1368 964 1422 ἀκροστιχίοις
980 1370 1068 1414 Θεὸς
1084 1372 1187 1421 ἡμῶν

200 1434 327 1487 Σωτὴρ
347 1434 516 1477 ἀθάνατος
536 1433 720 1487 βασιλεὺς,
741 1435 761 1472 ὁ
779 1434 899 1472 παθὼν
915 1433 1004 1486 ἕνεχ’
1024 1437 1143 1484 ἡμῶν.

53 1502 188 1540 Rursus
207 1513 300 1537 vero
327 1499 554 1545 notandum,
576 1498 681 1549 quod
703 1497 784 1549 jam
804 1512 918 1550 supra
949 1499 1263 1550 observavimus,
1284 1513 1396 1552 posse
1427 1501 1527 1540 hanc

54 1566 349 1614 acrostichidem,
371 1566 547 1617 quumvis
575 1566 745 1613 brevem,
769 1566 806 1604 iu
835 1566 929 1604 duas
950 1566 1071 1605 dividi
1100 1575 1248 1619 partes,
1267 1581 1428 1619 quarum
1451 1581 1527 1607 una

54 1640 103 1671 est
121 1631 167 1670 de
189 1630 338 1683 judicio
359 1643 560 1681 supremo,
575 1643 708 1668 versus
725 1643 834 1668 xxvn
861 1630 1082 1679 coutinens3
1098 1632 1230 1680 altera,
1247 1644 1425 1670 versuum
1447 1645 1527 1681 vn,

54 1705 179 1735 sanctae
199 1695 333 1736 Crucis
354 1695 484 1733 laudes
499 1695 601 1733 cauit
623 1710 632 1732 ι
652 1708 730 1734 non
751 1703 874 1732 tamen
893 1696 975 1733 sine
990 1696 1118 1746 specie
1131 1695 1245 1747 justae
1262 1696 1359 1735 inter
1378 1706 1527 1735 utram-

53 1774 119 1813 que
136 1759 380 1806 transitionis,
401 1759 584 1811 quoniam
605 1759 644 1798 in
662 1758 810 1810 judicio
832 1760 935 1799 Crux
953 1759 1034 1810 ipsa
1053 1760 1323 1812 lledemptoris
1340 1761 1525 1800 effulsura

54 1825 223 1873 creditur,
248 1824 415 1876 illudque
437 1829 583 1875 signum
604 1825 686 1863 sore
706 1827 794 1862 Filii
809 1825 966 1870 lmnee'm‘s
990 1825 1028 1862 in
1055 1826 1260 1876 Evangelio
1279 1825 1521 1875 praedictum,

53 1891 190 1938 Matth„
215 1905 297 1942 cap.
317 1895 381 1937 24,
403 1904 440 1929 v.
465 1893 526 1937 30,
552 1903 631 1941 quo
654 1890 822 1941 respexit
837 1889 984 1940 Sibylla
1002 1898 1039 1928 et
1060 1890 1099 1928 in
1129 1891 1204 1928 fine
1225 1890 1313 1930 libri
1334 1891 1396 1939 Vl,
1423 1900 1459 1930 et
1483 1892 1522 1930 in

54 1956 116 1996 hac
135 1959 216 2009 ipsa
233 1955 504 2004 acrostichide,
524 1969 560 1994 v.
582 1961 674 2003 244,
700 1969 786 2006 sq.:

201 2023 310 2072 Σῆμα
329 2020 367 2060 δέ
385 2036 438 2060 τοι
455 2021 534 2059 τότε
546 2027 633 2060 πᾶσι
654 2022 787 2072 βροτοῖς
799 2048 810 2068 ,
831 2019 979 2073 σφρηγὶς
994 2019 1180 2072 ἐπίσημος,

198 2086 252 2126 Τὸ
272 2085 369 2132 ξύλον
387 2086 424 2124 ἐν
444 2091 599 2134 πιστοῖς,
621 2101 656 2124 κ.
678 2101 709 2124 τ.
726 2087 780 2132 λ.,

54 2149 110 2188 ubi
127 2151 156 2189 si
175 2164 249 2203 pro
270 2150 423 2201 vulgata
448 2149 594 2202 σφρηγὶς
616 2149 786 2201 ἐπίσημος
806 2148 1033 2187 admittatur
1069 2148 1282 2188 Eusebiana
1309 2148 1425 2187 lectio
1446 2149 1524 2202 ἀρι-

54 2214 191 2253 δείκετον
208 2209 278 2253 οἷον
291 2245 301 2263 ,
321 2216 432 2253 etiam
457 2214 593 2253 melius
611 2213 802 2252 constabit
820 2228 963 2253 sensus.

98 2281 223 2327 Quum
243 2294 337 2318 vero
363 2280 444 2318 haec
464 2279 690 2318 acrostichis
709 2293 729 2317 a
750 2279 902 2318 duobus
925 2278 1191 2318 ecclesiasticis
1222 2277 1446 2318 auctoribus
1462 2279 1522 2318 ci-

55 2353 120 2383 tata
137 2346 365 2397 reperiatur,
388 2358 510 2396 graece
523 2344 679 2395 quidem
698 2343 746 2382 ab
766 2344 933 2383 Eusebio
949 2345 988 2382 iu
1011 2343 1190 2382 oratione
1207 2342 1450 2381 Constantini
1473 2342 1522 2383 ad

54 2410 219 2458 Sanctos‚
236 2411 337 2449 unde
353 2410 391 2448 in
414 2410 555 2448 multos
576 2423 718 2460 graecos
734 2409 888 2448 codices
910 2408 1080 2458 transiit3
1101 2408 1217 2446 latine
1234 2415 1362 2445 autem
1386 2420 1408 2446 a
1431 2407 1523 2447 divo

53 2476 267 2525 Augustino,
286 2475 334 2514 de
355 2475 441 2515 Civ.
462 2476 601 2526 XVIII,
623 2477 688 2526 23,
710 2489 823 2526 quem
844 2475 1019 2527 plerique
1035 2474 1159 2513 Latini
1180 2473 1299 2512 secuti
1319 2483 1434 2511 sunt:
1454 2487 1521 2513 no·

54 2539 157 2578 tabile
174 2549 230 2579 est
247 2539 454 2579 Eusebium
470 2541 655 2591 integram
681 2540 800 2592 ipsam
825 2541 990 2590 asserre3
1008 2539 1262 2591 Augustinum
1284 2551 1376 2577 vero
1389 2552 1522 2578 versus

57 2611 191 2642 tantum
211 2619 258 2644 ex
279 2619 324 2644 ea
344 2605 491 2656 priores
520 2609 652 2655 xxvn,
680 2605 718 2644 id
742 2614 813 2654 est,
837 2614 952 2644 totam
973 2604 1021 2643 de
1039 2603 1187 2656 jndicio
1208 2611 1377 2655 partem,
1404 2617 1520 2655 quam
1557 2597 1561 2602 ⁵

55 2667 134 2706 inde
150 2670 330 2719 conjicias
348 2670 461 2721 vulgo
480 2679 560 2708 tum
580 2671 738 2709 seorsim
760 2670 808 2709 ab
825 2671 941 2708 altera
960 2670 1166 2708 lectitatum
1187 2668 1303 2706 fuisse
1321 2668 1423 2719 apud
1440 2668 1518 2707 La-

57 2730 164 2782 tinos,
189 2749 306 2787 quum
327 2736 451 2774 Graeci
470 2748 624 2774 carmen
645 2736 833 2788 integrum
862 2734 1042 2773 libentius
1069 2733 1290 2771 retinerent.
1313 2735 1366 2771 Λο
1386 2746 1519 2772 revera

56 2796 152 2845 prior
169 2812 255 2851 pars
272 2800 461 2852 integrum
477 2814 545 2852 per
558 2813 598 2838 se
615 2814 767 2839 sensum
783 2800 914 2845 eflicit,
933 2812 1056 2851 eaque
1073 2799 1113 2836 in
1130 2797 1241 2836 titulo
1259 2810 1325 2835 seu
1341 2797 1518 2837 lemmate

57 2863 309 2903 acrostichidis
341 2865 548 2916 respondet
584 2864 741 2904 vocibus
771 2861 940 2916 quinque
974 2863 1020 2902 ad
1055 2863 1174 2914 ipsam
1209 2861 1349 2901 Christi
1383 2875 1516 2914 perso-
