1686 3500
699 186 998 235 EXCURSUS
1033 189 1134 235 Vll.
1362 200 1370 210 ·
1558 190 1648 235 617

187 295 244 325 est
259 299 372 325 causa
391 299 461 325 cur
475 284 683 337 Sibyllinos
699 298 832 324 versus
851 286 998 325 minore
1014 299 1106 326 cura
1126 285 1264 338 dignos
1283 298 1503 326 censeamus
1536 299 1651 338 quam

185 351 424 402 apocryphos
445 364 578 390 omues
603 352 714 403 primi
735 350 967 402 secundique
983 351 1110 390 saeculi
1138 350 1278 400 libros,
1297 351 1364 402 qui
1392 352 1458 390 diu
1477 351 1652 403 neglecti,

186 428 288 452 nunc
313 415 601 466 theologorum,
630 415 843 454 doctiorum
871 423 971 454 certe
1011 424 1048 453 et
1077 416 1317 467 graviorum,
1351 416 1482 467 quales
1513 416 1651 455 multos

185 479 389 518 Germania
413 480 621 530 praesertim
641 478 928 531 complectitur,
953 479 1078 519 studia
1097 480 1145 519 ad
1165 493 1205 519 se
1225 489 1466 519 convertunt.

237 543 292 581 Ne
310 551 435 581 autem
450 543 671 595 theologicis
686 543 815 581 litibus
832 542 1122 592 immisceamur,
1138 553 1253 597 atque
1265 555 1305 583 ut
1317 544 1487 596 profanis
1504 553 1651 583 tantum

184 607 417 658 apocryphis
436 607 668 656 insistamus,
683 621 799 646 unum
819 615 937 645 estex
955 607 998 645 iis
1012 620 1108 658 opus
1127 609 1229 660 quod
1247 610 1408 647 maxime
1425 622 1510 646 eum
1530 609 1654 659 Sibyl·

184 670 270 708 linis
299 672 512 723 comparari
532 672 693 709 velimus
708 702 718 720 ,
740 671 979 710 Manethonis
996 684 1061 708 seu
1081 672 1484 722 pseudo-manethonis
1499 685 1651 711 carmen

185 735 300 773 modo
315 736 592 775 citatum.Vitia
609 736 707 775 enim
720 736 757 773 in
770 750 816 774 eo
829 736 947 774 multa
960 735 1221 787 deprehendas
1234 737 1343 787 plane
1362 737 1496 776 similia
1511 738 1556 775 iis
1572 751 1653 789 qua.-

183 813 298 851 supra
325 800 426 851 apud
443 799 653 852 Sibyllistas
675 799 979 847 observavimus-3
1011 813 1173 850 quorum
1207 800 1386 852 pleraque
1412 801 1651 840 Manethonis

183 864 351 902 editores
369 865 565 903 novissimi
597 878 743 903 summa
768 878 860 903 cura
888 873 1184 915 annotaverunt,
1205 866 1403 904 emendare
1429 876 1552 904 autem
1574 867 1653 917 ple-

179 942 339 980 rumque
358 929 558 967 infeliciter
572 929 698 968 conati
714 938 802 969 sunt
819 945 828 968 ε
848 943 998 968 caesurae
1018 928 1177 968 liberam
1196 929 1504 981 productionem,
1525 931 1653 968 hiatus

183 994 419 1044 frequentes,
438 994 717 1032 contractiones
745 994 863 1032 attico
893 994 1012 1046 magis
1031 1007 1145 1044 quam
1177 994 1285 1044 epico
1316 1007 1364 1031 ex
1385 1007 1490 1032 more
1521 995 1652 1040 factas,

183 1057 357 1095 brevium
378 1067 466 1096 ante
486 1059 672 1097 secundas
693 1058 856 1109 liquidas
886 1059 1182 1109 correptionem,
1200 1058 1462 1110 diphthongos
1486 1067 1575 1096 ante
1592 1072 1656 1095 vo-

183 1122 300 1160 calem
321 1131 528 1174 correptas,
547 1132 662 1173 atque
691 1122 802 1159 etiam
834 1122 973 1173 passim
1002 1130 1381 1160 ante-consonantem
1401 1122 1585 1175 (Maneth.
1609 1122 1655 1171 V,

182 1199 247 1236 27,
265 1188 330 1234 61,
356 1188 440 1237 139,
459 1187 561 1238 191),
581 1186 641 1224 καί
658 1195 746 1224 ante
766 1187 930 1224 vocalem
951 1200 1064 1237 saepe,
1081 1186 1157 1225 imo
1175 1187 1312 1238 saepius
1330 1200 1443 1238 quam
1464 1187 1502 1225 in
1523 1186 1655 1238 Sibyl-

183 1251 282 1298 linis,
299 1251 540 1302 productum.
564 1251 686 1290 llabet
702 1251 813 1289 etiam
834 1251 1016 1290 Manetho
1043 1260 1194 1290 mutatae
1208 1251 1440 1303 syllabarum
1461 1252 1653 1304 quantita-

183 1315 229 1352 tis
248 1315 422 1366 exempla
442 1328 519 1353 non
539 1329 672 1367 pauca,
691 1323 733 1353 ut
753 1324 989 1353 crementum
1008 1316 1046 1353 in
1074 1315 1193 1369 ἵδρυσε
1221 1325 1461 1367 correptum,
1493 1316 1558 1354 lib.
1586 1317 1652 1364 111,

180 1393 217 1418 v.
237 1378 301 1427 80,
318 1378 417 1417 idem
435 1379 536 1430 quod
555 1380 592 1416 in
609 1373 804 1430 Sibyllinis
820 1377 1014 1431 ἷδρύμενον,
1031 1378 1097 1419 lib.
1116 1379 1182 1426 Ill,
1202 1392 1239 1419 v.
1259 1392 1293 1418 2.
1313 1379 1450 1426 Habet,
1469 1387 1512 1417 ut
1533 1379 1653 1417 nostri

180 1451 332 1493 poetae,
354 1443 514 1481 inflexas
540 1452 673 1481 contra
699 1457 807 1481 usum
833 1457 960 1492 voces,
984 1453 1022 1482 et
1036 1443 1084 1481 ad
1111 1443 1228 1482 alium
1246 1443 1463 1482 declinandi
1495 1443 1652 1482 modum

177 1507 348 1545 detortas
367 1505 581 1560 (ἀγυρτῆρες,
598 1506 853 1558 ἀμὸλυόεσσαν,
871 1506 1172 1560 θρασυγλωσσέας,
1191 1508 1294 1557 etc.),
1308 1507 1424 1545 verba
1442 1508 1538 1546 male
1557 1521 1653 1545 con-

168 1570 300 1622 jugata
315 1572 375 1624 (ut
395 1571 552 1624 εὑρήσῃς,
568 1571 615 1620 V,
639 1571 737 1624 137),
755 1572 921 1623 epitheta
943 1572 1124 1610 audacius
1140 1573 1367 1625 composita,
1392 1585 1471 1624 quo
1491 1572 1654 1611 licentiae

175 1649 313 1686 genere
328 1635 543 1686 Sibyllistas
564 1636 724 1674 multum
740 1637 945 1677 antecedit.
960 1636 1088 1676 Utitur
1104 1638 1219 1675 etiam
1238 1636 1398 1675 vocibus
1415 1637 1543 1674 multis
1559 1650 1653 1688 quas

175 1714 195 1737 e
219 1700 358 1737 nostris
375 1699 482 1737 libris
497 1699 630 1738 ductas
646 1709 767 1751 putes,
784 1699 1038 1748 ἀκαταστασίη,
1055 1700 1254 1750 ἀντίτυπος,
1274 1700 1437 1754 ἇσπορίη,
1453 1700 1652 1752 βασιληΐδος

178 1765 304 1816 ἀρχῆς,
325 1768 434 1812 νῖκος,
463 1763 666 1816 πανέξοχος,
691 1764 964 1813 πανεπίσκοπος,
987 1764 1164 1815 ποιμαίνω
1183 1766 1384 1817 (figurate),
1411 1764 1654 1817 πυριλαμπής,

179 1827 364 1881 σπόριμος,
393 1828 627 1881 σφαιρώματα
643 1855 654 1876 ,
673 1827 889 1883 φαρμακόεις
902 1858 912 1876 ,
930 1828 1182 1882 φρενοὸλαὸής,
1200 1831 1390 1882 φωστῆρες.
1410 1829 1518 1867 Adde
1536 1829 1654 1881 parti-

178 1893 364 1944 cularum,
390 1895 599 1946 praesertim
628 1909 666 1933 τε
694 1889 735 1932 et
750 1883 805 1945 γἐ,
828 1895 986 1932 nimium
1009 1908 1118 1933 usum
1146 1903 1184 1933 et
1204 1909 1304 1947 saepe
1326 1903 1366 1933 ut
1395 1895 1433 1933 in
1461 1894 1654 1946 Sibyllinis

180 1970 415 2008 perversum.
432 1958 539 1996 Adde
555 1957 721 2010 denique
738 1958 969 1997 hexametris
983 1960 1233 2010 interspersus
1247 1958 1350 2011 apud
1366 1959 1651 2006 ⁴Manethonein,

178 2021 431 2060 renitentibus
449 2022 534 2061 licet
547 2022 773 2070 editoribus,
790 2032 1045 2074 pentametros
1061 2024 1213 2073 multos,
1232 2024 1378 2075 qualem
1398 2037 1512 2062 unum
1527 2024 1562 2062 in
1579 2036 1652 2062 no-

177 2087 264 2124 stris
279 2088 443 2125 oraculis
464 2088 694 2135 notavimus,
715 2087 828 2136 lib.1,
846 2102 882 2128 v.
903 2090 989 2133 146.

230 2151 341 2197 Quod
363 2152 393 2188 si
409 2151 456 2188 ad
480 2152 596 2202 ipsam
617 2153 829 2190 carminum
849 2146 1036 2204 originem
1056 2152 1241 2200 attendas,
1264 2161 1427 2204 utraque
1454 2152 1651 2203 supposita

176 2225 266 2254 suut
284 2224 320 2253 et
338 2215 624 2266 pseudonyma3
648 2216 752 2267 quod
769 2217 800 2255 si
820 2216 867 2254 ad
893 2217 1070 2268 patriam,
1092 2225 1254 2268 utraque
1268 2226 1358 2255 sunt
1376 2216 1651 2264 Alexandrina,

179 2289 263 2332 post
283 2281 423 2320 Christi
444 2290 569 2319 ortum
589 2281 706 2328 edita,
728 2295 867 2332 nempe
887 2282 933 2320 iis
954 2281 1189 2333 temporibus
1219 2295 1336 2332 quum
1358 2283 1396 2319 in
1413 2282 1479 2319 illa
1500 2281 1654 2332 potissi-

179 2359 281 2383 mum
304 2345 397 2383 urbe
412 2345 587 2396 vigebant
602 2346 713 2384 simul
739 2347 972 2398 astrologiae,
991 2347 1102 2385 simul
1119 2347 1330 2397 omnigenae
1347 2346 1549 2397 theologiae
1569 2355 1651 2385 stu-

177 2410 238 2448 dia
268 2411 424 2462 (confer
442 2411 535 2451 lixo.
561 2411 622 2458 IV,
651 2425 691 2463 p.
716 2412 827 2464 355),
859 2413 999 2451 Totum
1020 2412 1192 2463 quinimo
1217 2421 1389 2450 nostrum
1422 2410 1649 2462 Sibyllinum

179 2475 318 2513 librum
346 2478 374 2515 V
402 2475 452 2514 ab
482 2475 638 2513 homine
671 2476 909 2528 astrologicis
938 2476 1187 2528 opinionibus
1215 2476 1378 2525 imbuto,
1412 2476 1534 2527 qualis
1571 2476 1652 2527 ipse

179 2541 249 2579 suit
264 2541 621 2592 pseudo-Manetho,
637 2542 851 2594 profectum
866 2556 945 2580 esse
957 2541 1464 2592 demonstravimus(ibidem
1488 2555 1523 2593 p.
1545 2541 1650 2591 354).

179 2606 352 2657 Denique
369 2607 399 2641 si
420 2615 567 2657 tempus
586 2616 747 2657 spectes,
765 2615 928 2657 utraque
947 2604 1020 2643 sub
1041 2605 1218 2644 Romanis
1235 2604 1527 2656 imperatoribus
1547 2603 1648 2640 haud

177 2670 295 2708 dubie
313 2669 466 2708 condita
486 2679 594 2717 suut,
615 2670 685 2708 etsi
704 2670 944 2709 manethonis
968 2669 1071 2717 libri,
1090 2679 1130 2708 ut
1145 2670 1368 2721 opinamur,
1389 2669 1507 2706 serius
1535 2680 1650 2723 quain

177 2735 290 2786 vulgo
310 2733 491 2782 creditur,
512 2734 587 2772 orti
605 2743 705 2781 sunt,
723 2735 801 2773 imo
822 2735 942 2772 ser-ius
961 2734 1156 2785 aliquanto
1173 2747 1286 2785 quae]
1306 2733 1494 2784 Sibyllini,
1514 2733 1650 2784 quinto

180 2801 258 2837 scre
288 2799 345 2836 vel
375 2806 482 2836 sexto
511 2800 660 2836 saeculo.
689 2801 783 2838 Nam
812 2800 884 2837 illis
915 2799 1086 2837 versibus
1111 2798 1251 2849 quibus
1279 2797 1456 2837 manetho
1476 2797 1649 2848 queritur

180 2865 227 2902 ‹le
245 2865 298 2902 ira
317 2863 532 2915 principum
546 2864 727 2903 adversus
746 2865 970 2914 astrologos,
984 2863 1324 2915 Ἀποτελεσματικῶν
1343 2863 1410 2903 lib.
1426 2863 1491 2910 Vl,
1509 2876 1542 2901 v.
1561 2864 1650 2911 734,
