1686 3500
682 149 988 197 Excunsus
1023 150 1100 194 v1.
1412 205 1420 214 ι
1528 150 1622 197 551

154 255 250 286 toste
265 246 495 299 Epiphanio,
513 248 656 288 Haeres.
683 260 742 297 19,
761 247 1032 298 antiquiusque
1053 247 1188 297 multo,
1213 245 1243 285 si
1263 259 1310 285 eo
1328 246 1519 298 respicere
1538 261 1629 288 cen-

153 319 284 348 seatur
297 310 400 362 quod
420 311 460 349 in
481 309 695 361 Sibyllinis,⁴
718 310 783 350 lib.
801 312 903 361 Vffl,
922 318 1060 359 vam„
1073 304 1179 351 crux'
1194 311 1277 362 ipsa
1293 309 1439 364 σφρηγὶς
1457 310 1629 363 ἐπίσημος

157 384 332 427 vocatur,
349 377 494 415 ineerta
512 383 636 414 tamen
660 384 699 414 et
717 376 843 414 forsan
868 375 1080 415 adulterata
1105 376 1277 416 lectione.

207 440 256 478 At
274 440 369 478 illud
386 454 541 492 quoque
561 440 771 479 notandum
789 450 846 481 est
868 441 1174 493 hemistichium,
1191 441 1262 481 lib.
1282 441 1349 491 Vl,
1367 455 1407 481 v.
1426 455 1472 492 27
1496 455 1506 480 t

337 506 417 559 Οὐχ
437 505 503 549 ἔξει
521 519 559 543 σε
578 505 691 557 χθών,

151 568 258 619 quod
287 568 376 607 inde
405 577 587 620 appareat
618 578 808 621 speratum
841 570 937 609 nulli
969 578 1060 609 tunc
1089 569 1206 608 fuisse
1236 570 1460 608 miraculum
1494 570 1628 610 Crucis

151 633 271 682 ipsius
291 632 439 683 aliquot
462 640 550 683 post
580 634 688 671 annis
706 634 947 672 Constantini
977 633 1109 672 matris
1139 633 1291 671 llelenoe
1319 633 1475 684 pietate,
1494 634 1524 672 si
1551 647 1627 685 qua

153 696 260 745 tides,
287 696 536 747 reperiendae.
557 696 639 734 Imo
661 697 810 735 videtur
840 706 930 735 tunc
953 698 1137 748 temporis
1159 696 1308 747 vulgari
1344 697 1549 737 traditione
1569 695 1629 736 re·

148 771 303 813 ceptum
333 763 469 809 fnisse,
497 763 642 814 lignum
674 763 767 801 illud
792 762 1012 802 venerabile
1035 777 1113 801 non
1142 763 1181 800 in
1210 762 1319 800 terris
1337 763 1533 809 mansisse,
1559 764 1624 802 sed

151 826 379 864 translatum
398 840 479 865 esse
496 827 533 864 in
551 828 682 865 caelum
701 841 711 867 t

311 891 392 943 Οὐχ
409 890 476 935 ἕξει
494 906 532 930 σε
551 891 664 944 χθών,
680 890 757 929 ἀλλ’
776 891 918 944 οὐρανὸν
943 890 1041 945 εὗρὴν
1059 890 1196 945 ἐσόψει,

153 954 219 992 ubi
246 967 387 1006 nempe
415 955 452 994 in
478 956 625 1005 judicio
654 969 835 1008 supremo
863 956 952 994 olim
973 955 1200 1008 sperabatur
1217 953 1463 1002 effulsurum3
1495 954 1627 993 confer

151 1033 280 1070 supra,
303 1034 391 1072 cap.
414 1021 476 1067 23,
495 1030 592 1060 extr.

203 1085 290 1123 Haec
307 1094 446 1133 autem,
475 1099 559 1137 quae
579 1076 761 1123 hactenus
777 1084 966 1132 diximus,
994 1083 1042 1123 de
1060 1084 1141 1123 sola
1162 1083 1294 1124 Crucis
1319 1083 1436 1132 figura
1450 1112 1460 1130 ‚
1482 1097 1557 1122 non
1578 1083 1626 1123 de

148 1149 330 1187 Crucifixi
359 1149 473 1187 etiam
494 1149 640 1200 effigie,
671 1149 896 1201 accipienda
915 1149 1147 1197 memineris,
1169 1161 1286 1200 quum
1304 1162 1352 1186 ne
1378 1157 1516 1199 quarto
1536 1148 1627 1200 qui-

149 1212 235 1249 dem
256 1213 395 1250 saeculo
414 1212 571 1264 publice
591 1226 792 1251 concessus
811 1212 926 1251 suerit
944 1213 1155 1265 imaginum
1176 1226 1267 1252 usus
1286 1213 1324 1251 in
1347 1213 1540 1262 Ecclesiis,
1554 1213 1626 1252 etsi

148 1284 228 1314 tum
249 1277 389 1327 pietate
414 1277 616 1315 hominum
643 1277 781 1314 sensim
798 1276 987 1315 introduci
1007 1285 1196 1329 coeperat,
1217 1285 1381 1315 testante
1408 1275 1447 1314 id
1472 1285 1626 1314 utrum·

146 1354 222 1391 que
245 1341 322 1379 divi
343 1342 550 1392 Epiphanii
574 1341 850 1392 indignatione,
870 1355 987 1393 quum
1014 1342 1052 1380 in
1079 1342 1246 1392 quadam
1269 1341 1548 1378 monachorum
1568 1355 1628 1380 ec·

144 1406 259 1444 ‹tlt-sia
289 1408 489 1445 obtentum
511 1407 658 1445 foribus
689 1406 814 1445 velum
841 1408 1041 1456 reperisset
1062 1407 1142 1444 sive
1168 1406 1308 1457 pictam
1338 1406 1416 1445 sive
1443 1406 1624 1445 intextam

146 1470 290 1509 habens
308 1489 322 1505 α
340 1472 543 1522 imaginem
562 1472 670 1522 quasi
689 1471 833 1509 Christi
853 1471 911 1508 vel
929 1470 1049 1509 sancti
1065 1470 1279 1522 cujusdam,
1301 1488 1317 1504 »
1337 1478 1380 1508 ut
1394 1471 1478 1522 ipse
1495 1479 1626 1509 narrat

147 1536 183 1572 in
203 1535 382 1585 epistola,
410 1535 526 1573 latine
550 1543 698 1573 tantum
718 1543 886 1582 servata5
906 1535 954 1573 ad
974 1535 1198 1586 Hieronym.
1224 1536 1339 1586 episc.
1359 1535 1486 1574 Jerus.
1515 1535 1624 1582 Quo-

146 1599 259 1648 niam,
282 1598 339 1637 uti
359 1608 554 1650 putamus,
579 1599 750 1651 quandiu
769 1599 872 1639 stetit
887 1598 1288 1655 pagana‘superstitim
1307 1607 1344 1636 et
1359 1599 1539 1637 adversus
1556 1599 1625 1637 fal-

144 1676 273 1700 sorum
306 1662 466 1701 deorum
503 1664 687 1714 imagines
720 1665 872 1703 assidue
903 1663 1188 1703 invehebantur
1220 1662 1434 1714 presbyteri
1466 1665 1622 1703 concio-

145 1736 294 1776 nantes,
311 1742 388 1766 non
407 1737 586 1779 poterant
604 1730 683 1767 sine
697 1730 951 1782 infirmivulgi
976 1730 1204 1768 detrimento
1219 1728 1405 1780 ejusmodi
1420 1729 1619 1769 simulacra

145 1793 333 1844 proponi;
358 1806 442 1844 quae
459 1802 606 1844 postea,
622 1803 749 1832 amoto
761 1795 942 1846 periculo,
956 1796 1100 1833 utiliter
1114 1803 1266 1846 recepta
1281 1802 1382 1841 sunt,
1399 1794 1539 1833 frustra
1558 1809 1620 1832 re-

141 1857 394 1895 clamantibus
408 1858 650 1896 iconoclastis
672 1873 789 1910 quum
810 1859 991 1910 antiquis,
1012 1868 1090 1897 tum
1109 1858 1401 1897 recentioribus.

166 2077 279 2117 CAP.
317 2077 472 2117 XXXII.
502 2080 559 2116 De
593 2078 759 2116 ciborum
788 2081 1029 2129 quorumdam
1062 2079 1308 2126 abstinentia,
1339 2078 1526 2131 obicemque
1549 2082 1596 2118 de

686 2148 842 2182 cruentis
869 2145 1074 2194 sacrficit's.

194 2255 322 2294 Restat
351 2264 393 2294 ut
418 2256 564 2308 aliquid
582 2256 754 2296 dicamus
775 2257 822 2296 de
842 2257 1019 2296 ciborum
1045 2258 1299 2309 quorumdam
1320 2258 1550 2298 abstinentia
1576 2260 1615 2299 in

139 2319 337 2370 Sibyllinis
368 2320 509 2360 alicubi
543 2322 819 2360 commendata.
853 2324 940 2370 Quo
972 2323 1138 2374 primum
1166 2324 1376 2361 referemus
1407 2324 1510 2362 illam
1537 2325 1616 2373 jam

141 2394 311 2423 notatam
340 2399 480 2437 supra,
520 2401 604 2438 cap.
629 2388 701 2436 30,
723 2401 771 2425 ex
793 2386 890 2425 libro
914 2387 1103 2437 Sibyllino
1130 2388 1234 2434 vul,
1261 2401 1299 2428 v.
1329 2389 1427 2435 403,
1462 2389 1617 2442 καθαρὰν

139 2448 353 2501 ἀναίμακτόν
370 2465 408 2488 τε
426 2450 622 2504 τράπεζαν,
642 2464 758 2503 quam
781 2451 834 2490 ibi
855 2452 1098 2503 interpretati
1124 2466 1254 2490 sumus
1274 2452 1322 2490 de
1353 2453 1479 2491 carnis
1503 2453 1618 2491 absti-

139 2514 288 2561 nentia,
309 2527 467 2565 eamque
487 2515 652 2554 diximus
674 2516 794 2554 videri
823 2530 842 2554 e
867 2516 1199 2567 'l'herapcutarum
1220 2519 1425 2555 coenaculis
1447 2518 1484 2556 in
1515 2518 1616 2555 hunc

141 2578 268 2616 locum
297 2579 537 2628 translatam3
561 2594 632 2618 nec
651 2581 812 2618 multum
833 2580 896 2619 hic
918 2580 965 2618 de
982 2594 1027 2619 ea.
1050 2595 1103 2629 re,
1126 2582 1270 2633 quippe
1290 2581 1389 2620 insi-a
1413 2595 1620 2620 recursura-

139 2655 258 2692 quum
276 2641 323 2680 de
339 2643 593 2695 Therapeutis
611 2653 760 2696 agetur.

194 2705 330 2745 Redire
345 2720 446 2745 nunc
458 2708 644 2746 malumus
659 2707 708 2746 ad
728 2708 844 2746 alium
867 2722 1040 2755 versum,
1055 2710 1298 2760 phocylideis
1318 2711 1467 2761 gnomis
1486 2710 1611 2750 inserta

141 2777 241 2819 tuin,
257 2770 305 2810 de
324 2785 400 2822 quo
420 2785 489 2810 nos
510 2773 547 2810 in
569 2774 659 2812 Exc.
680 2774 722 2819 V,
740 2786 823 2825 cap.
850 2788 863 2811 ι
878 2788 909 2822 ι,
933 2788 1069 2826 nempe
1091 2775 1156 2815 lib.
1181 2775 1228 2822 Η,
1243 2789 1277 2815 v.
1301 2778 1374 2826 96:
1402 2807 1406 2812 .

406 2830 503 2886 Αἷμα
525 2835 559 2874 δὲ
580 2836 628 2886 μὴ
647 2835 802 2889 φαγέειν,
826 2838 1056 2876 εἰδωλοθύτων
1077 2839 1108 2875 δ’
1125 2840 1333 2890 ἀπέχεσθαι.
