1686 3500
616 177 934 223 excussus
971 180 1047 225 v1.
1424 238 1432 249 ἢ
1485 183 1572 228 471

260 268 383 324 ’Ύδωρ
405 269 440 308 δὲ
458 270 614 315 σπείσεις
630 272 772 324 καθαρῷ
791 271 875 324 πυρὶ
889 301 902 323 ,
921 278 1001 312 τοῖα
1023 272 1153 325 βοήσας
1165 301 1177 321 ‚

107 327 195 374 licet
214 333 287 373 hoc
307 334 388 374 fieri
407 334 531 374 statim
552 332 666 374 addat
692 333 739 374 ad
761 335 986 376 imitandum
1013 337 1158 377 Christi
1177 337 1431 394 baptismum,
1452 355 1486 381 v.
1508 343 1554 388 84
1574 365 1587 392 2

263 397 411 439 Ῥαίνων
432 399 491 439 σὸν
515 398 699 452 βάπτισμα
713 429 723 447 ,
744 400 789 439 δι’
803 395 843 440 οὗ
861 401 967 455 πυρὸς
986 401 1208 458 ἐξεφαάνθης.

106 465 248 514 Aperte
275 464 375 503 enim
410 478 551 503 meram
582 463 645 503 hic
676 466 789 504 tradit
817 466 1072 506 caerimoniam
1104 476 1211 508 extra
1229 466 1462 520 baptismum
1482 471 1584 511 inter

102 528 345 579 quotidianas
365 542 499 582 preces
519 528 799 579 adhibendam,
821 544 947 584 neque
967 532 1045 570 alio
1070 531 1249 571 videlieet
1271 534 1443 583 consilio,
1469 549 1582 587 quam

104 601 144 631 ut
171 592 314 632 Christi
337 608 406 646 per
423 594 548 645 ignem
576 594 756 646 baptizati
786 596 969 634 memoria
989 596 1140 635 assidue
1167 598 1384 647 recolatur,
1404 607 1584 651 tauquam

105 657 392 696 fundamentum
418 659 520 697 falsae
541 658 589 698 de
605 659 869 699 incarnatione
894 661 1090 702 doctrinae.
1118 662 1192 702 Sed
1220 676 1297 701 non
1319 672 1376 702 est
1400 678 1485 702 cum
1514 665 1583 704 ho-

103 723 203 761 mine
230 723 478 775 litigandum,
499 725 566 776 qui
583 726 745 764 sortasse
768 733 897 764 mente
912 739 991 764 non
1014 726 1112 766 bene
1140 741 1272 776 sanus,
1295 729 1352 767 vel
1377 728 1581 768 haeretieo-

105 801 187 826 rum
203 788 330 826 fautor
345 789 495 839 ineptus
511 790 594 836 fuit,
614 791 667 828 vel
688 791 767 841 ipse
784 804 894 828 novae
914 791 1101 831 haereseos
1121 793 1288 844 novique
1306 795 1432 833 cultus
1448 803 1603 831 aurion

103 854 183 892 lieri
207 854 327 892 voluit
341 866 351 900 ς
366 854 469 905 quod
491 862 528 892 et
549 855 642 894 alias
662 856 813 906 plenius
831 869 851 894 a
869 855 982 894 nobis
1002 856 1240 898 ostendetur.

492 1118 598 1156 CAP.
625 1117 686 1156 Vl.
708 1120 764 1156 De
783 1119 907 1155 diuma
931 1120 1190 1169 redemptione.

154 1246 376 1285 'l'ransimus
395 1260 496 1285 nunc
519 1246 568 1285 ad
588 1259 749 1298 sequens
772 1246 932 1298 dogma,
959 1246 1099 1285 divinae
1123 1261 1262 1300 nempe
1286 1247 1584 1300 redemptionis,
1627 1247 1631 1252 '

102 1312 151 1350 «le
171 1325 247 1364 qna
272 1311 478 1363 Sibyllistae
504 1325 635 1350 omnes
655 1321 756 1350 recta
782 1312 911 1350 omnia
934 1321 1158 1361 senserunt,
1182 1327 1227 1351 ac
1249 1313 1432 1366 primum,
1452 1313 1587 1352 ‹lecre-

101 1386 175 1415 tam
192 1377 316 1429 ipsam
336 1390 357 1416 a
386 1375 605 1428 principio,
631 1375 816 1415 divinitus
839 1377 1120 1429 promulgatam
1142 1377 1258 1418 fnisse
1278 1377 1361 1429 ipso
1381 1378 1584 1416 creationis

100 1448 161 1486 ‹lie
181 1448 221 1486 in
234 1447 396 1486 consilio
417 1447 541 1486 Patris
561 1459 648 1485 cum
671 1447 791 1495 Filio,
809 1446 877 1485 lib.
896 1447 1004 1494 vlll,
1021 1460 1055 1485 v.
1080 1449 1169 1496 267,
1193 1461 1251 1499 sq.
1270 1462 1279 1486 ι

256 1514 329 1553 Νῦν
352 1511 415 1564 μὲν
435 1511 502 1563 ἐγὼ
517 1511 643 1565 χερσὶ,
662 1511 702 1552 σὺ
720 1511 752 1551 δ’
767 1512 887 1551 ἔπειτα
906 1511 999 1565 λόγῳ
1019 1512 1238 1564 θεραπεύσεις

256 1576 403 1631 Μορφὴν
427 1576 622 1629 ἡμετέραν,
639 1576 696 1616 ἵνα
712 1577 824 1616 κοινὸν
845 1577 1030 1627 ἀνάσταμα
1051 1578 1164 1628 δῶμεν
1177 1606 1188 1625 ,

99 1651 138 1681 et
155 1642 300 1689 statim,
317 1655 350 1680 v.
373 1642 473 1691 269:

256 1707 407 1758 Γνώμης
421 1700 478 1746 οὖν
497 1706 624 1761 ταύτης
644 1706 864 1759 μεμνημένος
880 1707 928 1753 εἷς
945 1707 1057 1760 κρίσιν
1074 1706 1162 1754 ἥξει.

99 1771 208 1810 Ratio
232 1781 359 1810 autem
387 1772 488 1809 illius
513 1771 642 1822 magni
661 1772 833 1821 mysterii
856 1771 953 1810 bene
975 1771 1150 1818 traditur,
1175 1769 1231 1809 ἵνα
1256 1771 1368 1812 κοινὸν
1393 1771 1581 1823 ἀνάσταμα

97 1839 232 1888 δῶμεν,
254 1850 390 1887 nempe
412 1844 451 1874 ut
467 1836 671 1874 creationis
699 1850 797 1887 opus
827 1837 1068 1888 reparatione
1091 1846 1277 1875 creaturae
1301 1836 1580 1888 compleretur,

99 1900 340 1952 hominisque
372 1900 593 1939 formationi
626 1909 806 1951 tanquam
840 1901 970 1938 ultima
1004 1914 1138 1939 manus
1165 1901 1445 1952 imponeretur,
1476 1902 1579 1952 quod

99 1968 246 2017 plenius
267 1967 386 2004 multo
409 1965 624 2004 declaratur
641 1966 776 2004 eodem
799 1965 919 2016 libro,
940 1979 974 2004 v.
994 1965 1083 2016 259,
1107 1979 1189 2017 sqq.
1212 1981 1220 2003 ε

572 2029 645 2069 Καὶ
662 2029 841 2083 μορφώσει
858 2027 915 2069 τὸν
934 2030 994 2067 ἀπ’
1010 2031 1121 2083 ἀρχῆς

256 2093 456 2147 Ἄνθρωπον
471 2092 670 2132 πλασθέντα
689 2096 782 2133 Θεοῦ
803 2093 1009 2146 παλάμῃσιν
1029 2095 1063 2131 ἐν
1081 2094 1222 2141 αὐταῖς,

253 2158 323 2199 “Ov
342 2159 372 2198 τ’
388 2158 582 2206 ἐπλάνησεν
599 2158 696 2212 ὄφις,
712 2174 748 2198 κ.
769 2174 799 2197 τ.
818 2159 851 2197 λ.

96 2228 193 2265 ‘l'utn
210 2225 257 2263 de
276 2224 419 2264 Christi
438 2224 536 2270 vita,
553 2223 765 2270 miraculis,
781 2223 981 2274 doctrina,
998 2232 1139 2271 morte,
1152 2222 1333 2261 descensu
1352 2222 1398 2260 ad
1414 2223 1578 2269 inferos,

98 2289 380 2328 resurrectione
401 2297 438 2326 et
455 2288 493 2326 in
509 2288 637 2326 caelum
653 2287 897 2335 ascensione,
916 2287 1047 2325 eadem
1069 2300 1156 2325 cuin
1182 2286 1388 2338 evangeliis
1407 2288 1578 2327 referunt

98 2354 183 2394 libri
216 2353 424 2406 praesertim
444 2353 555 2401 vm,
580 2366 615 2392 v.
638 2354 714 2403 269
729 2381 740 2400 ,
762 2366 862 2404 sqq.;
893 2353 968 2399 Vl,
988 2365 1026 2401 9,
1046 2364 1155 2402 sqq.;
1179 2352 1215 2399 1,
1240 2352 1329 2397 336,
1349 2364 1432 2402 sqq.
1454 2351 1577 2390 Etiam

97 2418 196 2457 libro
219 2418 375 2469 quinto,
403 2430 622 2468 quanquam
642 2416 811 2467 judaicis
845 2416 974 2467 potius
999 2426 1114 2466 quam
1142 2414 1361 2452 christianis
1391 2423 1576 2453 annume-

98 2484 240 2532 rando,
257 2483 305 2522 ad
328 2483 450 2521 divini
469 2481 682 2522 Servatoris
701 2494 840 2520 nomen
867 2490 904 2519 et
929 2488 1088 2519 mortem
1113 2479 1300 2518 alluditur
1313 2510 1323 2528 ,
1343 2478 1408 2518 ubi
1423 2480 1578 2519 Messias

97 2548 236 2587 dicitur
256 2548 413 2587 Josuam
438 2547 593 2584 nomine
615 2554 890 2597 repraesentare
910 2553 948 2583 et
963 2546 1105 2583 mosem
1123 2557 1248 2582 cruce.
1262 2544 1410 2583 Mosem
1431 2545 1588 2596 quippe'

97 2612 262 2651 extensis
286 2612 323 2649 in
341 2611 444 2662 ligno
463 2610 639 2649 manibus
659 2619 834 2649 orantem
851 2609 1026 2661 depingit
1044 2617 1172 2661 poeta,
1198 2608 1312 2657 ibid„
1335 2622 1373 2648 ν.
1397 2610 1496 2648 256:

253 2674 322 2719 ⁶0<
340 2674 504 2726 παλάμας
519 2673 682 2722 ἥπλωσεν
703 2673 760 2712 ἐπὶ
778 2671 877 2718 ξύλου
894 2672 1120 2725 πολυκάρπου
1132 2702 1143 2722 ,

98 2742 165 2790 (sic
179 2741 279 2780 enim
293 2739 527 2790 legendum),
543 2748 581 2776 et
594 2738 690 2776 alius
704 2737 752 2776 de
763 2738 917 2776 Christo
932 2738 1108 2788 loqucnS,
1124 2736 1190 2775 lib.
1209 2736 1463 2787 vt11,v.251,
1475 2750 1573 2788 sqq:
1617 2764 1628 2783 ·.

254 2805 323 2846 Ὃν
343 2807 475 2851 Μωσῆς
491 2803 647 2843 ἐτύπωσε
665 2802 845 2857 προτείνας
869 2801 998 2847 ὠλένας
1022 2801 1143 2854 ἁγνὰς,

257 2871 373 2910 Νικῶν
392 2869 446 2907 τὸν
468 2867 625 2920 Ἀμαλήκ
642 2866 773 2908 πίστει.
