1752 3495
188 279 272 325 ¹88
309 247 311 249 ¹
562 278 645 323 AD
677 252 1023 322 stssYLmNos
1057 273 1272 318 Lissaos

385 391 494 431 CAP.
517 391 616 430 VIII.
645 394 703 429 De
721 393 848 428 ultimo
865 388 1036 427 librorum
1058 386 1321 437 Sibyllmorum
1333 384 1435 436 sato.

230 493 382 534 Abolitn
394 493 474 545 jam
494 494 646 538 fuerant
659 502 827 532 extremo
840 490 1049 531 Theodosii
1067 489 1194 528 edicto
1213 488 1366 538 gentilia
1387 501 1506 540 sacra,
1516 491 1629 535 clausa

123 598 125 601 ,
176 559 336 611 templa,
356 559 519 611 spoliata
548 559 763 610 passimque
796 556 944 604 diruta,
981 555 1111 594 relicta
1138 562 1285 593 tantum
1311 553 1505 605 religionis
1534 559 1629 600 avitae

177 622 281 661 domi
294 622 462 661 colendae
473 622 618 674 privata
634 622 820 668 libertate,
833 633 952 671 quum
969 619 1092 657 adhuc
1103 618 1242 669 integri
1256 616 1457 655 manebant
1468 618 1629 670 Sibyllini

179 687 289 737 libri,
310 688 447 726 servati
476 687 548 726 sub
572 696 744 735 senatus,
766 686 820 724 uti
845 685 960 723 modo
983 683 1236 733 conjecimus,
1259 682 1426 721 invalida
1445 682 1530 722 licet
1545 714 1554 731 ,
1576 694 1629 726 tu-

178 753 271 797 tela,
294 752 417 791 donec
445 752 596 791 tandem
617 752 688 791 sub
714 751 876 790 llonorii
909 749 1146 801 principatu,
1175 748 1396 787 Stilichonis
1411 749 1539 800 jussu,
1556 765 1628 790 cre-

177 817 270 855 mati
293 826 402 866 sunt,
434 826 594 856 testante
623 825 661 856 et
688 817 848 854 multum
873 815 1026 853 dolente
1058 814 1204 852 Rutilio
1235 813 1486 861 Numatiano,
1515 814 1628 856 Itiner.

178 880 246 920 lib.
270 882 320 929 II,
336 894 375 920 v.
399 882 479 928 51„
499 894 581 932 sqq.
604 893 612 917 :

308 947 388 984 Nec
408 953 553 983 tantum
571 945 712 983 Geticis
731 953 920 996 grassatus
940 944 1119 995 proditor
1133 944 1272 992 armis,

361 1011 460 1048 Ante
478 1009 673 1060 Sibyllinae
694 1009 770 1048 fata
789 1009 976 1047 cremavit
996 1009 1093 1060 opis.

309 1074 469 1113 Odimus
489 1074 672 1112 Althaeam
692 1073 906 1125 consumpti
928 1074 1062 1111 sunere
1080 1073 1214 1124 torris;

362 1139 524 1178 Nisaeum
549 1141 694 1177 crinem
715 1140 807 1176 flere
824 1147 1010 1190 putantur
1027 1151 1138 1177 avesz

308 1205 356 1242 At
375 1204 538 1243 Stilicho
557 1203 687 1242 aeterni
711 1203 839 1241 satalia
861 1204 1023 1255 pignora
1044 1203 1151 1255 regni

363 1269 410 1306 Et
431 1269 559 1319 plenas
578 1268 701 1306 voluit
723 1269 961 1320 praecipitare
979 1268 1100 1308 colus.

177 1332 292 1372 Vides
309 1332 452 1370 ethnici
473 1342 596 1384 poetae
621 1333 924 1384 indignationem
938 1362 947 1378 ,
972 1331 1119 1371 fabulas
1142 1331 1218 1370 huc
1237 1330 1430 1370 asserentis
1460 1328 1631 1371 obsoletas

179 1397 228 1435 de
253 1397 394 1435 Althaea
428 1398 607 1449 Meleagri
632 1404 751 1437 matre
777 1406 815 1436 et
838 1398 885 1436 de
910 1398 1034 1449 Scylla
1068 1398 1166 1450 regis
1197 1397 1275 1448 Nisi
1303 1397 1400 1445 filia,
1427 1409 1511 1447 quae
1538 1396 1631 1435 fatale

179 1462 319 1513 pignus
347 1462 467 1501 ambae
497 1463 679 1502 dicuntur
716 1463 968 1511 exstinxisse,
1000 1463 1080 1502 haec
1111 1463 1216 1509 nati,
1248 1462 1312 1500 illa
1339 1461 1457 1513 patris
1479 1462 1582 1499 simul
1603 1471 1633 1500 et

180 1527 301 1578 regui.
320 1528 393 1565 Sed
410 1536 538 1566 amoto
559 1528 698 1579 poetici
718 1528 862 1566 doloris
884 1528 974 1566 luxu
987 1557 998 1576 ,
1021 1541 1099 1565 rein
1125 1528 1246 1580 ipsam
1264 1527 1495 1576 intueamur,
1513 1534 1548 1565 et
1568 1540 1632 1578 quo

179 1605 282 1630 anno
296 1593 538 1631 commissum
560 1593 634 1631 hoc
650 1607 669 1630 a
689 1594 901 1632 Stilichone
921 1594 1048 1643 fuerit,
1074 1593 1326 1643 inquiramus.

233 1657 379 1696 Scimus
397 1658 501 1696 illum
521 1659 714 1710 egregium
743 1659 893 1708 ducem,
914 1667 1066 1696 mortuo
1089 1657 1335 1709 Theodosio,
1360 1656 1467 1708 regni
1497 1655 1632 1694 tutelam

182 1723 397 1775 sumpsisse,
417 1737 518 1762 anno
544 1733 632 1776 post
656 1724 751 1764 Chr.
774 1734 855 1764 nat.
879 1725 969 1774 395,
994 1738 1037 1762 ac
1055 1723 1207 1761 demum
1229 1722 1392 1762 IIonorii
1408 1721 1529 1774 jussu,
1548 1734 1633 1759 anno

183 1789 271 1835 408,
292 1788 370 1827 vita
387 1788 567 1827 orbatum
588 1789 715 1828 fuisse.
736 1790 822 1828 Istis
840 1803 932 1841 ergo
950 1788 1137 1827 limitibus
1153 1789 1311 1840 quaestio
1335 1787 1559 1826 continetur.

234 1854 468 1892 Putaverunt
493 1855 670 1905 quidam,
699 1863 815 1906 atque
835 1855 934 1892 inter
957 1867 1022 1893 eos
1048 1854 1237 1902 Gallaeus,
1260 1852 1308 1890 ‹le
1339 1851 1469 1902 Sibyll.
1496 1865 1532 1903 p.
1558 1851 1633 1899 278,

179 1917 411 1968 astipulante
431 1919 588 1956 doctore
606 1919 797 1958 Prideaux
815 1949 825 1964 ,
847 1933 917 1958 nec
935 1919 1095 1957 multum
1116 1918 1360 1957 dissentiente
1380 1916 1634 1965 Wernsdorfio,

183 1982 312 2021 Rutilii
333 1982 481 2021 editore
501 1983 736 2030 doctissimo,
752 1984 788 2021 in
804 1983 897 2022 Exc.
914 1975 961 2021 a‘d
983 1983 1019 2020 h.
1042 1983 1301 2033 I.,impulsum
1322 1995 1368 2020 eo
1389 1981 1503 2019 fuisse
1519 1982 1636 2019 nono-

179 2046 297 2093 rium,
332 2048 410 2086 sive
441 2048 521 2098 ojus
540 2049 780 2097 ministrum,
808 2058 969 2101 propter
1002 2049 1217 2100 divulgatos
1246 2047 1294 2086 ab
1325 2047 1489 2086 ethnicis
1522 2059 1635 2083 versus

181 2112 366 2163 quosdam
392 2127 548 2165 graecoS,
572 2114 711 2166 quibus
739 2114 949 2153 canebatur
967 2115 1088 2154 assore
1105 2114 1323 2152 christianae
1347 2112 1521 2164 religioni
1541 2112 1636 2148 iinezn

183 2187 272 2229 post
288 2191 408 2217 annos
427 2192 445 2217 a
468 2179 622 2218 Christo
642 2188 795 2218 mortuo
816 2181 905 2229 365,
926 2181 1028 2231 quod
1046 2180 1084 2219 in
1104 2180 1267 2220 lionorii
1284 2187 1460 2231 quartum
1481 2175 1637 2215 consula-

185 2252 265 2282 tum
286 2245 365 2283 sive
383 2258 523 2284 annum
538 2247 612 2296 398
625 2245 801 2293 cadebat,
820 2256 1000 2285 narrante
1018 2260 1096 2285 rem
1116 2256 1235 2285 totam
1259 2245 1482 2297 Augustino,
1503 2242 1548 2280 de
1568 2241 1636 2280 civ.

185 2310 269 2359 Dei,
282 2311 349 2350 lib.
365 2312 498 2359 XVIII,
517 2316 536 2359 S
557 2313 622 2360 53,
641 2326 710 2363 sq.,
726 2312 792 2350 sed
812 2312 863 2350 ita
877 2321 921 2350 ut
937 2313 1091 2352 Graecos
1110 2312 1264 2365 quidem
1285 2323 1416 2349 versus
1438 2307 1636 2359 fatiloquOS.

183 2387 263 2413 non
282 2385 408 2414 tamen
423 2375 630 2428 Sibyllinos
648 2381 806 2428 usquam
828 2386 1042 2429 nuncupet.

239 2444 286 2478 At
301 2455 389 2479 ecce
409 2455 511 2479 anno
536 2442 647 2479 etiam
675 2444 750 2492 399
771 2441 954 2480 recitabat
976 2443 1014 2479 in
1032 2451 1164 2481 senatu
1181 2441 1415 2481 Claudianus
1437 2450 1582 2478 carmen
1600 2434 1640 2472 de

183 2502 284 2542 bello
301 2504 526 2555 Gildonico,
543 2505 580 2542 in
601 2518 678 2557 quo
699 2506 855 2544 Romam
875 2505 929 2544 sic
950 2505 1098 2544 inducit
1115 2506 1352 2557 loquentem,
1370 2518 1410 2544 v.
1433 2505 1496 2551 αδ,
1521 2513 1596 2552 sqq.
1615 2512 1622 2535 ἰ

341 2569 380 2609 Si
398 2582 481 2607 mea
497 2569 684 2608 mansuris
699 2579 920 2608 meruerunt
939 2571 1075 2608 moenia
1095 2571 1214 2616 nasci,

345 2634 512 2686 Jupiter,
532 2635 725 2686 auguriis3
746 2635 777 2673 si
791 2644 893 2674 stant
911 2635 1069 2674 immota
1089 2635 1244 2687 Sibyllae

345 2698 522 2737 Carmina
533 2729 648 2740 .....

190 2761 312 2812 Idem,
327 2764 495 2801 carmine
510 2765 547 2802 in
565 2765 807 2816 Eutropium,
825 2764 893 2804 lib.
912 2765 943 2814 1,
961 2779 1028 2804 v.1
1040 2780 1054 2803 1
1066 2794 1076 2814 ,
1094 2766 1168 2804 hoc
1184 2765 1269 2816 ipso
1286 2777 1385 2803 anno
1403 2759 1644 2802 exclamabat:

347 2824 528 2877 Pandite,
552 2829 751 2880 pontifices
764 2858 774 2877 ,
792 2830 972 2868 Cumanae
991 2830 1159 2868 carmina
1176 2829 1289 2869 vatis.

189 2893 301 2932 Tunc
317 2892 433 2944 igitur
449 2901 487 2931 et
504 2893 591 2931 libri
609 2894 782 2944 immoti,
803 2894 841 2932 id
860 2903 936 2941 est,
964 2894 1177 2933 incolumes
1196 2893 1409 2945 integrique
1434 2888 1644 2933 manebant,

189 2965 227 2995 et
246 2957 563 3008 quindecimviri,
580 2972 678 3010 quos
698 2969 809 3011 poeta
841 2960 1040 3011 pontifices
1056 2967 1189 3007 vocat,
1208 2959 1319 2997 titulo
1335 2957 1460 2996 adhuc
1474 2967 1540 2994 suo
1554 2952 1646 2990 srue-
