1752 3495
0 59 355 167 &3822

357 287 468 345 AD
524 281 1065 344 SIBYLLINOS.
1102 274 1420 342 LIBROS

452 397 490 497 ³
546 461 1114 547 EXCURSUS
1164 465 1226 544 1.

693 840 768 882 DE
799 839 1086 883 SIBYLLIS.

206 1128 370 1166 anum
386 1135 462 1160 vox
481 1128 538 1160 est
559 1133 679 1172 graeca
697 1132 742 1157 ex
762 1119 1027 1170 antiquissima
1044 1118 1205 1158 dialecto
1225 1120 1372 1168 aeolica,
1388 1121 1426 1159 in
1444 1134 1522 1173 qua
1538 1116 1622 1171 σιός,

155 1205 222 1230 seu
241 1190 367 1242 potius
390 1194 557 1225 retracto
577 1193 740 1223 accentu
759 1182 829 1226 σίος
844 1212 854 1230 ,
875 1183 975 1221 idem
1001 1184 1105 1234 quod
1126 1182 1199 1229 θεός
1215 1213 1226 1233 ,
1250 1193 1287 1222 et
1305 1182 1413 1236 βόλλα
1432 1199 1498 1224 seu
1517 1186 1628 1238 βύλλα

155 1256 256 1295 idem
274 1253 377 1306 quod
401 1250 505 1305 βουλή
527 1250 672 1289 sonuit.
695 1250 793 1288 Sane
821 1262 895 1286 vox
923 1248 994 1293 σιός
1015 1248 1118 1299 apud
1143 1250 1266 1288 Dores
1289 1250 1424 1298 etiam,
1454 1251 1628 1292 AEoiibus

154 1327 356 1372 cognatos,
378 1317 444 1355 diu
466 1311 626 1372 mansit}
653 1313 755 1365 apud
782 1313 952 1351 Lacones
973 1313 1181 1364 praesertim
1199 1343 1210 1362 ‚
1232 1323 1325 1352 teste
1348 1305 1561 1355 non'semel
1585 1317 1625 1356 in

154 1384 347 1424 comoediis
366 1381 640 1431 Aristophane3
661 1379 909 1428 videmusque
923 1391 1005 1415 eain
1022 1378 1060 1415 in
1078 1379 1353 1430 componendis
1368 1379 1510 1417 aeolicis
1525 1380 1628 1419 dori·

154 1451 281 1501 cisque
296 1445 513 1486 nominibus
532 1444 664 1482 eodem
684 1444 797 1494 plane
816 1442 928 1480 modo
945 1456 1022 1494 quo
1040 1443 1077 1480 in
1093 1443 1247 1494 Sibyllae
1266 1444 1421 1482 nomine
1436 1447 1625 1497 usurpari,

154 1522 384 1553 contractam
406 1510 582 1549 videlicet
601 1509 638 1548 tn
659 1523 712 1546 σει
730 1508 786 1546 vel
807 1522 855 1554 σι,
877 1507 1062 1559 producta
1092 1516 1216 1546 tamen
1245 1509 1382 1560 saepius
1406 1523 1518 1561 quam
1539 1524 1626 1549 cor-

153 1590 261 1631 repta
288 1577 459 1629 syllaba:
482 1574 606 1626 qualia
638 1581 728 1611 sunt
758 1572 944 1615 Σειὸέκτας
974 1586 1044 1624 pro
1068 1572 1288 1621 Θεοδέκτης,
1321 1573 1522 1623 §sinon-„03
1553 1590 1626 1628 pm

154 1644 382 1694 Θεόπομπος,
420 1641 582 1691 Σείτιμος
620 1652 691 1689 pro
726 1636 916 1686 Θεότιμος,
945 1637 982 1674 in
1014 1637 1328 1688 inscriptionibus
1360 1637 1559 1689 Lacbniae,
1590 1651 1626 1678 et

153 1711 234 1747 haec.
257 1708 473 1758 antiquiora
493 1704 594 1755 apud
625 1701 772 1749 AEoles,
804 1701 954 1755 Σίσυφος
983 1716 1054 1754 pro
1075 1702 1268 1755 Θεόσοφος,
1298 1703 1450 1747 Σίπυλος
1483 1706 1591 1757 (cum
1615 1720 1625 1743 ι

154 1771 286 1825 brevi)
314 1785 384 1823 pro
413 1768 607 1814 Θεόπολος,
635 1768 785 1817 aliaque
814 1767 974 1804 sortasse
997 1766 1147 1804 similia.
1168 1767 1283 1806 Βάλλα
1304 1776 1428 1807 autem
1453 1769 1622 1808 aeolicum

155 1852 223 1889 pro
240 1836 345 1888 βουλή
362 1834 578 1886 agnoscitur
592 1846 611 1869 a
628 1834 799 1870 Varrone
813 1831 911 1879 apud
930 1831 1190 1879 Plutarchum,
1206 1832 1346 1877 Quaest.
1362 1832 1473 1870 Rom.
1495 1841 1522 1872 t.
1539 1834 1623 1881 VH,

155 1918 192 1954 p.
219 1902 312 1946 158,
332 1900 392 1938 cd.
412 1899 555 1944 lteisk„
579 1897 792 1948 legiturque
815 1897 851 1933 in
874 1896 1024 1945 Cymaea
1047 1896 1295 1946 inscriptione
1320 1897 1422 1947 apud
1441 1898 1624 1948 Caylum,

155 1968 282 2016 Antiq.
313 1973 341 2002 t.
367 1964 415 2009 11,
437 1962 514 2000 tab.
552 1962 622 2009 57,
658 1962 726 1998 lin.
765 1961 812 1998 25
836 1974 843 1997 :
866 1961 1123 1999 ΔΕΔΟΧΘΑΙ
1153 1961 1218 1998 ΤΑ
1248 1963 1412 2001 ΒΟΛΛΑ
1439 1964 1524 2001 ΚΑΙ
1554 1964 1623 2003 ἸῺ

155 2031 309 2078 ΔᾹΜΩ,
333 2038 370 2066 ct
390 2029 427 2066 in
448 2027 529 2063 aliis
553 2026 642 2063 item
670 2024 818 2062 duabus
836 2038 855 2061 a
881 2025 1014 2062 Koenio
1036 2024 1157 2061 citatis
1184 2024 1231 2061 ad
1261 2026 1374 2076 Greg.
1395 2025 1482 2064 Cor.
1500 2040 1539 2077 p.
1561 2029 1623 2074 82,

155 2111 264 2147 seq.:
299 2093 401 2146 quod
436 2104 542 2142 aeque
577 2084 685 2141 βύλλόι
706 2103 785 2127 esse
809 2088 1015 2139 antiquitus
1039 2088 1184 2139 potuit,
1213 2097 1290 2127 tum
1324 2104 1440 2141 quum
1471 2091 1622 2140 AEolcs,

156 2162 316 2200 muitum
339 2158 386 2196 de
406 2156 573 2207 Pelasgis
588 2156 805 2200 retinentes,
825 2170 843 2192 0
858 2162 894 2191 et
916 2169 934 2191 υ
950 2154 1064 2191 literis
1079 2154 1294 2204 promiscue
1306 2155 1384 2193 sere
1405 2155 1625 2210 utebantur,

157 2226 256 2264 unde
276 2224 432 2273 reliquae
461 2222 541 2259 istae
568 2234 704 2257 vocum
732 2220 878 2265 formae,
911 2218 1021 2268 ὄνυμα
1039 2232 1108 2269 pro
1133 2217 1256 2270 ὄνομα,
1286 2218 1377 2271 ὄρνις
1404 2234 1475 2271 pro
1506 2221 1620 2275 ὄρνις,

156 2291 272 2342 ὔμοιος
291 2302 360 2339 pro
379 2286 496 2338 ὅμοιος
513 2315 523 2332 ,
545 2284 614 2323 ἀπό
638 2298 710 2335 pro
730 2283 798 2322 ἀπό
812 2313 822 2333 ‚
838 2291 908 2322 etc.
926 2283 1015 2333 Ipsa
1032 2283 1095 2320 ina
1113 2283 1264 2334 liquidae
1277 2283 1395 2322 literae
1416 2286 1622 2336 geminatio

156 2369 240 2393 cum
264 2353 453 2391 vocalium
478 2351 725 2401 correptione
749 2361 905 2399 prorsus
929 2348 1100 2385 aeolicum
1123 2356 1253 2394 sonat,
1276 2357 1319 2386 ut
1343 2349 1500 2402 Μύρωνα
1523 2351 1623 2389 idem

156 2419 259 2471 quod
279 2418 435 2469 Μυρίνη,
455 2416 605 2455 Φίλιννα
625 2414 729 2466 qnod
751 2412 881 2459 Φιλίνη
895 2443 904 2461 ,
928 2422 1000 2451 etc.
1017 2414 1112 2451 Nota
1142 2413 1220 2450 haec
1241 2414 1366 2452 omnia
1390 2428 1410 2453 e
1433 2429 1622 2467 gramma·

157 2485 249 2523 tit-is.
269 2482 423 2523 Σίὸυλλα
445 2481 559 2533 igitur
585 2480 695 2531 quasi
713 2477 894 2525 Θεοῧούλη
910 2506 920 2523 ,
939 2478 1077 2515 mulier
1101 2486 1156 2515 est
1181 2478 1247 2515 Dei
1268 2479 1515 2518 consiliorum
1538 2495 1627 2533 par-

157 2552 290 2600 ticeps,
312 2546 437 2591 idest,
456 2560 622 2597 przesaga
641 2554 676 2582 ct
700 2544 869 2582 fatidica.
890 2542 1011 2581 Habet
1031 2543 1102 2580 hoc
1122 2551 1274 2592 etymon
1298 2546 1416 2582 Varro
1438 2545 1538 2596 apud
1561 2547 1629 2585 La-

157 2614 341 2653 ctantium
355 2642 366 2658 ,
391 2611 475 2651 Div.
496 2612 587 2649 lnst.
612 2609 680 2648 lib.
701 2609 738 2653 1,
754 2623 836 2660 cap.
856 2609 893 2654 6,
913 2607 1119 2659 probatum
1137 2607 1383 2659 Hieronymo,
1398 2609 1485 2648 adv.
1501 2611 1629 2650 Jovin.

159 2681 225 2719 lib.
253 2680 288 2724 1,
311 2682 331 2724 S
352 2683 421 2723 413
450 2676 580 2714 Servio
606 2675 652 2712 ad
673 2675 755 2713 [ΕΠ.
784 2674 864 2721 ΠΙ,
896 2673 994 2721 445,
1020 2680 1057 2710 et
1083 2672 1132 2710 Vl
1149 2700 1159 2718 ,
1188 2685 1256 2719 ¹23
1280 2673 1450 2718 Isidoro,
1484 2675 1627 2726 Origin.

158 2746 225 2783 lib.
243 2744 351 2791 vm,
369 2756 455 2793 cap.
480 2743 524 2787 83
546 2754 613 2779 nec
633 2755 656 2778 a
672 2741 845 2778 Varrone
867 2739 993 2790 primo
1009 2767 1019 2785 ,
1041 2738 1113 2775 nisi
1135 2737 1324 2785 fallimur,
1348 2739 1601 2790 excogitatum
1616 2772 1627 2789 ,

162 2809 225 2846 scd
245 2807 294 2846 ab
311 2804 608 2857 antiquioribus,
626 2805 813 2842 incertum
836 2802 990 2853 quibus,
1011 2801 1152 2841 Graecis
1171 2802 1391 2841 auctoribus
1409 2812 1631 2855 acceptum3

166 2886 250 2909 nam
275 2872 406 2909 codem
431 2871 639 2920 respexisse
660 2878 807 2908 constat
836 2868 1046 2908 Diodorum
1064 2876 1101 2905 ct
1118 2868 1343 2916 arrianum,
1368 2869 1430 2918 qui
1464 2869 1635 2918 profecto

298 2944 385 2987 111.
1256 2992 1259 2995 ¹
1422 2953 1435 2982 ι

72 3364 263 3438 μῦς)
