1752 3495
656 151 971 196 exemistis
1007 154 1088 196 111.
1265 118 1270 121 ’
1446 196 1454 207 ,
1520 153 1612 197 223

148 252 275 292 latinas
291 245 491 297 religiones
510 243 607 282 inito
629 244 737 282 latini
758 245 870 284 etiam
898 245 992 283 vatis
1018 257 1156 283 nomen
1176 245 1398 299 adderetur,
1415 257 1492 296 quo
1512 245 1615 284 fraus

147 316 275 356 melius
293 310 551 353 occuleretur,
577 307 763 360 sucusque
782 309 928 347 facilius
945 309 1071 357 fieret,
1096 322 1214 360 quum
1236 310 1275 347 in
1301 319 1448 358 senatu,
1476 319 1554 348 tum
1576 311 1615 348 in

147 379 266 432 plebe,
295 373 457 413 indoctis
475 379 512 410 et
530 371 692 423 inepti5‚
723 386 810 423 quae
847 372 989 424 ubique
1009 371 1129 410 multo
1154 371 1276 423 major
1302 374 1499 412 hominum
1529 387 1616 425 pars

149 451 215 483 est.
240 435 453 479 Decemviri
475 448 585 483 vcro,
604 436 635 473 si
656 436 723 486 qui
744 436 870 475 adhuc
902 435 1189 488 repugnabant,
1213 436 1252 473 in
1275 449 1393 475 novas
1420 447 1544 489 partes
1569 451 1617 475 co

150 504 287 545 facilius
302 498 486 553 pertracti
497 508 599 550 sunt,
615 499 719 550 quod
736 499 798 537 illa
814 499 982 538 novitate
997 499 1081 551 plus
1095 499 1214 537 multo
1228 499 1418 551 dignitatis
1434 511 1471 539 et
1487 511 1618 540 aucto-

149 568 267 608 ritatis
294 563 453 614 collegio
474 576 544 601 suo
567 562 656 600 addi
681 563 868 602 viderent.
898 564 952 602 lta
972 563 1072 601 enim
1091 563 1169 601 duo
1191 562 1374 601 beneficia
1402 577 1618 616 conseque·-

98 671 101 673 .
150 634 297 676 bantur,
319 641 451 673 unum,
481 627 585 677 quod
621 626 859 664 ordinarium
878 626 957 678 jam
979 627 1237 666 sacerdotium
1271 640 1386 679 penes
1407 640 1447 665 se
1475 629 1615 667 retine-

153 697 250 745 bant,
270 692 487 742 flebantque
507 691 546 728 in
560 690 730 741 singulos
751 704 871 728 annos
895 691 1008 728 certis
1026 690 1162 729 diebus
1176 690 1392 737 necessarii,
1410 692 1477 741 qui
1497 701 1620 739 antea,

125 790 127 792 -
152 760 218 798 nisi
239 757 468 796 calamitates
495 763 561 792 aut
581 754 756 805 prodigia
776 755 1021 805 exstitissent,
1047 755 1093 793 ad
1122 756 1263 793 nullam
1293 756 1373 792 sere
1401 769 1480 793 rem
1510 757 1621 794 utiles

155 831 273 869 erant3
296 822 454 859 alterum
479 818 584 869 quod
603 818 783 869 deinceps
805 820 982 870 proprios
1011 833 1099 857 suos
1121 820 1216 857 ritus
1234 818 1272 857 ct
1291 819 1527 858 caerimonias
1553 821 1623 858 ha-

155 888 300 932 bebant,
316 883 454 935 quibus
473 897 494 921 a
516 883 654 921 ceteris
678 884 903 922 sacerdotiis
926 885 1084 922 omnino
1105 893 1407 930 secernerentur,
1428 885 1530 924 unde
1548 886 1621 937 ipsi

158 949 319 991 l’ontiliei
350 948 519 986 Maximo
549 947 672 984 miuus
704 947 849 985 subditi
885 949 1080 999 magisque
1117 949 1173 986 sui
1207 947 1305 999 juria
1340 957 1475 986 essent.
1509 949 1622 986 Favet

157 1013 351 1066 praesertim
373 1009 605 1060 conjectura)
625 1020 760 1049 nostrie
783 1012 818 1049 id
837 1011 957 1062 quod,
978 1026 995 1049 11
1023 1012 1130 1050 Livio
1153 1012 1357 1057 omissum,
1378 1025 1400 1050 a
1425 1011 1622 1050 Mam-obio

158 1078 317 1122 additur,
341 1076 411 1113 100.
430 1076 509 1121 cit.‚
530 1075 719 1112 institutos
745 1075 858 1113 fuisse
887 1084 963 1112 tum
985 1076 1150 1126 primum
1174 1076 1257 1114 illos
1278 1075 1417 1113 ludos«
1440 1075 1624 1114 suadente

159 1160 172 1176 «
191 1140 360 1180 Cornelio
381 1139 480 1178 Ruso
506 1139 740 1187 decemviro,
760 1140 827 1190 qui
851 1149 1054 1191 propterea
1085 1140 1228 1190 Sibylla
1248 1130 1537 1192 cognominatus
1553 1149 1624 1186 est,

160 1215 223 1243 «et
247 1214 373 1256 postca
403 1211 589 1253 corrupto
620 1203 776 1240 nomine
809 1204 955 1254 primus
994 1204 1099 1254 Sylla
1129 1204 1245 1255 coepit
1276 1203 1482 1242 vocitari.»
1510 1204 1624 1243 Vides

162 1270 264 1319 igitur
282 1281 301 1304 a
321 1266 537 1304 decemviro
559 1274 596 1303 et
613 1266 774 1316 patricio
791 1275 828 1304 et
844 1267 1022 1305 Cornelio
1043 1276 1262 1318 promotum
1286 1280 1367 1304 esse
1389 1267 1481 1304 illud
1509 1281 1626 1318 nego-

163 1335 269 1371 tiumt
291 1331 400 1380 idque
415 1330 601 1380 quosdam
619 1345 640 1367 0
668 1330 780 1381 plebe
798 1329 1053 1368 subodoratus
1069 1344 1150 1369 esse
1172 1331 1377 1380 credimus,
1403 1340 1518 1381 atque
1535 1331 1626 1369 inde

164 1394 386 1448 pei-ironiam
403 1393 566 1444 primum
583 1393 747 1431 inditum
765 1394 854 1432 huic
866 1394 980 1444 Syllae
991 1407 1219 1445 cognomen,
1238 1394 1341 1446 quod
1354 1394 1435 1446 ejus
1446 1393 1626 1446 deinceps

166 1459 293 1510 posteri
317 1457 473 1495 lionoris
495 1471 609 1496 causa
629 1458 884 1498 retinuerunt.

210 1525 295 1568 Quae
325 1522 354 1559 si
380 1530 482 1559 reete
509 1521 743 1573 conjecimus
760 1552 769 1570 ,
803 1522 977 1573 sequitur
1005 1531 1091 1561 ante
1110 1523 1298 1561 Punicum
1330 1521 1469 1561 bellum
1490 1536 1625 1561 secun·

166 1587 246 1624 dum
265 1585 496 1623 decemviros
513 1585 632 1623 latino
654 1586 752 1633 ritu,
779 1588 876 1624 sicut
893 1595 1040 1625 ceteros
1060 1587 1289 1634 sacerdotes,
1310 1600 1399 1624 usos
1428 1600 1524 1635 esse,
1554 1587 1626 1626 uisi

168 1650 254 1686 sorte
282 1649 591 1688 extraordinariis
625 1649 672 1687 de
702 1651 847 1696 causis,
880 1651 930 1688 ita
963 1650 1111 1688 volente
1145 1650 1332 1701 Sibyllino
1363 1664 1548 1702 responso
1581 1665 1626 1688 ac

167 1721 283 1751 senatu
305 1714 352 1751 ita
377 1713 620 1752 decernente.
645 1715 853 1765 Postquam
871 1723 994 1752 autem
1020 1714 1098 1752 ludi
1119 1714 1360 1766 Apollinares
1377 1715 1495 1753 annui
1519 1714 1626 1754 insti-

169 1778 229 1814 tuti
254 1786 351 1823 sunt,
379 1777 548 1828 illudque
568 1792 715 1816 sacrum
739 1779 978 1816 ordinarium
999 1779 1139 1817 sactum
1161 1788 1229 1824 est,
1254 1781 1290 1817 in
1319 1794 1396 1830 quo
1417 1781 1626 1831 praecipuas

170 1849 281 1889 partes
300 1855 407 1892 agere
427 1856 579 1880 necesso
607 1852 687 1881 erat
709 1844 862 1882 Xvirale
894 1843 1096 1893 collegium
1111 1872 1120 1890 ,
1142 1843 1324 1894 paulatim
1347 1844 1472 1882 evenit
1491 1853 1532 1882 ut
1553 1858 1626 1896 pro

170 1905 273 1943 latino
292 1919 450 1957 graecum
473 1908 567 1945 illud
586 1907 842 1946 sacerdotium
864 1909 968 1945 fieret
982 1937 993 1958 ,
1017 1908 1123 1959 quod
1143 1909 1279 1955 Varro,
1302 1908 1375 1948 loc.
1398 1909 1476 1956 cit„
1496 1918 1627 1960 aperte

170 1967 285 2017 docet,
313 1971 491 2021 quodque
517 1972 749 2010 Klausenius
770 1973 808 2009 in
827 1973 948 2022 majus
975 1973 1106 2021 auxit,
1138 1971 1324 2009 taxandus
1346 1980 1503 2010 eatenus
1521 1986 1629 2011 erro-

169 2032 234 2080 ris,
255 2044 436 2084 quatenus
465 2035 568 2074 hunc
600 2049 742 2074 morem
771 2036 883 2073 nimis
918 2036 966 2073 ab
986 2036 1087 2084 alto,
1107 2049 1244 2086 nempe
1273 2035 1321 2073 ab
1357 2036 1441 2086 ipsa
1474 2037 1626 2089 collegii

171 2098 303 2148 origine
322 2108 435 2149 atque
454 2100 503 2138 ab
525 2101 640 2139 initiis
660 2114 766 2151 prone
790 2101 953 2139 civitatis
976 2101 1174 2148 Romnum,
1197 2101 1389 2151 repetivit.

217 2162 292 2199 Non
310 2163 538 2212 addidimus,
562 2179 631 2203 nec
659 2165 751 2203 satis
771 2165 911 2202 scimus
930 2166 1135 2203 Klausenio
1154 2165 1271 2216 magis
1291 2177 1337 2201 an
1358 2163 1472 2202 nobis
1490 2165 1627 2215 timeat,

171 2225 262 2273 quod
283 2228 398 2264 multo
421 2231 543 2267 etiam
567 2238 653 2280 post
682 2230 768 2267 illos
794 2230 905 2266 ludos
925 2229 1140 2274 institutos,
1167 2241 1266 2266 anno
1291 2236 1378 2278 post
1398 2227 1491 2267 Urb.
1515 2229 1628 2267 cond.

173 2302 304 2328 ncxxix
324 2292 441 2343 (Livio
462 2294 640 2345 ncxxvu)
657 2322 668 2341 ,
691 2295 742 2334 M.
763 2294 916 2333 Plautio
939 2295 1114 2344 llypszeO,
1132 2294 1181 2332 M.
1206 2293 1336 2331 Fulvio
1358 2293 1490 2331 Flacco
1509 2306 1621 2346 coss„

175 2352 200 2388 si
225 2355 421 2407 Plilegonti
445 2359 534 2397 {ides
555 2372 621 2398 cos
640 2362 880 2411 magistratus
900 2360 1086 2407 tradenti,
1110 2360 1157 2397 dc
1177 2358 1312 2398 Min-ab.
1341 2373 1426 2410 cap·
1453 2373 1509 2406 ιο,
1530 2360 1628 2410 jussi

173 2427 251 2455 sunt
265 2419 465 2460 decemviri
484 2436 607 2473 graeco
624 2425 698 2461 ritu
722 2438 830 2462 sacra
861 2426 1008 2467 faeere,

548 2487 705 2540 Ἄχαϊστὶ
726 2488 800 2527 τάδ’
822 2487 944 2542 ἕρδειν.

173 2543 255 2582 Nam
275 2558 517 2600 prze-terquam
544 2562 672 2602 posset
692 2553 766 2590 1100
782 2584 792 2601 ,
813 2566 1053 2603 supervacue
1069 2553 1257 2599 additum,
1277 2552 1490 2600 abundare,
1510 2552 1628 2604 utju-

174 2606 371 2649 riseonsulti
393 2613 520 2659 aiunt.
540 2628 617 2652 non
640 2629 789 2653 sensum
817 2616 977 2664 vitiare,
1000 2616 1115 2654 etiam
1147 2616 1246 2653 infra
1275 2629 1343 2654 suo
1366 2615 1452 2654 loco
1467 2615 1629 2654 demon-

173 2671 340 2712 strabitur
356 2676 546 2727 antiquius
567 2679 688 2716 multo
710 2679 825 2717 fuisse
855 2679 929 2717 1100
949 2680 1146 2717 oraculum
1172 2680 1381 2730 quamvsuis
1408 2679 1645 2718 consulibus·

175 2733 366 2785 iudicatur,
387 2754 521 2791 nempe
541 2756 615 2780 uno
637 2744 713 2781 sere
731 2744 869 2781 saeeulo
892 2745 1045 2782 Punicis
1065 2744 1174 2781 bellis
1194 2744 1360 2781 anterius
1379 2758 1387 2782 ε
1410 2758 1530 2795 quare
1555 2746 1629 2782 sin·

175 2797 282 2843 011111νί
301 2829 308 2846 ,
347 2816 418 2840 uon
460 2817 741 2855 supervacanea
784 2808 946 2846 formula
974 2807 1192 2857 adjunctam
1233 2821 1313 2846 esse
1354 2808 1449 2846 lianc
1489 2810 1605 2860 legem
1619 2838 1629 2855 ‚
