1752 3495
532 345 1095 470 Excusssms
1144 378 1286 460 ιιι.-

357 775 433 818 1)Ε
463 768 799 817 SIBYLLINIS
828 763 1204 811 ROMANORUM
1231 763 1444 807 LIBRIS.

231 929 285 966 De
307 925 499 976 Sibyllinis
518 924 767 962 Romanorum
792 917 921 965 libris,
947 922 1171 966 argumento
1197 915 1394 953 notissimo
1415 923 1488 954 eta
1510 918 1628 957 multis

177 1000 354 1036 tractam,
372 1003 452 1027 eam
471 985 675 1026 disserendi
694 984 789 1021 viam
807 979 1078 1031 ingrediemur,
1097 986 1139 1016 ut
1159 978 1324 1029 primum
1339 979 1387 1017 de
1406 993 1537 1018 eorum
1557 983 1628 1020 ori-

175 1059 263 1108 giue
284 1064 321 1094 et
343 1055 516 1096 historia,
541 1059 665 1103 postea
687 1049 733 1086 de
747 1045 862 1084 'modo
887 1058 931 1082 ac
950 1045 1098 1081 ratione
1118 1043 1222 1094 ipsos
1249 1043 1440 1091 adeundi,
1461 1044 1628 1095 inquira-
1649 1076 1653 1080 ,

177 1132 272 1159 mus.
304 1120 356 1157 lta
385 1125 508 1154 noster
533 1116 719 1153 Excursus
744 1109 850 1161 quasi
878 1117 1015 1159 sponte
1043 1108 1081 1145 in
1112 1107 1207 1145 duas
1238 1107 1387 1145 scindet
1414 1121 1452 1147 se
1479 1118 1626 1159 partes,

175 1184 264 1230 etsi,
283 1190 439 1233 propter
456 1177 648 1217 ambarum
669 1172 968 1225 conjunctionem
988 1171 1258 1219 arctissimam,
1279 1172 1400 1210 visum
1421 1180 1479 1209 est
1500 1172 1625 1221 nobis,

177 1257 215 1285 nt
234 1259 356 1284 reruni
378 1254 542 1282 tenorem
563 1253 698 1286 unum,
723 1239 771 1276 ita
791 1237 955 1288 capitum
977 1249 1091 1274 unam
1112 1236 1247 1274 seriem
1267 1235 1472 1275 deducere.

213 1466 318 1505 CAP.
341 1465 365 1502 l.
394 1467 452 1500 An
470 1465 586 1511 aliqui
602 1472 720 1497 revera
729 1458 879 1507 ficerint
895 1459 1002 1507 apud
1020 1459 1205 1494 Romanos
1223 1457 1398 1506 Sibyllini
1415 1472 1478 1495 seu
1499 1463 1588 1497 tales

793 1524 882 1559 dlett'
902 1520 997 1561 libri.
1044 1551 1046 1554 ,

221 1638 374 1677 Constat
396 1636 494 1673 inter
512 1647 641 1673 omnes
658 1646 799 1672 morem
823 1632 936 1670 fuisse
957 1630 1140 1670 Romanis
1156 1639 1220 1680 ut,
1237 1633 1385 1683 quoties
1410 1633 1622 1685 prodigium

169 1700 321 1753 aliquod
347 1712 520 1751 magnum
547 1698 730 1737 evenisset
763 1705 829 1734 aut
854 1696 1035 1734 inusitata
1062 1696 1272 1745 calamitas,
1296 1707 1448 1736 senatus
1472 1698 1622 1747 juberet

166 1767 281 1806 libros
299 1765 502 1816 Sibyllinos
521 1763 635 1812 adiri,
651 1776 697 1801 ex
715 1776 875 1813 quornm
901 1761 1040 1800 deinde
1059 1761 1250 1813 responsis
1265 1763 1434 1801 remedia
1454 1764 1621 1814 quaedam

165 1830 421 1880 superstitiosa
444 1828 608 1880 publicis
634 1827 738 1866 malis
763 1826 1057 1867 adhibebantur.
1088 1827 1348 1878 Antiquissimi
1371 1827 1623 1868 credebantur

165 1894 192 1932 ii
207 1893 304 1940 libri,
319 1893 460 1944 quippe
476 1892 577 1930 allati
601 1906 620 1929 a
642 1892 796 1929 muliere
810 1891 974 1942 quadam
991 1891 1202 1942 alienigena
1218 1901 1256 1930 et
1276 1892 1402 1942 ignota
1428 1893 1619 1945 (Sibyllam

165 1958 335 2010 plerique
355 1955 547 2007 putabant)
568 1955 614 1993 ad
628 1956 878 2006 Tarquinium
895 1969 961 1994 seu
981 1956 1152 1994 Priscum
1167 1969 1231 1994 seu
1248 1956 1481 2007 Superbum,
1504 1959 1569 2009 qui
1589 1968 1622 1997 et

169 2022 325 2072 collegio
344 2021 392 2059 ad
410 2020 506 2058 hanc
521 2034 598 2058 rem
619 2028 746 2058 creato
763 2033 892 2058 curam
909 2033 1040 2058 eorum
1065 2020 1298 2059 commisisse
1324 2020 1532 2062 serebatur.
1551 2022 1620 2061 Sed

171 2099 286 2136 quum
306 2085 423 2123 abditi
441 2084 694 2136 penetralibus
709 2093 746 2123 et
767 2098 788 2122 a
807 2085 909 2135 vulgi
931 2085 1050 2123 oculis
1066 2085 1203 2123 remoti
1220 2095 1437 2134 manerent,
1460 2086 1620 2125 dubitari

172 2158 305 2200 potest,
317 2157 441 2186 utrum
460 2162 546 2187 vere
569 2149 658 2186 tales
673 2148 787 2199 aliqui
806 2149 1127 2197 suerintlibr15>an
1147 2149 1272 2188 fabula
1291 2151 1482 2202 quondam
1503 2166 1523 2190 a
1541 2165 1623 2203 rege

173 2213 279 2249 vafro
307 2212 533 2263 excogitata,
559 2212 695 2250 deinde
718 2226 739 2251 a
768 2221 902 2250 senatu
933 2221 1082 2250 retenta
1114 2213 1249 2259 suerit,
1273 2223 1314 2252 ut
1347 2215 1442 2252 fictis
1466 2217 1622 2255 oraculis

175 2277 343 2326 fictisque
365 2277 549 2327 responsis
569 2277 799 2316 multitudini
826 2278 1013 2328 imperitae
1032 2277 1139 2315 sucus
1163 2279 1288 2330 fieret,
1313 2280 1459 2318 adactis
1479 2281 1622 2333 jureju-

173 2339 293 2377 rando
315 2341 492 2378 ministris
516 2355 563 2378 ne
582 2342 751 2379 fraudem
770 2342 990 2393 evulgarent
1004 2371 1015 2392 ‚
1036 2342 1311 2394 reconditoque
1331 2345 1532 2395 diligenter
1550 2354 1623 2383 toto

174 2404 248 2441 lioc
268 2404 416 2453 negotio
440 2406 536 2441 inter
554 2418 689 2443 arcana
710 2406 869 2457 imperii.
891 2407 945 2444 lta
964 2419 1055 2443 sane
1082 2407 1118 2443 in
1147 2406 1299 2445 fictitios
1321 2408 1444 2446 inanis
1463 2409 1621 2460 depositi

174 2468 349 2505 custodes
361 2469 444 2518 jure
460 2470 625 2507 converti
648 2480 772 2521 posset
787 2471 1022 2509 notissimum
1043 2471 1135 2509 illud
1155 2471 1311 2510 Catonis
1328 2473 1429 2523 apud
1447 2474 1621 2519 Tullium,

174 2531 222 2569 de
241 2533 321 2570 Nat.
337 2533 449 2569 Deor.
468 2533 496 2578 1,
512 2534 532 2582 5
551 2535 613 2581 26,
632 2544 666 2572 et
684 2535 730 2572 de
749 2536 836 2575 Div.
852 2536 901 2581 ll,
922 2537 1007 2585 §24
1031 2549 1039 2573 :
1060 2553 1076 2570 ι
1092 2536 1225 2574 Mirari
1245 2550 1284 2574 se
1304 2537 1408 2587 quod
1432 2551 1510 2575 non
1526 2538 1621 2576 ride-

172 2613 187 2629 «
210 2605 266 2634 ret
287 2610 445 2647 aruspex
464 2611 576 2647 quum
597 2600 805 2651 aruspicem
831 2601 987 2639 videret.
1002 2619 1017 2634 υ
1043 2601 1124 2639 Imo
1150 2602 1271 2640 multo
1292 2602 1461 2641 deterior
1488 2604 1619 2641 horum

172 2660 339 2697 conditio
358 2674 469 2710 quam
491 2661 651 2701 illorum.
671 2665 777 2713 Nam,
799 2673 840 2703 ut
858 2678 968 2712 vana,
991 2674 1046 2715 nt,
1066 2666 1250 2714 mendax,
1270 2675 1309 2704 ut
1331 2667 1491 2705 ridicula
1512 2668 1620 2706 suerit

171 2736 354 2773 augurum
375 2731 412 2760 et
434 2725 646 2774 aruspicum
668 2727 838 2774 scientia,
855 2728 1006 2767 suberat
1026 2738 1150 2766 tamen
1169 2729 1308 2780 aliquid
1330 2740 1441 2768 certae
1462 2732 1538 2779 rei,
1558 2745 1620 2769 ne-

169 2800 242 2836 que
267 2786 359 2823 falso
385 2786 431 2823 ad
451 2787 594 2837 plebem
611 2789 819 2836 jactabatur
838 2793 1005 2844 auspicia
1025 2802 1134 2843 capta
1160 2807 1238 2831 esse
1258 2795 1316 2831 vel
1339 2794 1537 2833 observata
1557 2809 1618 2832 au-

167 2850 284 2898 guria.
307 2851 466 2901 'l'empla
494 2851 564 2888 rite
588 2852 827 2902 finiebantur,
850 2857 972 2894 avium
993 2857 1142 2895 volatus
1162 2866 1227 2894 aut
1246 2867 1380 2896 cantus
1405 2859 1617 2908 notabatur,

165 2913 286 2950 caveis
314 2913 408 2964 pulli
441 2914 718 2964 educebantur,
744 2927 827 2956 exta
856 2921 1177 2971 prosecabantur,
1208 2923 1335 2961 omnia
1367 2936 1454 2962 vere
1483 2923 1618 2962 fiebant

1735 1563 1738 1580 ’-
1736 1527 1741 1550 --
1736 1343 1750 1509 -v-W--3w
1740 1298 1744 1331 Η..

1706 3486 1725 3495 ,Ι
1705 3418 1710 3477 ..ἐφ
1706 3389 1716 3410 Ἴ
1706 3251 1727 3380 “1⁷'“1⁴‘¹*}
