1752 3495
576 207 877 252 EXCURSUS
912 209 969 252 11.
1155 225 1158 228 ·
1403 213 1493 258 109

39 333 51 347 ..
79 324 156 350 csse
177 304 426 355 memoravit;
446 312 483 341 et
517 305 636 354 tangit
658 307 887 354 Augustum,
909 305 969 341 cui
1000 305 1242 344 simulacrum
1272 308 1413 346 sactum
1434 319 1494 347 est

38 399 50 412 ,ι
77 389 159 415 cum
187 370 373 422 Apollinis
396 369 543 407 cunctis
565 368 789 419 insignibus.
807 386 821 401 ⁵·
837 368 954 420 CuJ’us
975 360 1114 406 versus,
1132 383 1368 410 communem
1387 376 1494 411 istam

38 442 146 479 fuisse
165 450 207 474 ac
228 435 343 485 vulgo
363 441 553 484 receptam
574 433 946 484 interpretationem,
969 432 1123 471 minime
1140 433 1298 472 dubium
1316 445 1383 475 est.
1401 438 1492 476 Nam

39 505 123 544 illud
137 502 232 540 idem
252 500 299 536 de
318 499 503 549 Apollinis
518 511 636 548 regno
657 497 889 544 vaticinium,
907 505 1085 556 tanquam
1099 497 1343 549 Sibyllinum,
1356 511 1494 551 quarto

37 569 155 607 adhue
182 564 320 602 saeculo
343 563 569 614 incipiente,
589 563 744 612 gentiles
774 563 821 599 ad
850 561 1137 600 Constantinum
1159 577 1336 614 magnum
1357 566 1509 605 refere-¹

37 635 259 680 bant,quem
277 628 510 678 praecipuum
531 627 718 677 Apollinis
733 628 914 664 cultorem
935 626 1004 664 sibi
1024 628 1165 676 fingere
1177 628 1370 667 amabant.
1389 630 1496 669 Unde

38 699 161 736 rhetor
179 692 407 739 Eumenius,
423 693 609 742 Panegyr.
634 699 726 731 tom.
743 692 773 738 1,
792 705 826 741 p.
848 693 938 739 415,
956 691 1015 730 ed.
1041 705 1164 742 1779:
1184 710 1198 725 n
1215 693 1345 731 Vidisti
1367 695 1492 741 enim,

43 783 47 793 .
77 758 209 804 credo,
229 757 496 800 Constantine,
516 756 732 806 Apollinem
756 765 861 792 tuum
875 786 885 802 ,
902 756 1108 793 comitante
1126 757 1314 802 Victoria.
1337 771 1498 796 coronas

38 848 48 860 ι.
78 825 142 863 tibi
176 836 308 860 aureas
327 822 605 861 offerentem...
632 830 744 871 teque
778 822 814 858 in
848 821 948 858 illius
979 822 1103 871 specie
1136 815 1413 873 recognovisti,
1435 825 1497 862 cui

36 912 48 924 κ
78 890 187 928 totius
225 887 355 924 mundi
391 899 504 937 regna
541 885 673 923 deberi
701 895 826 923 vatum
865 886 1031 923 carmina
1063 886 1192 924 divina
1225 887 1459 925 cecinerunt.
1481 907 1497 921 ι

38 957 162 995 Nonne
198 952 328 989 divina
362 960 491 988 vatum
527 950 694 988 carmina
723 951 804 1001 ipsa
822 951 883 987 illa
904 950 1087 1001 Sibyllina
1111 960 1237 988 sunta
1257 952 1391 990 Servio
1416 952 1499 990 lan-

35 1019 140 1058 data?
162 1018 205 1055 Et
226 1017 331 1064 ideo,
352 1030 399 1053 ne
421 1016 505 1054 fatis
532 1016 609 1054 suis
629 1015 756 1063 deesse
778 1016 992 1061 videretur,
1024 1017 1180 1053 sortasse
1201 1029 1277 1053 non
1306 1029 1421 1054 ausus
1441 1024 1498 1054 est

38 1095 203 1120 recusare
227 1081 498 1119 Constantinus
524 1093 595 1118 nec
622 1093 755 1118 aureas
785 1089 930 1117 statuas
953 1080 1025 1117 sibi
1046 1080 1190 1117 dicatas
1219 1079 1289 1117 sub
1314 1081 1499 1131 Apollinis

37 1146 260 1197 insignibus,
290 1159 359 1182 nec
392 1159 529 1182 numos
563 1145 730 1195 ejusdcm
765 1145 829 1182 nei
854 1144 978 1194 efligie
1005 1144 1185 1195 signatos,
1201 1158 1363 1195 quorum
1385 1145 1497 1183 etiam

36 1225 125 1249 unns
142 1210 303 1247 maxime
318 1210 365 1247 ad
382 1218 550 1247 nostram
571 1223 646 1247 rem
672 1210 851 1258 pertinet,
870 1208 971 1259 apud
991 1199 1185 1256 Patinum,
1208 1209 1389 1249 Numism.
1408 1210 1498 1260 imp.

38 1279 150 1321 Rom„
168 1288 250 1325 pag.
271 1278 358 1321 372,
376 1275 581 1312 Victoriam
597 1273 782 1311 exhibens
802 1275 840 1311 iu
855 1288 919 1311 ara
940 1274 1133 1311 sedentem
1150 1280 1187 1311 et
1206 1283 1365 1324 utraque
1384 1288 1498 1312 manu

37 1342 176 1377 laurum
198 1338 493 1390 praetendentem
508 1368 519 1389 ‚
536 1352 621 1376 eum
643 1339 753 1389 genio
775 1346 960 1389 tropaeum
984 1347 1162 1388 tenente,
1182 1339 1252 1375 sub
1272 1338 1342 1376 hoc
1361 1339 1472 1377 titulo
1490 1355 1498 1378 :

38 1404 191 1443 mt'NE
206 1404 650 1443 CONSTANTtNlaNA.
670 1404 851 1449 Quaenam
870 1403 922 1441 ibi
943 1403 1125 1453 Daphne,
1154 1403 1225 1441 nisi
1249 1404 1393 1454 Sibylla
1416 1405 1498 1456 ipsa

36 1482 183 1519 regumn
225 1468 438 1518 Apollinis,
471 1467 507 1505 id
539 1476 608 1515 est,
637 1467 901 1513 Constantini,
924 1467 1152 1505 vaticinata?
1177 1466 1357 1518 Sibyllam
1385 1469 1500 1520 igitur

38 1533 214 1584 Daphnen
236 1533 336 1569 illam
357 1531 638 1583 intelligebant,
654 1545 766 1582 quam
786 1532 846 1569 alii
882 1531 1105 1582 Delphicam
1124 1531 1303 1582 Sibyllam
1334 1546 1498 1572 vocave-

36 1610 141 1650 runt,
168 1600 213 1636 ad
249 1613 364 1650 (piam
398 1600 670 1638 Constantinus
695 1599 774 1650 ipsc
802 1598 969 1648 respexit
989 1598 1026 1634 in
1049 1598 1222 1636 oratione
1240 1599 1286 1636 ad
1314 1599 1497 1648 Sanetos‚

34 1680 110 1717 cap.
137 1666 198 1713 18,
217 1675 253 1703 et
274 1664 321 1702 de
349 1678 423 1715 qua
447 1666 557 1715 plura
584 1677 654 1701 nos
671 1664 706 1701 in
734 1664 823 1702 lixe.
840 1664 876 1709 l,
892 1676 975 1714 cap.
996 1663 1028 1701 5.

83 1730 259 1768 Redimus
273 1743 361 1767 vero
381 1744 483 1767 nunc
503 1729 550 1767 ad
570 1729 734 1766 certiora
748 1727 1002 1777 tlt-Sibyllinis
1018 1728 1151 1779 graecis
1169 1729 1398 1779 testimonia,
1414 1745 1498 1782 (μιῇὶ

36 1795 142 1832 modo
162 1807 311 1845 quume
329 1794 444 1833 Snida
464 1794 622 1844 aliisque
645 1793 904 1844 proferremus
918 1823 926 1838 ‚
945 1792 1109 1830 diximus
1130 1792 1199 1831 ista
1221 1795 1402 1845 pleraque
1416 1809 1499 1834 car-

35 1859 148 1908 mina,
181 1859 228 1897 ad
251 1861 362 1898 unius
386 1859 572 1909 Erythraei
606 1859 786 1896 carminis
814 1860 1015 1910 iuuiginem
1044 1861 1222 1906 conficta,
1250 1860 1499 1899 similitudine

35 1925 289 1975 cognationem
316 1924 543 1976 prodidisse.
575 1924 616 1961 ln
636 1925 681 1962 iis
703 1933 825 1962 tamen
849 1925 1018 1974 quaedam
1049 1924 1263 1977 prophetici
1282 1938 1356 1962 non
1385 1926 1499 1964 fnisse

34 1989 193 2040 generis,
223 1990 309 2028 licet
340 1989 537 2040 Sibyllinis
562 1989 676 2039 vulgo
697 1998 966 2035 annumerata,
991 1991 1202 2027 notandum
1228 1998 1305 2037 est,
1333 1998 1375 2028 nt
1406 1991 1497 2029 illud

33 2054 130 2104 quod
157 2054 310 2106 Sibyllae
329 2055 531 2105 Erythraeae
546 2053 739 2091 addictum
765 2054 846 2097 suit,
864 2055 943 2106 περὶ
959 2056 1130 2104 παλμῶν,
1157 2055 1338 2105 praesagia
1361 2069 1499 2108 nempe

34 2119 227 2157 continens
241 2132 326 2171 quae
343 2133 363 2156 e
383 2118 508 2156 cordis
529 2119 586 2156 vel
605 2118 861 2156 membrorum
875 2117 1213 2156 subsultationibus
1226 2119 1413 2169 (spasmici
1428 2135 1501 2158 mo-

35 2193 87 2221 tus
111 2184 226 2222 hodie
251 2183 449 2235 vocantur)
473 2183 608 2222 deduci
631 2193 831 2235 poter-anm
863 2197 940 2234 quo
961 2183 1008 2222 de
1029 2192 1251 2234 argumento
1271 2183 1421 2222 libellus
1442 2195 1499 2223 est

35 2249 255 2300 Melampodi
280 2250 393 2300 vulgo
411 2249 616 2299 ascriptus,
640 2263 709 2286 uec
729 2249 842 2285 semel
864 2249 1002 2294 editus,
1023 2248 1088 2285 sed
1108 2248 1293 2286 recentius
1310 2258 1348 2286 et
1365 2250 1498 2288 melius

39 2313 128 2350 inter
149 2314 459 2364 physiognomica
476 2313 620 2350 Franzii
636 2342 646 2360 ,
668 2312 830 2350 Altemb.
856 2315 966 2360 1780.
988 2312 1143 2363 Sibyllae
1163 2321 1286 2350 antem
1310 2313 1404 2351 salso
1431 2315 1499 2353 tri·

36 2376 218 2416 buebatur
235 2378 308 2416 hoc
322 2377 401 2430 περὶ
418 2378 581 2429 παλμῶν,
604 2386 643 2414 ut
669 2378 824 2427 Orpheo
843 2376 921 2429 περὶ
943 2379 1095 2427 σεισμῶν
1116 2385 1152 2414 et
1174 2376 1250 2429 περὶ
1267 2377 1384 2426 λίθων,
1405 2391 1498 2418 vana

34 2445 153 2481 onmia
171 2452 207 2481 et
222 2443 270 2480 ab
292 2443 564 2493 impostoribus
583 2444 757 2480 conlieta.
787 2442 951 2479 Dubium
971 2443 1082 2479 etiam
1104 2455 1149 2479 an
1179 2442 1411 2492 propheticis
1429 2457 1499 2482 ac-

34 2509 169 2545 censeri
188 2508 331 2558 possint
343 2507 498 2557 Sibyllae
516 2506 721 2557 Erythrzeae
739 2505 842 2557 μέλη,
857 2506 957 2557 apud
973 2506 1150 2552 Suidam3
1167 2506 1256 2542 item
1272 2507 1499 2546 Mermessiae

35 2571 158 2622 hymni
184 2572 348 2620 Deliaci,
378 2571 480 2623 apud
512 2572 748 2610 Pausaniam.
771 2574 820 2608 At
838 2583 935 2621 quos
962 2570 1157 2608 Diodorus
1185 2579 1295 2607 vocat
1320 2571 1500 2624 χρησμοὺς

33 2635 263 2679 παντοδαποὺς
283 2636 462 2689 διαφόρους
481 2641 556 2679 ταῖς
581 2640 831 2682 κατασκευαῖς,
854 2634 1017 2672 diximus
1033 2634 1110 2685 jam
1131 2635 1174 2672 in
1196 2635 1285 2673 Exc.
1306 2635 1335 2680 I,
1359 2650 1441 2687 cap.
1461 2637 1498 2688 5,

34 2701 154 2750 operis
184 2702 305 2739 forma
327 2700 511 2749 diversos,
527 2709 648 2738 metro
667 2709 792 2738 tamen
809 2700 938 2750 epicos
955 2699 1074 2736 videri
1097 2699 1218 2737 fuisse.
1239 2699 1393 2738 iambici
1411 2702 1500 2751 qui-

35 2764 114 2802 dem
133 2767 280 2816 generis
297 2767 357 2804 vix
383 2766 572 2804 credimus
587 2766 664 2804 ulla
685 2766 801 2803 fuisse
821 2777 1007 2815 unquam,
1039 2765 1112 2802 nisi
1134 2765 1231 2802 forte
1252 2765 1376 2803 medio
1401 2779 1499 2813 aevo,

35 2830 227 2878 Sibyllina.
245 2831 394 2868 (litatur
409 2838 533 2868 tamen
551 2860 559 2878 ‚
577 2839 755 2881 tanquam
779 2829 933 2879 Sibyllae
946 2859 956 2875 ‚
980 2829 1150 2867 trimeter
1167 2843 1262 2866 unns
1284 2829 1319 2867 in
1338 2831 1498 2879 Etymo-

37 2892 155 2943 logico
174 2908 308 2945 magno
326 2909 334 2935 :
