1752 3495
543 203 853 249 Excimsos
891 204 965 249 ιη.
1138 182 1142 186 ’
1401 204 1490 248 173

39 321 71 350 ..ι
85 305 293 350 Marcianos
319 312 453 339 versus
478 297 524 335 nd
549 298 717 336 saturnii
735 300 843 336 metri
859 310 1031 344 normam
1047 326 1057 345 ,
1075 296 1224 348 qualem
1239 297 1312 336 sibi
1334 297 1494 335 finxerat

38 378 125 426 ipse,
147 368 417 418 redigerentur.
431 360 504 399 Sed
516 361 552 398 in
568 362 736 412 utrisque
751 361 850 411 epici
873 358 1208 411 rhythmivestigia
1230 360 1280 397 ita
1296 360 1494 398 manifesta

39 440 180 482 insunt,
203 440 244 469 ut
265 427 417 466 minime
436 425 612 476 cuiquam
636 426 747 462 liceat
768 437 811 461 ea
836 423 1011 470 turbare,
1030 424 1175 474 quippe
1204 437 1288 473 quae
1307 423 1353 461 ad
1370 424 1495 475 justos

40 507 204 538 numeros
222 489 328 543 quasi
342 497 479 540 sponte
500 488 678 534 redeant,
699 488 730 525 si
750 487 865 525 modo
883 487 1109 538 antiquioris
1125 488 1378 537 grammaticae
1395 488 1495 525 ratio

43 560 231 600 habeatur.
254 554 292 592 ld
314 552 417 603 quod
433 551 469 589 in
489 552 691 590 Marcianis
711 552 919 603 praesertim
938 552 1106 603 experiri
1128 551 1237 589 facile
1256 560 1323 590 est.
1337 553 1498 592 Mutavit

43 625 131 664 enini
152 634 197 659 ex
217 619 259 657 iis
284 617 413 656 Livius
432 629 473 654 ea
496 624 637 654 tantum
654 630 739 667 qua:
759 616 817 653 sui
844 616 1024 666 temporis
1050 614 1207 653 nuribus
1239 615 1395 654 duriora
1416 617 1498 654 sore

43 688 302 727 arbium-etum
325 680 437 718 simul
457 693 638 718 numeros
665 680 802 732 passim
825 678 998 730 abrupit,
1025 692 1072 717 ne
1105 679 1297 717 historicae
1322 678 1497 717 dictionis

42 754 252 808 gravitatem
274 749 428 798 infringi
445 748 586 786 sineret
602 778 613 797 ‚
633 748 698 786 sed
716 748 753 785 id
771 761 884 799 parce
905 761 949 784 ac
970 747 1117 785 leviter.
1135 746 1258 784 Ambo
1283 747 1401 798 igitur
1415 760 1498 784 car-

47 820 146 862 mina,
164 815 296 866 partim
313 813 466 859 nostris,
491 813 627 863 partim
650 812 788 850 Aleiati
808 811 1048 861 aliorumque
1069 810 1299 862 conjecturis
1314 811 1498 857 restituta,

48 884 92 921 sic
114 881 186 918 sere
207 877 277 927 legi
299 876 485 913 velimus:

189 942 369 989 Amnem,
390 939 605 990 Trojugenn
620 968 631 986 ,
651 941 818 977 Cannam
833 968 843 986 ‚
867 940 1056 987 Romano,
1080 939 1270 991 l'uge[sis]‚

189 1006 242 1044 Ne
257 1012 291 1042 te
312 1004 534 1054 alienigenae
549 1003 586 1040 in
610 1016 745 1054 campo
761 1011 899 1053 cogant
919 1002 1114 1040 Diomedis

188 1072 414 1110 Consertare
435 1084 568 1108 manus
589 1069 839 1121 [pugnando]
856 1070 929 1109 Sed
949 1083 1073 1120 neque
1092 1069 1223 1108 credes

191 1139 288 1176 Tute
312 1137 422 1184 mihi,
444 1137 566 1174 ‹loncc
586 1136 805 1187 complessis
823 1136 1004 1185 sanguine
1023 1149 1198 1186 campum
1213 1165 1224 1183 ‚

142 1202 162 1239 5
190 1200 386 1250 Multaque
403 1200 518 1237 millia
536 1212 631 1237 emsa
649 1208 802 1236 tuorum
819 1198 964 1237 (leserat
982 1199 1102 1236 amnis

190 1268 232 1302 Iu
252 1272 409 1314 pontum
430 1277 607 1313 magnum
625 1277 672 1300 ex
690 1272 789 1300 terra
811 1263 1084 1313 frugiferente3

192 1327 362 1367 Piscibus
378 1337 493 1378 atque
512 1326 754 1378 avibus[que]
772 1327 939 1377 serisque
957 1326 1163 1364 colentibu'
1184 1336 1319 1375 terraS,

193 1393 242 1431 lis
261 1392 342 1430 fuat
361 1406 445 1429 osca
465 1405 554 1430 caro
575 1400 638 1429 tua
656 1405 665 1431 z
684 1405 770 1429 nani
795 1393 846 1428 nii
866 1392 918 1429 ita
935 1393 1087 1442 Jupiter
1103 1392 1257 1443 [orsus].

55 1460 96 1498 Et
111 1456 243 1496 deinde
263 1470 271 1496 :

196 1522 346 1559 Hostem
359 1551 369 1569 ,
389 1520 568 1567 Romani,
591 1522 621 1558 si
642 1520 705 1572 [ex
722 1520 829 1572 agro]
847 1520 1040 1570 expellere
1060 1520 1189 1567 voltis,

128 1600 170 1624 10
196 1586 335 1637 [Atque
355 1586 517 1637 isthanc]
533 1586 742 1632 vomicam,
761 1598 844 1635 quae
863 1585 1032 1636 gentium
1051 1583 1199 1622 adveni’
1219 1587 1351 1636 longe,

198 1646 329 1702 [Divo]
345 1649 523 1700 Apolline
545 1648 647 1700 [rite]
666 1649 860 1686 vovendos
878 1662 1014 1686 censeo
1036 1648 1167 1695 ludos,

194 1713 272 1759 Qui
297 1713 519 1764 quottannis
542 1714 700 1750 comiter
718 1713 822 1764 [ipsi]
844 1713 1020 1763 Apolline
1037 1713 1148 1760 liant,

198 1779 323 1824 Quum
340 1779 503 1829 populus
521 1777 666 1816 dederit
681 1791 726 1815 ex
748 1777 902 1828 publico
923 1777 1124 1828 [undique]
1145 1786 1315 1829 partem,

199 1844 340 1881 Privati
359 1843 414 1880 uti
431 1842 658 1880 conset-itent
680 1856 750 1893 pro
768 1839 913 1896 se[que]
935 1843 1098 1892 suisque.

94 1910 96 1913 ’
128 1907 170 1945 15
199 1908 247 1946 lis
268 1907 366 1945 ludis
387 1907 574 1944 faciundis
596 1907 745 1957 praesiet
763 1906 929 1957 [ordine]
951 1915 1094 1956 praetor

199 1974 254 2024 Is,
271 1973 335 2024 qui
349 1974 411 2022 jus
430 1973 573 2024 populo
593 1971 795 2022 plebeique
814 1971 915 2009 dabi'
935 1985 1139 2012 summum.

202 2037 413 2075 Decemviri
432 2050 554 2087 graeco
576 2036 652 2073 ritu
670 2035 803 2087 hostiis
823 2049 930 2072 sacra
954 2035 1087 2073 faxint.

202 2103 288 2139 Haec
309 2103 339 2140 si
360 2110 461 2139 recte
480 2101 605 2139 faxitis
619 2130 628 2148 ‚
648 2100 857 2152 gaudebiti’
876 2113 1039 2151 semper,

204 2167 283 2204 Fiet
306 2177 510 2218 vestraque
528 2179 586 2204 res
605 2166 759 2203 melior:
780 2178 945 2216 namque
965 2165 997 2203 is
1016 2166 1119 2205 Deus
1138 2164 1272 2218 [ultro]

130 2244 174 2269 20
203 2232 426 2282 Exstinguet
445 2231 591 2283 [gentes
609 2230 804 2282 adversas]
822 2230 998 2282 per[que]
1018 2230 1175 2268 duelleis
1204 2258 1207 2262 -

204 2298 382 2344 vostros,
403 2297 468 2347 qui
485 2305 656 2333 vostrum
673 2294 888 2348 [pinguem]
914 2304 1077 2346 pascunt
1099 2295 1246 2346 placide
1262 2296 1438 2350 [agr-uin}

108 2361 194 2407 Quae
225 2362 262 2398 in
294 2362 339 2399 iis
365 2374 486 2412 pauca
519 2362 625 2399 uncis
654 2360 850 2411 quadratis
883 2361 1027 2397 inclusa
1062 2361 1258 2411 leguntur,
1288 2375 1386 2401 nova
1413 2370 1518 2409 sunt,

65 2434 187 2473 praetei·
207 2440 324 2463 unum
352 2441 402 2463 ea:
417 2440 532 2475 agro,
561 2425 665 2476 quod
696 2424 882 2464 Macrobii
903 2435 971 2463 est.
993 2425 1169 2463 Ceterum
1201 2439 1262 2473 ea,
1287 2435 1327 2464 ut
1353 2427 1518 2471 incerta,

67 2491 176 2527 minus
199 2492 358 2529 tuemur.
390 2491 710 2542 orthographiam
740 2490 855 2528 hodie
879 2499 1098 2528 cousuetam
1120 2491 1158 2528 in
1181 2491 1371 2543 plerisque
1399 2492 1520 2531 secuti

65 2565 195 2600 sumus,
217 2569 263 2593 ne
283 2555 472 2593 fastidium
490 2555 695 2593 lectoribus
716 2549 948 2600 moveretur,
970 2569 1037 2592 nec
1058 2556 1094 2592 in
1115 2556 1292 2594 omnibus
1311 2565 1450 2603 tamen,
1471 2569 1520 2594 ne

67 2617 208 2657 nimium
227 2634 245 2657 n
268 2629 372 2658 textu
393 2620 667 2660 discederetur.
687 2621 727 2658 ln
751 2619 875 2670 primo
897 2633 1010 2657 versu
1032 2634 1104 2671 pro
1114 2618 1261 2671 firgesis
1278 2620 1520 2659 scribendum

68 2691 138 2720 erat
157 2682 338 2734 fitgesse's,
370 2685 477 2723 metri
504 2698 641 2731 causa,
681 2685 754 2721 nisi
787 2684 1026 2721 consuetudo
1054 2683 1273 2723 obstitisset.
1306 2685 1523 2723 Conse-rmn-

69 2758 130 2794 pro
144 2762 325 2786 conserere
340 2759 483 2787 rectum
507 2749 674 2799 videtur,
696 2758 737 2786 ut
758 2750 854 2786 infra
870 2749 1086 2796 confi-ritem
1105 2763 1175 2799 pro
1192 2750 1403 2798 conserant,
1421 2750 1522 2801 quod

70 2810 170 2848 etiam
186 2814 303 2851 Solini
319 2815 492 2865 exemplo
508 2813 659 2851 defendi
681 2813 1030 2864 potest,fi’ritantia
1051 2813 1240 2852 scribente
1256 2813 1519 2865 proferentia,

74 2873 152 2909 Tute
173 2888 239 2924 pro
261 2888 297 2912 eu
314 2879 393 2926 isne
410 2878 606 2928 antiquum
629 2886 683 2915 est
701 2886 736 2913 et
755 2878 912 2926 Virgilio
932 2878 999 2927 ipsi
1024 2877 1242 2927 probatum.
1265 2879 1302 2915 ln
1323 2887 1430 2915 sexto
1448 2891 1526 2915 me-
