1752 3495
134 158 195 203 30
514 159 592 203 An
624 159 963 205 sinYLmNos
1002 139 1207 204 Llssao's

132 255 250 306 magis
275 253 440 306 sibyllas
453 267 584 295 omnes
613 256 654 295 in
679 269 794 295 unam
813 257 1018 304 conflaret,
1047 263 1091 294 ut
1114 253 1299 305 Erythras
1323 265 1476 304 quoque
1492 252 1590 291 hanc

131 318 356 371 perduceret
371 327 410 357 et
427 318 577 360 Cumas.
593 320 667 360 Sed
685 321 846 360 soi-tasse
861 322 981 360 noluit
1000 319 1209 371 Erythraeis
1224 317 1432 369 quidquam
1455 311 1592 355 conce·

130 385 242 431 ἀει-ες
261 394 300 423 et
311 383 359 422 de
376 383 522 434 Cumis,
540 386 699 424 fortasse
715 398 763 424 ne
778 385 960 438 Sibyllam
979 386 1016 423 in
1038 385 1144 424 ltalia
1161 383 1366 427 detineret,
1385 382 1516 419 maluit
1531 394 1591 419 re-

129 449 316 487 centiores
335 457 510 490 auctores
521 451 628 501 sequi
646 463 759 501 quam
771 449 1101 500 Aristotelem,qui
1119 449 1238 487 multo
1257 457 1342 486 ante
1356 446 1590 497 Erythraeam

115 525 235 553 ·suam
249 539 262 560 ,
286 521 331 552 ut
350 513 520 553 diximus
532 546 544 563 ,
564 514 702 553 Cumas
718 513 944 554 adduxerat.

181 576 226 623 4⁰
251 577 346 624 Quae
365 577 413 617 de
431 578 583 629 Sibyllae
603 579 642 616 in
661 577 851 616 Troadem
873 578 999 617 reditu
1020 576 1178 628 ejusque
1193 575 1246 614 ibi
1268 583 1390 614 morte
1410 581 1448 611 et
1465 574 1592 624 sepul·

130 650 215 679 tura
232 641 347 681 tradit
364 642 569 682 Pausanias
582 671 593 689 ,
613 641 855 680 manifestum
872 651 929 681 est
952 640 1002 680 ab
1027 641 1110 693 ipso
1132 640 1416 680 accommodata
1445 651 1525 677 esse
1543 638 1591 676 ad

130 706 313 757 reliquam
346 706 511 744 fabulam
531 704 579 742 de
602 705 830 744 Mermessiae
861 692 1435 756 peregrinationibus.‘Dignum
1468 710 1592 740 tamen

130 770 203 808 lide
230 769 332 821 quod
365 769 488 808 statim
516 769 623 807 addit
657 769 705 807 de
741 769 855 821 cippo
890 768 972 820 ejus
1002 768 1193 806 memoriae
1223 778 1394 815 sacram,
1414 780 1527 818 quem
1552 765 1592 803 in

132 834 314 885 Apollinis
335 833 519 873 Sminthei
540 833 628 872 luco
647 833 850 872 monstrari
876 833 922 871 ad
949 846 1016 871 sua
1048 845 1169 883 usque
1200 840 1368 883 tempora
1389 832 1514 870 docet.
1536 832 1592 869 lta

129 899 230 936 enim
264 899 389 936 locum
423 898 605 949 graphice
631 897 842 946 describit,
871 907 911 936 ut
937 906 1126 949 spectasse
1152 897 1234 948 ipse
1266 897 1455 935 videatur.
1481 895 1593 936 Unde

130 963 283 1014 colligas
302 962 349 1000 de
366 962 563 1002 Smintheo
586 961 847 1001 Alexandrino
866 962 952 1014 agi,
975 975 1051 999 non
1069 961 1117 999 de
1140 961 1205 999 illo
1221 962 1437 1011 antiquiore
1459 970 1496 998 et
1512 962 1593 999 110-

131 1027 284 1076 morico,
304 1026 351 1064 de
370 1040 448 1079 quo
468 1026 609 1066 Strabo
628 1040 745 1078 supra
759 1027 914 1074 citatus,
935 1039 1021 1077 pag.
1042 1027 1090 1063 28
1103 1054 1114 1073 ‚
1129 1039 1186 1077 sq.
1208 1027 1302 1065 Nam
1322 1034 1431 1063 vetus
1450 1025 1593 1074 Chrysa

129 1100 315 1142 vetusque
344 1091 600 1138 Smintheum,
635 1099 728 1130 teste
756 1092 840 1143 ipso
874 1091 1083 1142 Strabone,
1106 1103 1263 1142 prot-sus
1290 1089 1370 1141 jam
1397 1088 1593 1140 scriptoris

129 1157 226 1194 illius
249 1156 486 1206 temporibus
504 1155 647 1194 abolita
664 1164 793 1202 erant,
825 1156 973 1206 locique
995 1155 1115 1206 ipsius
1143 1155 1258 1193 facies
1283 1155 1320 1192 in
1347 1154 1592 1192 solitudinem

128 1233 259 1258 versa:
277 1218 484 1272 Ἠρήμωται
497 1218 533 1258 δὲ
548 1217 586 1258 τὸ
598 1218 724 1273 χωρίον
738 1218 875 1264 τελέως.
902 1221 1088 1259 Vei-emur
1103 1228 1228 1257 autem
1260 1234 1307 1256 ne
1327 1219 1365 1256 in
1393 1219 1592 1258 Smintheo

128 1284 366 1324 Alexandriae
390 1285 516 1322 vicino
546 1293 836 1323 monumentum
866 1284 1022 1335 Sibyllae
1043 1298 1120 1322 non
1141 1285 1244 1323 aliud
1266 1285 1380 1322 suerit
1399 1298 1512 1335 quam
1539 1298 1594 1323 re-

128 1363 215 1388 cens
235 1348 390 1400 aliquod
412 1357 471 1398 et,
489 1357 531 1387 ut
554 1348 725 1393 videtur,
744 1348 792 1386 ab
810 1348 1076 1387 Alexandrinis
1108 1348 1274 1401 positum
1298 1347 1350 1386 ob
1376 1360 1482 1385 suam
1506 1360 1593 1385 cum

67 1424 69 1426 ’
130 1414 334 1467 Erythraeis
349 1414 668 1458 controversiam
683 1413 720 1451 in
735 1414 842 1462 cujus
861 1421 984 1451 tamen
1006 1413 1262 1464 descriptione
1278 1412 1474 1464 paululum
1493 1425 1594 1450 corn·

129 1479 358 1518 morandum
390 1488 458 1517 est.
481 1479 597 1517 Juxta
624 1488 731 1517 eraut
748 1510 758 1526 ‚
783 1479 955 1518 tradente
976 1480 1182 1524 Pausania,
1206 1480 1467 1530 Nympharum
1495 1477 1594 1515 ima-

129 1544 246 1595 gines,
264 1552 301 1582 et
318 1543 401 1581 fons
414 1552 519 1594 grata
535 1542 720 1595 Nymphis
738 1543 859 1592 sedes,
874 1551 974 1581 recte
990 1543 1116 1581 omnia
1129 1543 1175 1582 ad
1191 1543 1345 1594 Sibylloe
1361 1543 1592 1594 sepulturam

130 1609 435 1660 accommodata,
454 1623 541 1661 quae
558 1622 597 1648 se
615 1610 780 1648 mediam
796 1610 897 1648 inter
907 1609 1078 1648 homines
1092 1624 1135 1648 ac
1152 1609 1264 1656 deos,
1281 1606 1593 1660 Nymphaefiliam

130 1674 403 1725 praedicaverat
421 1687 432 1712 τ

258 1732 262 1736 ’
337 1737 473 1788 mist,
442 1754 461 1776 0
490 1737 559 1788 ἐγὼ
573 1742 719 1789 γεγαυῖα
737 1737 844 1789 μέσον
860 1740 984 1786 θνητοῦ
1000 1753 1038 1777 τε
1054 1740 1133 1781 eea<
1150 1752 1208 1784 τε,

334 1801 531 1855 Νύμφηςδ’
549 1801 794 1849 ἀθανάτης,κ.
810 1817 845 1844 τ.
864 1804 898 1842 λ.

128 1866 207 1906 Et
196 1879 317 1918 ipsam
339 1867 492 1917 quidem
513 1879 534 1904 a
552 1866 735 1917 Dionysio
753 1866 874 1906 Halic.
891 1865 1123 1918 Nympham,
1144 1865 1220 1904 non
1241 1873 1386 1904 tantum
1406 1862 1592 1915 Nymphae
1639 1891 1643 1896 .

128 1930 253 1980 filiam,
266 1930 395 1969 vocari
413 1943 528 1982 supra
544 1929 738 1969 vidimus.
755 1929 904 1970 Ἔνθα
880 1947 965 1969 ωκει
990 1930 1183 1970 Σίὸυλλα
1168 1929 1339 1982 επιχωρία
1358 1928 1490 1982 Νύμφη
1505 1943 1594 1981 χρη-

126 1994 277 2047 σμῳδός.
292 1994 474 2033 Additum
487 2002 731 2032 monumento
744 1993 985 2032 simulacrum
1004 1995 1163 2041 llermae,
1179 2006 1256 2044 quo
1276 2006 1412 2044 nempe
1431 1992 1592 2030 fatidicae

129 2058 296 2097 mulieris
307 2058 524 2108 eloquentia
534 2057 986 2108 designareturAElogium
999 2058 1100 2095 stelae
1112 2056 1337 2107 inscriptum
1350 2055 1588 2105 hujusmodi:

331 2121 406 2161 'Aa'
421 2119 490 2172 ἐγὼ
508 2120 529 2158 ἇ
545 2120 693 2161 <polemo
709 2121 897 2174 σαφηγορίς
912 2122 984 2171 εἶμι
1006 2119 1164 2170 Σίὸυλλα
1175 2150 1187 2170 ,

384 2185 482 2238 Τῷδ’
501 2185 568 2223 ὑπὸ
585 2184 713 2238 λαϊνέῳ
732 2184 863 2236 σήματι
877 2183 1072 2235 πυθομένη,

335 2248 512 2301 Παρθένος
529 2250 703 2288 αὐδάεσσα
718 2248 758 2288 τὸ
776 2248 857 2302 πρὶν
869 2277 881 2296 ,
904 2252 964 2288 νῦν
981 2250 1012 2286 δ’
1031 2248 1102 2288 αἰὲν
1123 2248 1287 2296 ἄναυδος,

386 2314 501 2367 Μοίρᾳ
516 2313 583 2352 ὑπὸ
605 2314 753 2367 στιδαρῇ
769 2313 870 2361 τήνδε
887 2314 1046 2366 λαχοῦσα
1065 2312 1186 2361 πέδην.

333 2377 437 2418 Ἀλλὰ
457 2377 565 2421 πέλας
579 2377 762 2431 Νύμφαισι
783 2378 841 2416 καὶ
860 2377 977 2430 Ἑρμῇ
993 2378 1076 2430 τῷδ’
1097 2376 1304 2428 ὑπόκειμαι,

384 2444 518 2496 Μοῖραν
536 2442 653 2495 ἔχουσ’
674 2438 815 2496 Ἑκάτῳ
835 2445 897 2489 τῆς
919 2442 990 2481 1:61’
1012 2442 1229 2495 ἀνακτορίης.
1272 2464 1275 2467 v

124 2509 165 2548 ln
191 2508 264 2546 hoc
291 2508 486 2560 epitaphio
502 2508 533 2546 si
548 2508 668 2546 voluit
685 2517 796 2559 poeta
809 2508 1050 2546 simulatione
1066 2507 1302 2558 antiquitatis
1322 2507 1450 2544 sucum
1468 2506 1590 2544 facere

123 2572 342 2619 lectoribus,
362 2572 512 2611 incaute
528 2573 616 2623 egit.
638 2573 731 2610 Nam
749 2573 785 2609 in
808 2573 941 2610 ultimo
955 2585 1044 2610 sane
1058 2585 1172 2609 versu
1190 2570 1261 2609 τότ’
1279 2570 1504 2609 adverbium
1523 2583 1591 2608 an-

120 2635 321 2685 tiquiorem
337 2635 530 2685 aliquanto
551 2634 733 2685 Sibyllam
756 2649 871 2686 quam
896 2636 1019 2686 ipsum
1048 2643 1334 2673 monumentum
1367 2634 1466 2672 facit.
1488 2634 1590 2672 Prae-

123 2709 226 2738 terea
246 2699 384 2737 veteris
403 2700 558 2738 aeolismi
589 2699 754 2750 speciem
776 2700 915 2738 frustra
935 2699 988 2737 ibi
1017 2712 1161 2750 quaeras
1184 2713 1191 2736 ε
1215 2698 1384 2736 dorismo
1405 2699 1534 2749 potius
1553 2707 1591 2736 et

120 2764 282 2802 ionismo
302 2763 397 2801 male
417 2763 522 2802 mixti
545 2774 633 2802 sunt
653 2771 800 2811 versus,
821 2774 990 2802 ceterum
1010 2764 1099 2802 satis
1117 2763 1209 2802 boni
1228 2772 1266 2802 et
1285 2763 1486 2813 elegantes.
1505 2762 1589 2803 Pri-

123 2841 206 2866 mus
225 2827 340 2866 habet
357 2827 566 2866 inauditam
585 2842 714 2866 vocem
735 2828 936 2881 σαφηγορίς,
957 2841 1029 2879 pro
1049 2842 1123 2880 qua
1144 2828 1300 2866 sortasse
1321 2824 1514 2880 σαφηγόρος
1531 2827 1605 2865 le-·
