1686 3500
691 98 990 146 EXCURSUS
1029 101 1127 148 vn.
1358 117 1366 128 ‘
1475 96 1478 100 ⁵
1527 104 1620 151 605

156 196 267 243 velit,
287 209 363 234 non
394 192 720 248 repugnabimus:
752 196 877 236 verius
910 208 1035 235 tamen
1072 197 1281 238 id-factnm
1307 212 1503 239 censemus
1526 209 1621 239 noto

154 260 476 312 pronuntiationis
495 272 577 307 usu,
596 273 674 310 quo
694 275 724 297 u
737 260 999 312 diphthongus
1018 270 1054 300 et
1073 276 1084 299 t
1103 262 1210 300 litera
1230 263 1576 302 confundebantur.

204 326 295 363 Post
317 325 446 376 iongas
463 325 559 362 male
578 334 775 377 correptas
788 353 798 371 ,
814 325 1005 375 signandae
1021 334 1110 362 sunt
1129 327 1242 364 etiam
1265 326 1422 376 breves,
1441 328 1507 367 ubi
1528 341 1621 368 con-

153 388 253 426 trahi
270 402 348 426 non
368 396 564 440 poterant,
577 389 735 426 omnino
754 389 850 426 crasi
871 388 1072 440 absorptae,
1085 389 1190 440 quod
1212 398 1253 427 nt
1271 392 1390 441 poetis
1410 393 1619 443 praesertim

150 453 273 491 atticis
302 452 650 503 frequentissinunn
675 462 748 499 est,
770 453 822 491 ita
849 461 972 491 tamen
998 453 1036 490 in
1060 454 1289 505 quibusdam
1315 455 1472 494 vocibus
1499 457 1621 495 inusi-

152 517 265 556 tatius
281 531 301 555 a
317 517 522 567 Sibyllistis
537 518 676 556 sactum
687 517 851 564 videtur,
868 527 911 555 ut
929 518 967 555 in
983 520 1236 570 θεατροκοπῶν,
1250 519 1296 569 V,
1311 524 1354 564 14
1365 533 1377 556 ι
1394 521 1514 567 maiiiv,
1528 529 1621 560 tein-

150 582 318 633 piorum,
341 581 443 630 VIII,
460 581 557 628 4873
576 581 748 632 ἐώμεαθα,
768 581 929 627 ibidem3
951 583 1054 633 βοῶν,
1071 583 1123 628 II,
1142 596 1186 632 93
1201 572 1266 620 aut
1285 581 1353 621 uhi
1368 585 1521 623 vocales
1542 587 1622 626 Ion.

148 659 204 697 gae
223 660 309 684 cnm
332 646 513 684 brevibus
533 646 783 697 sequentibus
805 646 1049 693 coalescunt,
1066 655 1109 684 ut
1128 647 1166 684 in
1184 648 1283 694 Νῶε,
1305 647 1338 694 Ῑ,
1365 661 1464 697 2013
1484 648 1591 690 ἀέναα
1606 683 1617 701 ,

147 712 314 749 Prooem.
334 717 394 755 44.
412 711 506 748 Nam
529 711 601 748 illae
619 711 773 762 quidem
793 724 917 749 crases
941 709 989 761 μὴ
1015 712 1287 762 ἀρσενοκοιτείν,
1307 712 1356 759 ΙΙ,
1373 714 1420 760 73
1433 742 1444 762 ,
1464 722 1502 751 et
1518 713 1540 762 ἢ
1559 716 1620 763 εἷς,

146 777 195 824 II,
221 790 232 812 1
247 790 305 822 12,
332 775 535 813 tolcrandae
554 776 748 825 videntur,
765 776 854 826 qnia
878 775 992 813 bonis
1011 775 1237 813 auctoribus
1257 790 1332 813 non
1353 787 1499 815 carent.

198 840 355 878 Minime
379 854 469 878 vei-0
488 840 644 878 serenda
666 849 721 877 est
740 839 912 877 inaudita
931 839 1112 890 synizesis
1125 838 1162 876 in
1176 839 1420 891 πολιόκρανος,
1439 842 1537 890 VIII,
1558 843 1620 890 52,

144 919 190 943 co
204 906 360 955 gravior
379 905 483 956 quod
498 904 644 955 syllaba
658 919 703 942 ex
720 919 749 942 ιο
762 912 958 942 contracta
973 903 1099 942 brevis
1114 904 1151 941 in
1169 905 1234 942 iilo
1255 918 1367 943 versu
1383 909 1620 947 remanserit.

145 971 328 1009 Notandae
345 972 456 1008 etiam
478 970 667 1020 synizeses
686 969 767 1007 aliae
785 978 942 1019 prorsus
954 982 1064 1006 novae
1084 969 1122 1006 in
1139 968 1414 1008 vocabulorum
1437 984 1619 1022 quorum-

143 1034 228 1071 dam
246 1035 492 1086 propriorum
512 1034 630 1084 init-iis
650 1047 658 1072 ε
680 1032 848 1080 Ἰουδαία,
867 1034 911 1081 V,
928 1034 1022 1080 2623
1041 1033 1217 1083 Ἰουδαῖοι,
1241 1033 1306 1079 lv,
1329 1040 1399 1080 124
1423 1036 1552 1087 (127);
1572 1038 1617 1083 V,

145 1101 240 1144 2483
261 1098 435 1151 Ἰορδάνου
450 1128 459 1146 ,
480 1100 527 1137 VI
543 1128 552 1144 ,
573 1098 712 1147 5;v11,
732 1099 796 1147 673
818 1098 944 1135 forsan
974 1106 1013 1135 et
1038 1097 1197 1145 Ἰόππης,
1216 1099 1261 1146 V,
1282 1099 1357 1136 250
1378 1114 1388 1138 z
1418 1100 1455 1137 in
1477 1101 1618 1152 quibus

141 1163 299 1201 latinum
323 1164 441 1213 inagis
462 1176 575 1214 quain
591 1176 756 1214 graecum
778 1176 922 1200 morem
944 1162 1052 1213 sequi
1073 1162 1254 1200 videntur
1266 1163 1484 1214 Sibyllistae‚
1504 1174 1618 1218 atque

142 1241 187 1265 eo
204 1227 440 1265 manifestius
465 1235 614 1264 aetatem
645 1239 748 1264 suain
778 1227 963 1277 produnt.
984 1228 1046 1266 Sic
1066 1227 1167 1264 enim
1187 1227 1313 1265 Latini
1342 1228 1354 1266 I
1383 1241 1452 1266 suo
1478 1243 1616 1268 conso-

141 1301 255 1330 nante
271 1301 446 1339 ntuntur‚
468 1291 572 1329 unde
591 1304 662 1330 nos
681 1292 702 1330 J
729 1291 904 1341 gallicum
926 1291 1140 1332 effecimus.
1161 1293 1317 1330 Graecos
1343 1302 1471 1331 antem
1492 1308 1536 1333 ea
1567 1295 1613 1333 Ii·

140 1365 218 1395 tera
236 1357 402 1395 caruisse
419 1357 520 1408 apud
539 1357 805 1408 grammaticos
819 1357 1015 1405 convenit,
1038 1371 1107 1394 nec
1134 1358 1218 1395 talis
1240 1358 1402 1397 licentiae
1420 1359 1633 1418 specimen⁴

139 1422 240 1473 apud
256 1423 491 1473 antiquiores
511 1423 627 1469 aliud,
645 1431 832 1472 quantum
851 1423 1013 1469 scimus,
1032 1422 1235 1473 reperitur.

190 1489 283 1526 Post
303 1487 384 1525 haec
403 1496 477 1525 tani
501 1487 684 1525 audacter
703 1487 905 1525 commissa
920 1517 930 1533 ‚
949 1500 1062 1525 nemo
1084 1487 1289 1538 Sibyllistis
1317 1486 1419 1525 litem
1446 1488 1616 1528 movebit

135 1552 239 1602 quod
262 1553 431 1590 vocalem
461 1560 598 1589 natura
614 1551 769 1590 brevem
788 1560 873 1589 ante
899 1551 994 1589 duas
1016 1561 1270 1590 consonantes
1283 1581 1294 1602 ,
1314 1565 1476 1603 quarum
1495 1553 1616 1592 altera

138 1616 282 1667 liquida
299 1626 367 1664 est,
394 1616 512 1655 libere
531 1615 674 1666 ubique
697 1616 910 1667 corripiant
927 1616 1146 1655 Atticorum
1167 1615 1365 1668 exemplu,
1385 1626 1518 1656 contra
1538 1618 1617 1656 flo-

137 1681 319 1719 men-icum
339 1694 485 1719 morem
500 1709 509 1724 ‚
528 1693 549 1718 a
564 1694 642 1731 quo
667 1688 792 1718 tamen
810 1693 886 1717 non
909 1679 1122 1731 Sibyllistas
1141 1680 1273 1726 modo,
1296 1679 1361 1719 sed
1379 1690 1418 1718 et
1439 1681 1614 1720 meliores

136 1745 328 1784 interdum
361 1751 495 1797 poetas
523 1744 740 1782 discessisse
771 1743 971 1782 fatendum
997 1752 1067 1784 est.
1101 1744 1145 1783 ld
1176 1758 1297 1795 quum
1322 1745 1426 1796 apud
1454 1747 1612 1788 Nostros

135 1803 482 1862 frequentissimum
503 1811 572 1857 sit·,
594 1809 768 1861 exempla
797 1810 969 1860 proferre
996 1808 1291 1857 abstinebimus,
1320 1817 1460 1860 praeter
1491 1823 1613 1862 pauca

133 1875 289 1914 duriora
317 1876 374 1913 vel
395 1874 666 1920 insolentiora,
688 1874 815 1925 qualia
833 1863 1054 1911 sunt'haec:
1080 1874 1261 1925 ἀγνοοῦσι,
1294 1874 1371 1924 III,
1403 1875 1499 1927 3983
1526 1875 1613 1929 ἀροί-

133 1957 244 1995 χναις,
266 1944 428 1981 prooem.
446 1942 514 1988 64;
530 1940 661 1992 βιὲλίον
679 1940 728 1991 (id
746 1953 836 1977 vero
848 1948 984 1977 contra
1000 1939 1197 1989 vulgarem
1210 1940 1542 1990 grammaticorum
1556 1956 1613 1980 re-

133 2007 299 2058 gulam),
322 2006 396 2054 III,
416 2007 484 2053 823
507 2003 653 2058 ἐφετμαί
669 2034 679 2051 ,
701 2005 729 2052 I,
760 2018 802 2054 7,
820 2004 884 2050 38,
904 2004 977 2049 45;
1003 2005 1169 2050 ἱκνεῖται,
1194 2003 1233 2042 in
1262 1995 1336 2043 fine
1364 2017 1518 2056 versus,
1535 2006 1610 2054 111,

135 2074 208 2118 304
223 2102 234 2123 ‚
263 2085 337 2120 779
353 2085 362 2117 ;
379 2070 593 2123 μυρίπνους,
626 2070 670 2117 V,
706 2069 796 2115 1283
815 2067 989 2120 ὑπνώσας,
1010 2069 1119 2117 VIII,
1149 2070 1248 2116 312;
1269 2070 1541 2121 ἀγρυπνοῦντας,
1562 2072 1611 2119 II,

137 2151 220 2187 179.
243 2136 440 2187 Addejznn
460 2148 575 2186 supra
595 2142 771 2172 notatum
789 2132 991 2185 ἀλαλαγμός
1019 2147 1039 2172 e
1065 2132 1164 2171 libro
1191 2131 1285 2184 111⁴,
1313 2134 1404 2183 694.
1437 2133 1514 2172 Sed
1549 2144 1610 2182 et,

132 2216 217 2254 quae
234 2201 350 2239 nimia
367 2209 425 2239 est
444 2200 603 2239 audacia
616 2228 626 2244 ‚
644 2199 798 2238 inverso
815 2199 1013 2238 literarum
1031 2199 1185 2248 ordine,
1204 2199 1242 2237 id
1262 2209 1334 2247 est,
1353 2208 1549 2251 praeeunte
1565 2200 1611 2238 li-

131 2267 381 2319 quidasidem
404 2265 477 2304 sibi
496 2266 697 2317 indulgent
716 2265 838 2303 nostri
860 2273 984 2315 poetae
1003 2265 1041 2302 in
1060 2267 1325 2317 πιστοπορθεῐς,
1368 2265 1477 2313 VIII,
1510 2266 1582 2316 187
1595 2293 1607 2311 ‚

130 2341 168 2370 et
189 2330 380 2384 Μαρσύαο,
400 2331 430 2377 1,
449 2332 540 2370 265.
805 2383 810 2387 η

179 2397 253 2434 Vix
275 2395 486 2433 notandum
504 2395 541 2432 in
574 2396 647 2432 line
682 2407 839 2442 vocum,
866 2403 953 2432 ante
983 2393 1079 2432 duas
1102 2394 1300 2445 sequentis
1328 2392 1438 2432 verbi
1466 2407 1608 2433 conso-

128 2470 261 2499 nantes
276 2489 286 2508 ,
313 2461 463 2498 vocales
484 2469 620 2498 natura
638 2458 776 2499 breves
799 2460 1052 2511 quantitatem
1073 2473 1173 2511 saepe
1193 2472 1301 2498 suam
1331 2472 1504 2507 servare;
1528 2459 1606 2497 imo

127 2525 334 2576 aliquando
351 2525 501 2573 durius,
523 2533 566 2563 ut
593 2524 631 2562 in
651 2523 734 2563 ποτὲ
757 2525 941 2575 maces,
963 2526 1051 2572 258,
1074 2532 1112 2562 ct
1128 2523 1195 2577 πρὸ
1213 2523 1370 2570 κτίσεως,
1389 2524 1494 2570 VIII,
1515 2529 1604 2570 441.
1638 2519 1641 2521 ⁵

127 2590 269 2628 Contra
293 2589 432 2627 eaedcm
455 2602 735 2640 nonnunquam
768 2590 865 2627 male
885 2588 1168 2641 producuntur,
1189 2585 1310 2628 fracto
1341 2597 1381 2626 et
1408 2587 1603 2638 elumbato

128 2669 265 2702 versu,
286 2664 327 2692 ut
343 2655 380 2692 in
405 2653 443 2692 σὲ
463 2654 675 2699 κλαύσεται,
696 2655 739 2701 V,
762 2656 849 2703 169.

180 2720 302 2759 Aliam
327 2733 480 2771 quoquc
500 2719 683 2757 rationem
700 2720 923 2769 quantitatis
937 2718 1195 2766 inflectendae,
1211 2727 1382 2756 veterum
1401 2725 1601 2770 poetarum

129 2799 196 2823 usu
231 2786 434 2829 firmatam,
459 2784 596 2834 passim
627 2793 816 2834 usurpant
846 2785 987 2832 Nostri,
1023 2798 1139 2835 quum
1165 2782 1328 2834 liquidas
1347 2782 1458 2822 metri
1483 2794 1619 2822 causa·
