1752 3495
139 219 203 261 42
524 217 606 260 AD
639 217 984 261 SlBYLLlNOS
1019 215 1232 259 Ltssnos

143 313 234 349 risse
255 311 401 350 Ochum
422 311 588 348 Mantua!
616 311 866 350 conditorem.
893 311 965 351 Sed
986 324 1028 349 ea
1048 310 1173 348 omnia
1194 310 1393 361 persequi,
1426 307 1529 358 quod
1557 320 1604 345 ex

141 373 360 412 auctoribus
377 387 491 424 supra
505 374 628 413 citatis
645 375 802 425 aliisque
822 376 931 413 facile
943 383 1009 421 est,
1022 375 1171 425 longius
1181 387 1249 412 nos
1264 371 1313 410 ab
1337 371 1509 410 instituto
1530 380 1607 408 tra·

142 439 269 487 heret,
289 437 354 488 qui
382 438 513 476 Manto
546 438 704 489 Delphis
732 438 997 476 vaticinantem
1029 438 1264 489 reliquimus.
1288 436 1467 475 Ultimum
1493 435 1608 485 igitur

142 503 398 539 testimonium
413 502 617 540 asseremus
634 502 938 549 DiodoriSiculi‚
956 503 1167 540 de'l'iresiae
1187 502 1259 539 lilia
1278 499 1433 550 Delphis
1445 507 1604 545 sacrata,

140 565 272 603 eadem
299 578 420 616 paene,
439 566 502 604 sed
524 575 668 604 mutato
685 566 838 604 nomine
853 596 864 616 ,
883 567 1093 611 narrantis,
1112 565 1297 604 Biblioth.
1319 563 1384 602 lib.
1403 563 1467 610 1V,
1485 564 1507 613 5
1529 564 1578 600 66
1597 578 1606 600 t

140 629 279 667 Ἔπειθ’
306 630 336 667 οἱ
365 628 428 679 μὲν
449 629 628 681 Ἐπίγονοι
651 629 713 676 τὴν
728 628 828 667 πόλιν
857 630 988 674 ἑλόντες
1009 629 1218 681 διήρπασαν,
1253 628 1310 667 καὶ
1339 630 1400 674 τῆς
1429 626 1608 677 Τειρεσίου

141 692 303 745 θυγατρὸς
344 694 483 746 Δάφνης
518 695 692 747 ἐγκρατεῖς
724 692 918 745 γενόμενοι,
947 694 1075 741 ταύτην
1097 693 1158 745 μὲν
1186 692 1351 731 ἀνέθεσαν
1382 691 1428 734 εἰς
1457 688 1608 743 Δελφοὺς

139 758 229 796 κατά
261 773 337 796 τινα
363 759 480 810 εὐχὴν,
510 757 698 810 ἀκροθίνιον
717 760 767 811 τῷ
798 760 877 810 θεῷ.
913 758 1008 804 Αὕτη
1039 758 1074 796 δὲ
1103 758 1177 804 τὴν,
1199 757 1368 807 μαντικὴν
1401 759 1462 794 τοῦ
1482 754 1610 806 πατρὸς

140 822 263 868 εἰδυῖα,
282 821 368 860 πολὺ
389 823 520 872 μᾶλλον
540 824 573 860 ἐν
595 827 666 865 τοῖς
683 824 828 874 Δελφοῖς
847 822 1076 875 διατρίψασα,
1095 821 1158 867 τὴν
1176 821 1303 873 τέχνην
1322 820 1507 867 ἐπηύξησε.
1530 819 1610 858 Φύ-
1657 853 1662 859 .

140 901 192 924 σει
213 885 247 924 δὲ
271 890 451 938 θαυμαστῇ
468 886 734 939 κεχορηγημένη
747 886 925 938 χρησμοὺς
937 886 1065 939 ἔγραψε
1084 884 1321 928 παντοδαποὺς
1338 885 1517 937 διαφόρους
1535 890 1611 928 ταῖς

140 957 388 1002 παρασκευαῖς·
409 947 541 1003 παρ’ἧς
552 967 636 1004 φασι
657 951 716 990 καὶ
735 950 792 989 τὸν
810 950 957 998 ποιητὴν
976 950 1138 1004 (Όμηρον
1159 950 1270 988 πολλὰ
1289 952 1358 987 τῶν
1379 950 1470 987 ἐπῶν
1491 963 1610 1001 σφετε-

142 1014 321 1065 ρισάμενον
353 1017 528 1066 κοσμῆσαι
547 1014 610 1061 τὴν
632 1015 719 1053 ἰδίαν
739 1014 889 1062 ποίησιν.
908 1014 1158 1060 Ἐνθεαζοῦσης
1183 1014 1215 1052 δ’
1234 1015 1339 1060 αὐτῆς
1357 1012 1524 1055 πολλάκις
1550 1011 1609 1049 καὶ

139 1077 316 1129 χρησμοὺς
350 1078 646 1131 ἀποφαινομένης,
680 1079 782 1131 φασὶν
804 1079 1032 1124 ἐπικληθῆναι
1062 1078 1258 1117 Σίὸυλλαν·
1285 1077 1323 1115 τὸ
1351 1076 1415 1129 γὰρ
1443 1075 1609 1131 ἐνθεάζειν

140 1140 228 1178 κατὰ
256 1142 416 1192 γλῶσσαν
444 1142 610 1194 ὑπάρχειν
630 1142 874 1182 mennatum.
903 1143 1027 1179 Porro
1055 1143 1091 1179 iu
1112 1141 1170 1179 his
1192 1141 1352 1178 Diodori
1380 1139 1506 1177 verbis
1537 1139 1608 1176 tria

140 1214 227 1242 sunt
258 1206 448 1255 praecipue
471 1205 665 1242 notanda:
686 1206 849 1255 primum
874 1205 1054 1255 Daphnes
1081 1218 1216 1242 nomen
1248 1204 1396 1241 mulieri
1426 1204 1607 1252 inditum3

139 1267 277 1304 deinde
300 1267 454 1316 Sibyllae
472 1281 682 1318 cognomen
705 1268 875 1305 additum
895 1282 904 1314 ;
931 1268 1096 1318 denique
1123 1267 1240 1305 libros
1259 1267 1338 1317 ejus
1363 1275 1610 1309 memoratos,

140 1333 241 1382 quod
264 1345 282 1368 a
304 1331 409 1368 nullo
425 1331 605 1368 hactenus
624 1340 779 1368 auctore
793 1332 839 1368 de
856 1344 898 1368 ea
918 1331 1059 1381 Sibylla
1079 1332 1216 1368 factum
1240 1331 1468 1368 videramus.

191 1396 247 1432 De
266 1395 418 1431 nornine
440 1394 574 1431 mirum
592 1402 647 1431 est
667 1407 755 1431 sane
776 1395 986 1432 Diodorum
1008 1408 1029 1432 a
1045 1395 1195 1444 vulgata
1216 1394 1418 1432 traditione
1439 1393 1607 1432 differre.

141 1460 218 1510 Ipsi
238 1469 360 1497 tamen
379 1459 580 1510 astipulari
602 1459 754 1497 videtur
771 1459 957 1498 Eusebius
976 1473 1042 1498 seu
1058 1460 1229 1511 quisquis
1249 1460 1344 1497 alius
1360 1459 1609 1498 Constantino

143 1536 279 1573 magno
313 1522 437 1561 scriba
470 1523 542 1559 suit
572 1523 609 1559 in
642 1521 724 1572 ejus
753 1523 935 1573 principis
970 1523 1152 1561 Oratione
1178 1522 1224 1559 ad
1247 1524 1427 1566 sanctos,
1449 1526 1468 1568 §
1493 1523 1550 1559 18.
1578 1521 1612 1559 ls

142 1594 240 1630 enini
257 1622 266 1638 ,
288 1593 336 1631 de
352 1592 496 1643 Sibylla
517 1592 678 1643 quadam
702 1605 816 1643 agens
831 1621 840 1639 ‚
859 1606 971 1643 quam
995 1593 1230 1642 Erythraeam
1253 1601 1289 1629 et
1309 1600 1526 1629 nostrorum
1544 1590 1614 1628 sibi

144 1657 252 1695 linxit
273 1657 546 1707 Sibyllinorum
568 1664 760 1694 auctorem
778 1686 788 1703 ,
811 1666 1011 1707 postquam
1042 1655 1140 1693 dixit
1170 1669 1251 1693 eam
1276 1655 1429 1693 invitam
1460 1655 1497 1692 in
1516 1663 1613 1693 tem·

142 1721 206 1771 plo
229 1721 415 1771 Apollinis
444 1728 701 1758 consecratam
725 1720 857 1767 fuisse,
877 1718 965 1757 κατὰ
981 1719 1024 1757 τὰ
1042 1719 1144 1766 αὐτὰ,
1166 1719 1302 1769 inquit,
1323 1724 1392 1761 τοῖς
1413 1717 1615 1770 ἱστορουμέ·

142 1800 209 1827 νοις
224 1784 304 1837 περὶ
318 1787 378 1830 τῆς
397 1784 546 1837 Δάφνης.
564 1784 635 1824 Ubi
650 1786 841 1835 respicere
857 1785 1008 1822 videtur
1021 1785 1100 1821 sive
1118 1784 1164 1821 ad
1184 1783 1342 1821 Diodori
1362 1783 1485 1820 locum
1498 1796 1614 1833 supra

142 1850 320 1896 citatum,
341 1862 404 1886 seu
436 1849 566 1886 saltem
585 1849 632 1887 ad
657 1849 827 1887 eamdem
856 1848 1040 1896 fabulam,
1061 1848 1233 1898 idemque
1259 1848 1427 1886 mulieris
1450 1861 1588 1885 nomeu
1603 1876 1613 1894 ,

143 1915 328 1951 incertum
365 1913 472 1963 cujus
505 1915 672 1951 auctoris
708 1913 781 1951 fide
812 1913 1006 1961 traditum,
1037 1926 1154 1964 quum
1183 1913 1299 1951 ceteri
1331 1912 1502 1963 plerique
1537 1926 1614 1950 uno

144 1992 327 2016 consensu
354 1978 485 2017 Manto
505 1992 587 2016 eam
620 1989 781 2025 vocent,
812 1986 848 2015 et
871 1978 924 2015 sic
947 1978 984 2014 in
1007 1968 1265 2028 antiquissima
1295 1976 1614 2027 'l‘heba'idejuxta

144 2043 388 2081 Scholiastam
416 2056 530 2094 supra
551 2043 727 2088 citatum3
757 2043 811 2079 sic
831 2056 985 2093 quoque
1010 2042 1110 2093 apud
1138 2041 1382 2092 Euripidem,
1415 2049 1506 2079 teste
1526 2042 1615 2080 Cle-

149 2115 271 2144 mente
305 2107 585 2154 Alexaudriuo,
609 2107 786 2144 Stromat.
823 2120 860 2157 p.
891 2108 986 2156 399,
1018 2105 1081 2145 ed.
1118 2108 1205 2153 Ox.;
1231 2106 1283 2143 sic
1312 2105 1359 2143 ab
1388 2105 1471 2143 aliis
1500 2117 1615 2156 supra

147 2170 283 2209 citatis.
306 2171 434 2216 Quare
454 2171 520 2221 qui
542 2170 686 2220 primus
709 2170 885 2220 Daphnes
905 2183 1042 2207 nomeu
1064 2169 1139 2206 huc
1162 2169 1301 2216 attulit,
1325 2169 1476 2207 videtur
1502 2170 1615 2208 Tire-

148 2235 212 2271 siae
260 2235 368 2271 liliam
383 2263 393 2281 ‚
436 2234 598 2285 Delphis
633 2234 918 2280 vaticinantem,
964 2233 1182 2271 confudisse
1228 2247 1312 2271 cum
1354 2233 1618 2284 antiquissima

151 2299 288 2348 Pythia
303 2297 498 2349 Daphne,
536 2311 620 2348 quae
640 2298 760 2348 prima
797 2298 952 2334 oraculo
985 2297 1169 2347 Delphico
1205 2297 1433 2334 ministrasse
1464 2296 1616 2341 dicitur,

151 2364 310 2402 Pausan.
334 2363 453 2401 Phoc.
471 2367 489 2410 S
507 2363 546 2410 5,
565 2363 637 2400 nis-i
662 2363 792 2413 lingas,
817 2363 1021 2412 ingressam
1049 2362 1231 2412 templum
1253 2361 1492 2412 Delphicum,
1516 2360 1616 2397 ultro

152 2437 316 2465 mutasse
348 2427 478 2464 Manto
513 2441 650 2465 nomen
683 2440 793 2464 suum
831 2426 1075 2464 inhonorem
1106 2425 1336 2476 antiquioris
1365 2425 1478 2471 illius,
1508 2425 1616 2462 etsie

154 2491 339 2541 Daphnen
365 2499 520 2542 repente
553 2491 687 2528 factam
720 2503 814 2528 esse.
843 2490 918 2528 Sed
943 2490 1015 2527 hoc
1047 2489 1158 2540 plane
1182 2492 1263 2527 sine
1292 2496 1457 2526 auctore.

204 2556 375 2593 Alterum
388 2564 444 2592 est
463 2554 685 2602 notandum,
702 2555 856 2592 Tiresiae
877 2555 991 2592 liliam
1009 2567 1029 2591 a
1046 2553 1218 2591 Diodoro
1239 2553 1364 2591 Siculo
1385 2551 1485 2589 haud
1507 2565 1615 2590 secus

152 2632 266 2669 quam
286 2631 306 2655 a
334 2617 450 2655 Suida
469 2617 650 2667 Sibyllam
672 2617 762 2663 dici,
783 2632 899 2669 quum
916 2627 1039 2656 tamen
1066 2626 1102 2655 et
1116 2617 1341 2669 virginitatis
1368 2615 1530 2663 laudem,
1555 2616 1616 2654 Si-

153 2682 265 2732 byllis
288 2695 524 2719 communem
546 2682 646 2732 (vide
666 2694 792 2732 supra,
810 2696 895 2733 pag.
917 2682 977 2733 3),
997 2695 1074 2719 non
1098 2695 1245 2733 semper
1266 2681 1464 2719 retinuerit
1488 2680 1615 2731 Mopsi

156 2755 287 2791 mater,
309 2754 346 2783 et
366 2746 532 2796 quandiu
552 2746 696 2783 oraculi
716 2746 892 2796 Delphici
918 2746 1126 2783 ministerio
1147 2745 1294 2783 addicta
1311 2744 1459 2789 mansit,
1479 2743 1616 2794 Pythia

156 2811 282 2860 potius
310 2808 471 2847 dicenda
498 2809 612 2846 suerit
633 2823 745 2860 quam
766 2809 924 2860 Sibylla.
950 2809 1104 2859 Pythias
1122 2817 1221 2846 certe
1242 2821 1326 2846 cum
1354 2807 1507 2857 Sibyllis
1527 2821 1616 2845 eon-

159 2875 263 2912 snudi
293 2884 389 2912 vetat
412 2888 486 2912 uon
517 2874 630 2912 nwtlo
666 2866 847 2925 loquendi
873 2888 952 2911 mos
984 2882 1180 2924 receptus,
1202 2872 1265 2910 scd
1290 2881 1325 2909 et
1349 2885 1472 2910 rerum
1500 2871 1616 2919 ratio,
