1752 3495
650 188 955 235 EXCURSUS
988 189 1062 235 ΠΙ.
1496 191 1588 237 239

130 287 316 340 conjicias,
331 286 442 337 juxta
458 284 558 321 illam
575 281 761 332 Dionysii,
780 293 893 332 quam
913 294 1026 332 supra
1043 282 1226 332 dedimus,
1240 283 1359 336 legem
1375 298 1384 323 ε
1403 276 1590 338 Ἐλέγχον-

130 369 184 394 ται
201 351 235 390 δὲ
255 354 330 392 ταῖς
350 345 577 397 καλουμέναις
592 343 821 399 οἷὶεροστιχίσι.

180 413 289 462 Quod
306 411 512 451 et·aliun‹le
525 411 701 460 cognosci
727 418 862 462 potest.
885 411 978 449 Nam
996 410 1027 448 si
1047 420 1326 450 monumentum
1345 413 1437 452 illud
1459 414 1589 453 claris-

131 484 257 521 simum
282 476 482 515 exstitisset
502 476 633 525 primae
654 475 831 513 ludorum
851 475 1092 514 Saecularium
1117 475 1376 524 institutionis,
1397 491 1474 528 quo
1501 492 1588 518 cen-

132 557 202 584 tum
233 551 270 581 et
297 541 426 586 decem
454 553 640 577 annorum
675 540 836 590 spatium
868 552 1041 590 expresse
1070 538 1270 587 definitur,
1301 553 1374 578 non
1407 550 1506 581 tanta
1539 543 1587 582 de

131 612 272 650 illorum
286 604 462 643 ludorum
477 603 684 641 intervallis
696 603 958 642 controversia
972 603 1252 651 intervenisset,
1264 612 1442 654 quantam
1456 619 1584 658 supra,

130 690 160 714 c.
187 673 250 719 15,
277 669 521 708 ostendimus.
547 669 670 706 Porro
697 667 750 705 ibi
773 669 986 706 notavimus
1010 667 1058 705 de
1080 668 1217 705 saeculo
1237 668 1302 706 illo
1329 682 1376 706 cx
1399 682 1585 709 annorum

131 738 261 776 nullam
283 733 445 785 reperiri
472 741 560 770 ante
581 733 742 783 Augusti
768 721 937 784 tempora
972 732 1224 780 mentionem,
1244 740 1281 770 et
1305 732 1511 771 Varronem
1542 748 1586 773 ex

131 800 280 841 Antiatis
293 797 368 834 fide
386 796 494 834 ludos
508 797 712 835 Saeculares
732 796 936 834 centesimo
955 809 1108 846 quoque
1129 809 1227 833 anno
1247 795 1496 834 celebrandos
1512 805 1587 835 sta-

131 866 254 908 tuisse,
275 871 311 900 et
328 861 475 898 Livium
495 861 639 911 ipsum,
657 861 831 910 quamvis
850 860 920 898 sul)
936 863 1107 911 Augusto
1127 859 1368 908 scribentem,
1388 873 1463 897 non
1480 861 1588 900 aliter

130 928 276 967 sensisse
292 925 432 971 videri,
459 925 490 963 si
514 925 604 962 fides
636 924 717 975 ejus
743 925 918 974 epitomae
940 923 1027 961 libri
1045 924 1184 972 XL1X3
1205 937 1415 975 causasque
1444 924 1585 963 ibidem

129 991 366 1031 indicavimus
381 1002 449 1026 cur
470 989 648 1026 saeculare
667 989 829 1038 spatium
850 1001 869 1024 a
891 988 1048 1026 XVviris
1064 987 1194 1024 aliisve
1215 988 1398 1038 principis
1411 988 1585 1027 adulato-

131 1056 224 1094 ribus
243 1052 425 1092 decennio
443 1062 596 1090 auctum
618 1051 828 1091 videretur.
847 1051 957 1089 Paene
982 1051 1099 1101 igitur
1118 1050 1290 1102 dejerare
1313 1053 1476 1091 misimus
1493 1054 1584 1092 illud

130 1120 313 1158 oraculum
331 1120 523 1168 Augusteo
539 1129 619 1153 aevo
637 1116 839 1153 confictum
861 1115 986 1153 fuisse.
1003 1115 1117 1153 Favet
1131 1115 1220 1153 huic
1236 1125 1374 1154 nostrae
1389 1119 1587 1157 sententiae

130 1187 198 1236 ipse
220 1182 394 1221 carminis
412 1181 581 1232 epilogus
600 1181 636 1217 in
656 1180 726 1217 hos
744 1193 876 1218 versus
898 1180 1073 1218 desinens
1093 1193 1101 1219 z

323 1245 393 1284 Ka<
412 1261 465 1284 σοι
483 1251 578 1283 πᾶσα
594 1243 687 1298 χθὼν
704 1243 820 1291 Ἰταλὴ
841 1244 900 1283 καὶ
918 1250 1014 1284 πᾶσα
1034 1244 1168 1291 Λατίνη

324 1310 405 1349 Αἷὲν
424 1311 488 1348 ὑπὸ
502 1309 726 1360 σκήπτροισιν
744 1308 948 1361 ὑπαυχένιον
968 1309 1068 1359 ζυγὸν
1093 1309 1170 1353 ἕξει.

129 1380 209 1418 Nam
239 1376 327 1414 illud
360 1377 486 1415 llomae
513 1375 735 1426 imperium,
765 1375 834 1412 toti
861 1375 1004 1412 scilicet
1031 1375 1149 1412 Italiae
1177 1375 1475 1425 imponendum,
1507 1389 1583 1415 non

132 1441 230 1480 modo
248 1454 346 1478 auno
363 1450 448 1491 post
469 1441 513 1479 U.
533 1440 574 1478 C.
596 1453 740 1476 eccum
755 1468 766 1489 ,
788 1451 864 1489 quo
885 1439 1058 1477 Zosimus
1081 1438 1224 1476 editum
1253 1438 1327 1475 hoc
1356 1451 1582 1489 responsum

131 1507 277 1558 putavit,
307 1506 476 1543 nondum
498 1519 566 1556 spe
588 1514 652 1542 aut
674 1505 771 1542 votis
791 1504 967 1555 praesumi
1000 1512 1174 1555 poterat,
1202 1517 1317 1554 quum
1352 1504 1452 1543 intra
1483 1504 1583 1544 Latii

131 1571 251 1608 limites
282 1569 405 1607 adhuc
436 1577 614 1607 {estuaret
642 1568 800 1607 ambitio
823 1569 1012 1615 Romana;
1041 1582 1173 1606 verum
1202 1581 1250 1607 ne
1282 1567 1410 1607 adulta
1428 1569 1582 1620 quidem

132 1634 327 1686 republica,
344 1648 388 1672 ac
407 1647 454 1672 ne
474 1634 635 1684 Syllanis
665 1633 819 1684 quidem
835 1632 1071 1683 temporibus
1090 1641 1174 1683 post
1198 1632 1366 1670 italicum
1386 1646 1430 1670 ac
1445 1633 1583 1673 sociale

130 1700 274 1746 bellum,
309 1699 361 1737 ita
388 1699 525 1750 jactari
555 1707 619 1736 aut
653 1698 712 1736 bis
747 1697 872 1736 verbis
903 1697 1063 1749 exprimi
1093 1698 1292 1748 potuisset.
1327 1699 1446 1738 Nemo
1481 1697 1579 1736 enim

131 1764 334 1802 Latinorum
363 1772 428 1801 aut
449 1763 627 1802 Italorum
647 1776 756 1813 aequo
773 1763 899 1800 animo
920 1762 1118 1801 auditurus
1140 1771 1220 1801 erat
1234 1763 1378 1801 servire
1396 1776 1436 1801 se
1453 1770 1490 1800 et
1509 1762 1580 1800 sub

126 1829 206 1878 jugo
225 1842 302 1866 esse
320 1828 604 1877 Romanorum,
627 1825 830 1878 ὑπαυχένιον
854 1826 952 1876 ζυγὸν
977 1826 1080 1879 ἔχειν.

175 1893 216 1930 Et
238 1891 406 1943 Phlegon
430 1891 580 1942 quidem
610 1891 749 1928 nullam
780 1892 923 1929 oraculi
954 1899 1101 1929 aetatem
1133 1890 1313 1929 desinivit.
1343 1891 1404 1929 Ait
1434 1899 1579 1929 tantum

131 1957 287 1994 Romanis
307 1956 436 1994 datum
458 1956 550 1993 illud
567 1968 667 2003 esse,
689 1964 767 1993 tum
787 1969 905 2006 quum
925 1955 1016 1993 socii
1034 1954 1239 1993 foederibus
1262 1955 1414 1993 minime
1434 1957 1581 2006 acquie—

129 2029 271 2072 scerent,
284 2020 350 2059 sed
367 2034 466 2071 saepe
487 2020 691 2058 delicerent
708 2029 822 2071 atque
840 2020 1092 2071 insurgerent,
1108 2021 1177 2057 τῶν
1190 2018 1383 2072 συμμάχων
1403 2018 1451 2076 μζ),
1472 2020 1581 2072 ἐμμε-

129 2083 239 2122 νόντων
260 2091 333 2129 ταῖς
351 2084 558 2133 συνθήκαις,
584 2083 672 2123 ἀλλὰ
698 2083 810 2122 πυκνὰ
831 2083 1146 2135 μεταὲαλλομένων
1173 2083 1232 2127 καὶ
1258 2082 1499 2134 πολεμούντων
1518 2085 1581 2122 αὖ·

128 2155 198 2196 τοῖς,
215 2150 312 2201 quod
326 2151 364 2188 in
380 2151 536 2188 historia
548 2151 716 2189 Romana
732 2158 805 2187 tam
827 2164 926 2201 saepe
942 2149 1122 2199 accidisse
1137 2151 1290 2196 scimus,
1312 2157 1352 2187 ut
1365 2148 1412 2186 ad
1433 2158 1578 2200 tempus

128 2214 265 2266 aliquod
287 2226 431 2254 certum
456 2215 731 2266 designandum
755 2215 821 2266 qui
847 2215 885 2252 id
916 2214 1033 2261 dicat,
1055 2210 1148 2252 nihil
1170 2214 1283 2253 dieat.
1309 2215 1492 2253 l'raeterea
1513 2227 1578 2252 so-

128 2278 256 2317 ciorum
276 2280 505 2319 defectiones
524 2279 700 2330 bellaque
719 2293 765 2317 ex
783 2279 841 2316 his
858 2292 957 2330 saepe
977 2288 1059 2316 orta
1075 2288 1251 2329 poterant
1267 2278 1421 2329 quidem
1440 2279 1578 2317 Roma—

128 2342 175 2380 nis
199 2345 407 2382 calamitosa
431 2345 578 2392 videri,
605 2358 682 2382 non
709 2352 818 2382 erant
846 2352 971 2381 tamen
997 2357 1044 2381 ex
1071 2357 1203 2381 eorum
1231 2345 1415 2381 malorum
1436 2356 1576 2394 genere

127 2419 199 2456 quae
221 2408 411 2459 Sibyllinis
435 2409 608 2447 remediis
637 2408 835 2460 procurari
864 2408 1038 2446 solerent.
1064 2409 1193 2458 ltaque
1213 2407 1305 2446 nihil
1327 2417 1503 2459 putamus
1524 2407 1571 2446 ad

127 2479 256 2510 aetatem
277 2474 452 2511 carminis
472 2472 707 2511 statuendam
738 2486 758 2510 e
778 2472 1001 2522 Phlegontis
1019 2471 1146 2509 verbis
1167 2472 1297 2522 prolici
1321 2485 1441 2522 posse.

171 2539 213 2574 At
231 2538 397 2575 Zosimus
416 2538 631 2588 expressior
651 2545 731 2585 est,
751 2536 817 2587 qui
841 2545 879 2574 et
893 2549 1036 2574 aunum
1056 2535 1202 2580 delinit,
1226 2545 1263 2573 et
1290 2549 1438 2574 causam
1466 2537 1574 2576 addit

128 2598 262 2638 morbos
287 2611 323 2639 et
349 2600 446 2639 bella
473 2601 714 2652 ingruentia,
732 2599 842 2639 νόσων
870 2599 929 2637 καὶ
948 2598 1111 2651 πολέμων
1141 2599 1395 2652 ἐνσκηψοὶντων.
1419 2602 1574 2640 Morbos

126 2661 178 2700 hic
197 2665 295 2703 vides
315 2666 422 2704 bellis
442 2666 612 2713 additos,
638 2679 724 2716 quae
755 2665 859 2703 libris
886 2664 1069 2702 adeundis
1097 2664 1232 2703 idonea
1260 2679 1370 2704 causa
1390 2678 1471 2704 esse
1499 2679 1572 2718 po-

126 2727 197 2764 tuit.
216 2730 268 2767 Ex
282 2744 409 2769 eorum
428 2744 611 2782 responso
627 2730 743 2781 (quod
764 2730 887 2782 ipsum
907 2729 979 2767 hoc
997 2738 1168 2767 nostrum
1189 2739 1244 2768 est
1265 2743 1417 2769 carmen
1439 2731 1571 2770 iisdem

125 2803 217 2839 paene
238 2795 358 2833 verbis
378 2810 396 2833 a
418 2797 571 2834 Zosimo
586 2794 724 2846 quibus
743 2809 762 2832 a
784 2795 995 2844 Plilegonte
1014 2793 1230 2846 prolatum)
1254 2808 1400 2833 sacrum
1432 2796 1568 2834 sactum
1619 2787 1625 2793 ⁴

126 2854 193 2892 Diti
212 2866 247 2894 et
265 2858 497 2910 Proserpinae
513 2868 697 2898 memorat
713 2858 750 2897 in
770 2859 854 2897 loco
877 2858 1102 2907 (Terentum
1122 2859 1223 2898 haud
1241 2859 1356 2898 dubie
1375 2859 1569 2912 intelligit)
