1686 3500
125 204 220 249 424
247 259 252 265 ι
502 204 581 248 AD
611 202 957 248 SlBYLLlNOS
991 203 1204 248 LIBROS

122 312 261 338 novem
290 308 437 339 tautum
470 299 635 351 Sibyllas
671 300 868 339 admisisse
895 299 1162 345 Gennadium,
1191 313 1279 352 quae
1299 302 1341 339 in·
1367 302 1590 353 praefatione

121 365 311 415 Anonymi
329 365 459 403 decem
478 373 592 404 sunt:
614 377 833 416 quanquam
855 364 990 402 mirum
1019 364 1106 401 satis
1133 363 1172 401 id
1197 364 1367 414 videtur,
1391 379 1436 404 ac
1464 367 1590 417 potius

78 456 86 464 ·
122 429 314 468 credimus
341 429 591 481 ambiguitate
616 430 745 481 aliqua
768 429 954 468 sermonis
981 428 1182 480 deceptum
1216 429 1330 468 fuisse
1351 430 1587 482 Manuelem,

102 502 162 532 ·ut
182 494 214 532 si
233 494 334 532 forte
353 494 585 542 Gennadius,
599 494 729 533 Suidae
751 493 936 544 exemplo,
962 493 1125 545 primum
1156 493 1204 532 de
1226 493 1403 533 Chaldaea
1421 495 1499 533 sive
1519 496 1590 534 He-

119 558 247 597 braica
262 587 274 606 ,
297 567 376 597 tum
407 558 455 597 de
485 572 625 597 novem
653 559 787 597 ceteris
806 557 957 595 locutus
982 566 1074 597 erat.
1093 557 1241 597 Deinde
1266 557 1445 597 babuisse
1464 559 1588 610 ipsum

118 623 358 662 Gennadium
376 636 494 675 penes
512 636 552 661 se
571 622 766 674 exemplar
781 634 899 659 unum
916 620 1210 673 Sibyllinorum,
1223 614 1332 673 ¹quod
1352 630 1482 674 postea
1496 651 1508 669 ‚
1536 625 1589 662 uti

117 686 295 734 diximus,
326 686 365 725 in
397 686 545 726 excidio
575 685 960 736 Constantinopoleos
990 686 1170 724 amissum
1199 685 1468 725 desiderabat:
1502 687 1589 725 hinc

116 765 207 791 vero
226 753 316 792 satis
338 752 463 791 elucet
481 766 567 791 rara
584 761 662 790 tum
684 751 799 789 [uisse
819 749 1040 801 hujusmodi
1067 750 1325 801 exemplaria,
1347 751 1452 801 quod
1473 751 1589 790 modo

114 817 454 857 contendebamus.
479 817 650 867 Denique
676 815 771 853 illud
792 814 984 853 Gennadii
1004 815 1264 853 testimonium
1286 815 1402 854 fuisse
1422 816 1587 854 Manueli

115 879 166 919 ob
191 881 344 929 oculos,
373 881 473 919 unde
498 881 568 929 ait,
595 879 686 918 καθά
706 894 811 934 φησιν
826 879 951 923 αὖτόςε
974 893 1095 931 quare
1115 893 1162 917 ne
1176 893 1247 918 nos
1271 879 1425 931 quidem
1453 880 1589 932 despe-

116 958 244 984 ramus
263 953 401 997 praesto
420 945 512 982 illud
532 944 644 983 nobis
671 943 878 995 aliquando
895 945 1086 989 futurum,
1105 944 1137 983 si
1156 944 1313 996 quando
1330 945 1483 984 licuerit
1504 959 1587 983 om·

112 1010 177 1048 nia
200 1009 425 1060 patriarchae
446 1009 589 1060 scripta
616 1009 759 1047 inedita
786 1009 1039 1060 perscrutari,
1063 1017 1178 1061 atque
1198 1008 1287 1048 inde
1306 1022 1444 1048 novam
1463 1010 1585 1048 lucem

114 1073 287 1125 opinioni
306 1081 443 1112 nostrat
461 1073 694 1125 assulsuram.

165 1137 319 1188 Rejecta
348 1138 462 1189 igitur
493 1137 586 1176 falsa
617 1137 665 1175 de
703 1137 904 1176 Gennadio
941 1138 1177 1188 suspicione,
1205 1138 1320 1176 alium
1351 1139 1586 1189 praefationis

114 1211 311 1241 auctorem
327 1215 495 1253 quaerere
515 1203 594 1254 jam
614 1202 872 1253 cogimur-321<-
896 1201 953 1240 vel
973 1201 1020 1240 iis
1046 1201 1094 1240 de
1121 1202 1244 1240 causis
1273 1201 1414 1253 quibus'
1439 1202 1586 1241 inducti

111 1267 354 1306 Gennadium
385 1266 553 1318 primum
587 1266 866 1316 acciveramus,
896 1266 1037 1305 deinde
1065 1267 1319 1314 exclusimus,
1344 1280 1498 1305 necesse
1529 1276 1586 1305 est

111 1346 244 1371 rursus
262 1334 309 1370 ad
328 1345 372 1371 ea
396 1342 566 1384 tempora
581 1333 800 1370 relabamur
818 1332 960 1383 quibus
978 1341 1016 1370 et
1037 1346 1173 1383 magna
1191 1333 1317 1371 adhuc
1333 1346 1416 1371 esse
1434 1341 1588 1385 poterat

111 1396 389 1449 exemplarium
406 1396 682 1448 Sibyllinorum
698 1397 831 1448 copia.
853 1405 890 1434 et
909 1396 957 1434 de
970 1396 1178 1448 gentilibus
1197 1398 1340 1436 mentio
1359 1397 1487 1436 adhuc
1504 1398 1586 1436 fieri

111 1470 294 1513 tanquam
314 1460 460 1513 aliquid
483 1461 695 1499 valentibus
711 1469 748 1499 et
768 1461 1000 1499 refutatione
1022 1460 1159 1512 dignis.
1183 1462 1251 1500 11ae
1270 1475 1362 1500 vero
1385 1475 1509 1500 causae
1536 1462 1584 1500 ad

108 1536 258 1566 sextum
289 1526 420 1566 saltem
451 1527 656 1576 saeculum,
691 1540 739 1564 ne
771 1526 885 1565 altius
920 1539 1087 1565 remeare
1119 1534 1332 1575 tentemus,
1365 1526 1405 1565 id
1436 1536 1515 1575 est,
1535 1527 1584 1566 ad

109 1591 285 1643 proxima
302 1591 517 1630 Justiniano
543 1599 739 1643 tempora,
760 1604 831 1629 nos
851 1590 1053 1631 reducunt.
1077 1592 1154 1630 Nec
1182 1592 1258 1630 ulio
1285 1604 1355 1630 nos
1375 1591 1535 1639 ducent,
1554 1592 1584 1630 si

110 1666 213 1696 recte
227 1656 512 1705 attenderimus,
526 1670 570 1697 ea
584 1671 668 1709 quae
685 1657 723 1695 in
737 1655 967 1695 Praefatione
983 1655 1189 1694 traduntur
1205 1655 1253 1694 de
1269 1655 1399 1694 decem
1414 1655 1583 1707 Sibyllis,

113 1728 153 1759 et
177 1720 225 1760 de
250 1722 429 1760 Cumanae
459 1721 569 1760 fibris
594 1725 727 1761 Romae
745 1721 960 1769 asservatis,
979 1729 1016 1759 et
1035 1719 1084 1758 de
1113 1721 1347 1772 Fragmentis
1378 1720 1584 1772 Erythraeae

153 1856 393 1902 Lactantius,
415 1855 495 1890 Dio.
517 1855 611 1890 Inst.
633 1851 695 1890 tib.
716 1855 758 1900 1,

387 1929 472 1966 cap.
492 1918 532 1957 6.

160 1982 230 2033 [M.
256 1981 378 2020 Varro
400 1980 469 2032 ait]
486 1980 652 2032 Sibyllas
678 1981 808 2019 decem

108 2059 270 2085 numero
306 2045 421 2084 fuisse
453 2059 462 2085 :
502 2058 645 2097 easque
678 2057 809 2083 omnes

108 2110 348 2149 enumeravit
388 2109 458 2148 sub
488 2108 712 2148 auctoribus
742 2110 807 2160 qui

109 2175 158 2215 de
176 2174 335 2227 singulis
354 2175 675 2226 scriptitaverunt.

168 2268 444 2281 ...........
464 2238 672 2290 Sibyllinos
692 2238 810 2277 libros

109 2305 161 2342 ait
180 2317 258 2342 non
278 2304 393 2343 fuisse
419 2303 532 2342 unius
554 2302 720 2352 Sibyllae,
742 2303 809 2341 sed

109 2368 294 2420 appellari
319 2381 399 2407 uno
426 2368 581 2406 nomine
602 2366 810 2419 Sibyllinos

111 2432 214 2483 quod
239 2444 370 2470 omnes
398 2431 594 2484 [seminae]
621 2439 728 2470 vates
744 2431 807 2470 Si-

109 2495 224 2546 byllae
247 2496 324 2534 sint
348 2508 370 2534 a
396 2495 589 2534 veteribus
615 2508 809 2547 nuncupa·

112 2567 160 2596 tae
181 2572 190 2597 =
210 2557 302 2603 σιούς
322 2559 422 2598 enim
441 2559 559 2605 Deos,
587 2572 664 2597 non
686 2559 779 2602 θεούς
795 2591 807 2607 ,

111 2631 149 2661 et
168 2623 369 2661 consilium
388 2637 465 2661 non
486 2622 613 2675 βουλήν
625 2653 635 2671 ,
652 2623 717 2662 sed
748 2626 810 2675 βυ-

109 2681 176 2729 λήν
191 2680 436 2734 appellabant
453 2682 598 2721 AEolico
622 2682 807 2721 sermonis

110 2759 267 2799 genere.
294 2745 426 2797 ltaque
456 2745 638 2796 Sibyllam
668 2745 805 2784 dictam

109 2825 192 2850 esse
208 2811 319 2862 quasi
338 2809 516 2859 σιοῧύλην.

164 2875 330 2915 Primam
347 2874 461 2916 fuisse
475 2874 522 2914 de
539 2875 679 2927 Persis,
701 2875 810 2927 cujus

882 1854 1072 1898 Anonymi
1092 1848 1277 1900 Proefatio
1299 1853 1354 1887 ad
1368 1849 1580 1900 Sibyllina,

1194 1919 1214 1961 5
1240 1929 1273 1953 a.

933 1976 1106 2017 Σίὸυλλαι
1118 1976 1246 2023 τοίνυν,
1268 1979 1315 2022 ὡς
1334 1975 1459 2016 πολλοὶ
1478 1975 1581 2030 ἔγρα-

878 2043 970 2095 ψαν,
993 2041 1176 2096 γεγόνασιν
1202 2043 1237 2080 ἐν
1264 2041 1438 2095 διαφόροις
1464 2039 1582 2085 τόποις

879 2105 939 2142 καὶ
959 2101 1170 2157 χρόνοιζτὸν
1190 2103 1335 2159 ἀριθμὸν
1354 2104 1450 2143 δέκα.

933 2233 1092 2274 Σίὸυλλα
1114 2234 1151 2273 δὲ
1170 2233 1357 2285 Ῥωμαῖκὴ
1387 2233 1494 2284 λέξις,
1520 2236 1579 2287 ἐρ·

881 2297 1099 2350 μηνευομένη
1117 2302 1302 2354 προφῆτις,
1319 2298 1426 2349 ἤγουν
1443 2298 1577 2351 μάντις·

878 2359 955 2401 ὅθεν
980 2362 1028 2401 ἑνὶ
1048 2361 1194 2414 ὀνόματι
1212 2364 1248 2402 αἱ
1270 2362 1405 2411 θήλειαι
1421 2361 1580 2414 μάντιδις

878 2426 1146 2478 ὠνομάσθησαν.

935 2875 1066 2930 Πρώτη
1090 2869 1149 2915 οὖν
1172 2877 1194 2923 ἠ
1217 2875 1398 2926 Χαλδαῖοι,
1427 2875 1531 2929 ἤγουν
1553 2877 1573 2921 ἡ
