1752 3495
678 178 983 223 EXCURSUS
1019 178 1051 221 1.
1072 198 1075 202 ·
1527 179 1586 223 23

136 282 239 335 quod
255 282 448 320 miramur.
473 280 616 318 Numus
643 284 746 313 certe
773 275 911 313 citatur
930 288 952 312 a
974 274 1146 312 Berkelio
1167 275 1214 312 ad
1229 276 1363 327 Steph,
1389 277 1481 327 ssyz.
1501 289 1588 314 cum

137 346 382 398 inscriptione
403 335 752 384 ΜΕΡΜΗΣΣΕΩΝ
781 339 1086 386 Mss'rporIOA,
1114 337 1185 376 sub
1203 338 1357 378 Tiberio
1389 353 1513 379 cusus.
1542 341 1592 379 At

136 410 235 449 enim
259 406 479 461 cjusneloci
506 417 667 451 numus,
696 404 761 456 qui
789 403 984 444 Pausania:
1022 399 1256 453 temporibus
1291 403 1421 454 ἐρείπια
1445 412 1589 442 tantum

135 473 356 512 ostendebat
384 479 421 509 et
446 468 571 508 vicum
600 468 796 519 sexaginta
826 467 960 505 incolis
984 465 1222 504 habitatum?
1242 465 1370 504 Potuit
1399 466 1467 507 iste
1487 467 1593 506 locus

137 537 262 577 adhuc
283 536 353 575 sub
378 532 536 573 Tiberio
555 531 777 583 dignitatem
808 532 973 584 aliquam
993 530 1184 578 retinere,
1213 528 1295 580 quis
1326 529 1396 567 scit
1415 543 1461 568 an
1486 540 1594 570 terrae

137 610 242 639 motu
258 599 491 643 interiturus,
510 596 636 647 qualia
656 596 776 634 multa
796 595 865 634 sub
888 596 961 633 illis
977 593 1213 645 temporibus
1227 593 1266 630 in
1283 593 1370 631 Asia
1387 596 1593 643 praesertim

134 664 375 703 acciderunt?
389 661 633 711 Suspicamur
648 673 740 698 vero
757 673 911 698 numum
927 660 1050 711 ipsum
1066 670 1144 695 non
1160 656 1354 696 Mermessi
1369 669 1514 707 cusum,
1530 659 1593 696 sed

136 728 368 768 Alexandriae
390 726 428 763 in
449 724 615 772 Troade,
634 737 718 775 quae
737 725 870 762 civitas
889 737 1023 774 magna
1046 722 1259 773 florensque
1275 722 1470 771 antiquam
1493 722 1593 760 illam

133 807 177 832 ac
197 805 298 845 paene
325 790 564 829 obliteratam
589 790 838 828 Mermessum
864 802 933 840 pro
966 786 1166 837 metropoli
1199 786 1350 824 coleret.
1380 786 1465 837 Ipsa
1493 786 1592 824 enim

138 855 363 897 Alexandria
383 854 430 893 ab
450 855 641 905 Antigono
663 854 818 892 condita
839 854 980 905 incolas
1001 866 1047 890 ex
1068 852 1138 889 ista
1166 850 1329 890 Troadis
1354 858 1462 907 parte
1485 863 1607 898 acces

134 930 258 974 perat,
290 919 480 958 translatis
505 919 543 956 in
569 932 667 957 nova
688 919 820 957 moenia
844 917 991 956 civibus
1018 930 1067 955 ex
1093 916 1187 954 urbe
1207 916 1357 967 Scepsi‚
1378 924 1471 954 teste
1490 916 1594 954 Stra-

134 988 256 1035 bone,
278 985 343 1025 lib.
367 986 455 1025 Xlll
470 1013 481 1033 ‚
502 999 539 1037 p.
567 987 640 1034 607
655 1015 667 1033 ‚
689 999 786 1037 eque
805 985 942 1024 vicinis
967 983 1072 1022 haud
1101 982 1218 1021 dubie
1237 982 1352 1031 locis,
1373 993 1536 1032 quorum
1558 980 1595 1017 in

134 1065 292 1090 numero
311 1051 536 1089 Mei-messus
557 1050 639 1088 suit.

184 1119 254 1163 Ac,
272 1116 342 1154 nisi
357 1116 537 1164 fallimur,
554 1124 633 1154 tota
652 1115 713 1153 illa
731 1129 816 1153 cum
834 1115 1042 1165 Erytliraeis
1057 1113 1314 1152 controversia
1332 1120 1433 1150 mota
1450 1119 1506 1149 est
1521 1124 1597 1149 non

133 1195 154 1219 a
181 1180 422 1228 Mermessiis,
446 1179 597 1218 obscuri
620 1179 693 1218 vici
724 1181 783 1218 vel
805 1179 909 1217 urbis
930 1179 1132 1230 decrepitae
1161 1177 1315 1224 incolis,
1334 1175 1398 1214 sed
1417 1189 1438 1213 a
1467 1174 1600 1213 vicinis

134 1245 420 1289 Alexandrinis,
451 1244 489 1282 id
509 1244 612 1295 quod
642 1245 767 1283 statim
799 1244 926 1282 innuit
954 1244 1158 1282 Pausanias
1179 1257 1188 1281 ε
1210 1241 1285 1288 Τὴν
1305 1240 1341 1278 δὲ
1362 1239 1553 1293 Ἡροφίλην
1569 1240 1601 1277 οἱ

133 1311 167 1347 ἐν
180 1311 223 1361 τῇ
236 1308 484 1362 Ἀλεξανδρείᾳ,
498 1324 535 1350 κ.
562 1325 598 1349 τ.
626 1309 659 1347 λ.
681 1311 766 1349 Non
784 1309 902 1360 igitur
917 1309 1022 1359 prius
1039 1322 1081 1346 ea
1100 1308 1146 1345 lis
1164 1306 1347 1346 exarsisse
1363 1305 1474 1343 nobis
1493 1304 1601 1343 vide-,

135 1383 197 1412 tur
212 1387 325 1425 quam
342 1375 467 1426 primo
482 1375 537 1412 vel
553 1375 674 1412 altero
691 1382 777 1425 post
791 1374 1048 1412 Alexandrum
1064 1373 1217 1420 saeculo,
1239 1385 1357 1422 quum
1373 1370 1600 1410 Alexandria

134 1439 320 1490 primum,
355 1447 398 1476 ut
428 1439 613 1485 diximus,
646 1438 694 1476 ab
729 1439 920 1489 Antigono
951 1437 1128 1485 fundata,
1160 1437 1298 1475 deinde
1324 1450 1343 1474 a
1373 1434 1599 1486 Lysimacho

132 1511 244 1541 aucta
260 1532 270 1550 ‚
297 1502 413 1554 coepit
443 1516 628 1541 annorum
655 1516 856 1554 progressu
878 1502 1097 1554 primarium
1119 1502 1159 1540 in
1177 1501 1330 1540 Troade
1348 1501 1472 1539 locum
1492 1498 1599 1538 obti-

134 1580 238 1615 nere,
260 1566 402 1614 strab„
419 1565 527 1613 ibid„
550 1567 698 1618 p.,593.

186 1634 333 1682 Agatur
351 1646 442 1684 ergo
464 1646 577 1670 causa
601 1632 699 1671 inter
728 1631 951 1682 Erythraeos
972 1640 1011 1669 et
1031 1630 1331 1677 Alexandrinos;
1360 1638 1397 1667 et
1416 1628 1596 1680 quoniam

133 1708 278 1733 summa
300 1696 376 1734 litis
402 1697 500 1734 verti
533 1696 686 1734 videtur
716 1697 754 1734 in
791 1695 1064 1747 Sibyllinorum
1101 1696 1311 1733 carminum
1337 1694 1493 1746 ancipiti
1519 1695 1597 1732 sra-

134 1769 300 1810 gmento,
315 1760 439 1811 ipsum
459 1759 533 1798 hoc
554 1761 828 1810 testimonium,
845 1760 1056 1798 accuratius
1068 1773 1298 1810 perpensum
1317 1768 1356 1798 et
1374 1758 1420 1796 ad
1441 1771 1597 1796 examen

134 1833 330 1871 vocatum,
349 1838 564 1875 quaeramus
585 1825 680 1863 utris
700 1825 827 1876 potius
847 1825 895 1863 sit
912 1825 1198 1876 apponendum.

188 1888 302 1925 Favet
323 1888 527 1938 Erythraeis
557 1889 659 1938 quod
680 1888 854 1939 Erythrae
876 1888 923 1925 ad
947 1901 1048 1925 mare
1078 1890 1178 1934 sint,
1200 1901 1277 1939 quo
1308 1887 1432 1924 minus
1453 1886 1598 1924 mireris

134 1952 315 2003 Sibyllam
346 1953 546 2004 piscatoris
569 1954 682 1992 filiam
710 1968 748 1992 se
768 1955 906 1992 dixisse
936 1954 994 1991 vel
1016 1954 1177 1992 hominis
1208 1953 1255 1991 ad
1290 1966 1394 1990 mare
1426 1951 1598 2003 degentis

136 2016 269 2067 ibique
299 2017 467 2068 piscibus
494 2018 613 2055 vitam
639 2018 907 2065 sustentantis,
942 2017 1060 2070 ἀνδρὸς
1085 2016 1295 2070 κητοφάγοιο
1314 2030 1322 2054 :
1343 2029 1455 2068 quem
1474 2016 1598 2054 virum

137 2081 322 2130 Erythraei
335 2109 344 2127 ,
372 2090 466 2119 teste
486 2082 690 2131 Pausania,
703 2082 949 2120 Theodorum
968 2082 1176 2132 vocabant3
1195 2090 1233 2120 et
1249 2082 1286 2119 in
1306 2081 1454 2132 Coryco
1471 2090 1599 2120 monte

135 2146 350 2197 speluncam
365 2146 633 2194 ostendebant,
650 2147 687 2184 in
705 2161 780 2198 qua
797 2156 922 2185 natam
938 2146 1176 2185 affirmabant
1189 2146 1469 2197 Sibyllam.Sed
1483 2145 1597 2197 objici
1630 2196 1634 2202 ,

134 2221 259 2261 potest
275 2212 520 2250 Mer-messum
537 2213 656 2262 ipsam
677 2226 754 2250 non
777 2213 870 2250 adeo
892 2213 1019 2251 multis
1038 2226 1059 2250 a
1077 2213 1171 2250 mari
1188 2212 1329 2250 distare
1345 2212 1488 2259 stadiis,
1502 2224 1600 2263 prae·

134 2276 263 2313 sertim
291 2290 363 2326 qua
388 2276 585 2315 Antandro
608 2276 730 2315 vicina
750 2286 826 2324 est,
849 2291 970 2328 neque
1001 2278 1111 2316 aliter
1127 2291 1148 2315 a
1167 2278 1277 2316 litore
1298 2277 1464 2328 separari
1483 2288 1596 2328 quau}

135 2337 329 2388 productis
351 2340 428 2378 Idae
449 2341 588 2378 montis
605 2340 813 2388 radicibus,
836 2341 883 2379 ‹le
901 2341 1039 2392 quibus
1059 2342 1250 2393 Virgilius,
1269 2341 1353 2380 AEn.
1370 2341 1423 2379 111
1441 2354 1491 2390 ,v.
1509 2340 1530 2379 5
1553 2353 1564 2379 ε

682 2406 924 2456 Classemque
944 2405 1015 2444 sub
1036 2406 1116 2458 ipsa

342 2468 557 2517 Antandro,
577 2478 617 2507 et
634 2469 810 2520 Phrygiae
828 2471 1007 2508 molimur
1027 2470 1220 2509 montibus
1239 2471 1327 2510 ldae.

140 2534 185 2571 Et
205 2534 278 2571 huc
300 2533 541 2571 referendum
568 2534 671 2585 quod
692 2534 817 2584 statim
844 2536 882 2573 in
909 2535 1099 2586 Sibyllino
1127 2536 1212 2573 loco
1234 2536 1406 2587 sequitur
1424 2551 1433 2574 :
1453 2535 1598 2588 Μητρό-

136 2601 190 2635 θεν
219 2596 402 2648 Ἰδογενής.
425 2598 556 2636 Potuit
583 2598 684 2635 enim
705 2599 876 2652 Nympha
893 2629 903 2646 ‚
928 2600 967 2637 in
996 2600 1072 2638 Idae
1100 2600 1260 2639 saltibus
1285 2600 1480 2648 habitans,
1501 2614 1599 2652 saepe

136 2661 182 2699 ad
197 2661 320 2712 ipsum
339 2676 440 2700 mare
459 2662 633 2714 vagando
653 2664 863 2713 pervenire.
888 2664 984 2703 Hinc
997 2665 1139 2715 Sibylla
1158 2665 1268 2703 simul
1288 2665 1486 2716 piscatoris
1506 2666 1597 2713 lilia,

139 2725 245 2762 simul
263 2738 309 2763 ex
328 2726 395 2764 Ida
411 2726 586 2772 oriunda,
606 2725 787 2777 Ἰδογενὴς,
803 2727 879 2766 dici
901 2728 1042 2778 potuit.
1061 2729 1136 2767 Sed
1157 2729 1382 2779 confugiunt
1410 2729 1596 2781 Erythraei

139 2788 186 2825 ad
213 2790 405 2842 antiquam
435 2791 542 2829 vocis
580 2790 636 2838 ἴδη
659 2792 973 2842 significationem
989 2824 999 2841 ,
1021 2806 1096 2844 qua
1117 2793 1222 2832 locos
1247 2807 1376 2832 omnes
1397 2794 1598 2833 frondosos

140 2852 228 2890 olim
249 2854 462 2907 designatos
478 2857 592 2895 fuisse
609 2856 863 2905 contendunt,
881 2859 948 2896 τῶν
965 2857 1104 2911 χωρίων
1119 2857 1164 2896 τὰ
1177 2856 1284 2896 δασέα
1300 2857 1366 2896 ὑπὸ
1384 2860 1452 2896 τῶν
1469 2856 1599 2910 ἀνθρώ-
