1686 3500
112 179 203 225 368
397 153 400 156 ⁴
499 178 579 221 An
615 174 965 220 sissYLmNos
1002 174 1211 219 mssnos

110 273 318 325 AEgyptios,
337 285 383 310 an
402 283 497 323 quos
516 270 635 309 alios?
654 271 736 310 Non
752 270 852 308 enim
874 282 986 307 unam
999 298 1010 318 ‚
1028 266 1093 305 sed
1113 276 1190 305 tres
1205 273 1270 305 aut
1290 267 1419 318 plures
1440 282 1570 321 regum

109 337 245 388 stirpes
266 349 287 375 e
302 335 547 375 Macedonica
564 334 692 373 radice
712 342 949 386 procreatas,
974 345 1084 370 nemo
1101 340 1158 370 est
1175 331 1240 383 qui
1260 331 1416 381 nesciat,
1436 341 1481 371 ut
1502 334 1572 373 isto

109 415 221 440 sensu
243 402 354 454 plane
376 401 510 438 salsum
529 401 578 438 sit
599 400 701 451 quod
725 400 785 438 hic
808 399 948 450 legitur
967 412 976 435 ε

316 464 436 509 Ῥίζαν
456 464 511 502 ἴαν
528 479 567 514 γε
585 463 707 507 διδούς.

160 532 302 570 Rursus
329 542 414 580 quae
432 537 657 580 sequuntur,
688 528 869 565 meliusne
896 527 943 565 de
973 524 1192 565 Alexandro
1220 526 1448 577 capientur?
1481 527 1569 566 Nam

106 596 144 633 in
165 596 237 633 hoc
265 594 420 645 quidem
446 594 582 632 ultimo
610 605 719 630 versu
738 592 898 629 alterum
917 590 1201 629 hemistichium
1224 604 1233 627 :
1255 631 1260 636 ,

313 657 417 709 Παρὰ
439 656 475 697 δὲ
491 657 593 710 φυτὸν
611 657 697 694 ἄλλο
712 654 871 704 ποιήσει,

105 733 143 762 ct
160 724 257 762 infra
270 753 281 772 ‚
299 738 334 762 v.
358 730 460 769 400:

314 789 385 828 Καὶ
404 787 480 826 τότε
500 786 540 833 δὴ
559 783 825 838 παραφυόμενον
845 783 948 838 κέρας
968 783 1081 837 ἄρξει,

103 862 206 901 esto,
229 853 259 892 si
276 853 410 904 placet.
426 851 475 889 de
488 850 689 889 Cassandri
705 849 888 900 progenie
904 849 1140 900 intelligatur
1162 848 1280 887 veteri
1302 861 1430 900 regum
1447 849 1569 891 soboli

103 918 275 956 suffecta.
292 919 339 955 At
355 917 446 968 quid
470 916 540 953 ista
559 928 645 966 qua:
666 914 793 952 statim
813 913 1052 964 procedunt:

312 979 424 1033 Κόψει
441 977 635 1032 πορφυρέης
648 980 765 1028 γενεῆς
783 979 950 1031 γενετῆρα
969 976 1149 1029 ,uagum-lx,

311 1044 442 1088 Καύτὸς
461 1045 519 1095 ἀφ’
536 1045 619 1082 υἱῶν
631 1071 746 1082 .....
777 1045 925 1095 coetui.

101 1114 158 1150 An
181 1112 260 1150 haec
283 1124 435 1162 quoque
465 1109 511 1148 de
538 1108 754 1147 Alexandro
776 1107 967 1159 accipias?
987 1106 1101 1148 Utine
1122 1106 1186 1144 ille
1211 1115 1433 1158 purpuratas
1449 1109 1567 1158 gentis

99 1185 236 1215 auctor
254 1176 416 1222 dicatur,
440 1174 548 1225 cujus
566 1174 681 1224 stirps
697 1174 759 1211 vix
782 1173 818 1210 iu
840 1185 958 1223 regno
974 1172 1228 1217 convaluerit,
1248 1170 1434 1222 brevique
1454 1173 1569 1212 iuter-

98 1240 426 1286 ciderit?Quanto
460 1247 584 1276 autem
614 1238 740 1275 minus
757 1251 777 1275 a
810 1237 894 1274 liliis
915 1237 1170 1287 interemptus
1196 1236 1274 1275 dici
1306 1246 1448 1288 potest,
1472 1252 1566 1290 quos

98 1305 323 1356 posthumos
350 1302 527 1353 reliquit?
563 1303 693 1351 ltaque
713 1300 908 1351 Sibyllista
925 1299 1012 1338 libri
1033 1299 1098 1348 Xl,
1123 1312 1240 1351 quum
1259 1301 1389 1351 priora
1412 1301 1460 1339 de
1478 1303 1565 1341 Ale—

98 1369 245 1408 xandro
265 1369 602 1420 interpretaretur,
626 1366 688 1417 hic
707 1366 863 1404 omnino
887 1365 1013 1411 haesit,
1037 1365 1246 1415 maluitque
1265 1364 1335 1403 hos
1352 1378 1485 1404 versus
1519 1368 1564 1406 ad

96 1433 250 1485 AEgypti
280 1446 384 1484 reges
410 1432 656 1479 PtolemaeOS,
681 1440 857 1483 tanquam
885 1430 1091 1470 Alexandri
1126 1443 1382 1480 successores,
1408 1432 1564 1481 referre,

96 1512 239 1550 eosque
262 1500 400 1550 lingere
417 1511 437 1536 a
463 1510 502 1536 se
523 1497 684 1535 invicem
699 1527 709 1547 ‚
729 1505 857 1548 patres
877 1509 1014 1548 nempe
1032 1494 1202 1548 singulos
1230 1509 1252 1535 a
1279 1497 1437 1549 singulis
1464 1498 1559 1544 liliis,

96 1564 369 1615 interemptos,
402 1562 504 1613 quod
535 1562 692 1599 omnino
725 1562 858 1599 salsum
891 1570 945 1600 cst
975 1569 1014 1600 et
1036 1556 1225 1611 ineptum.

147 1629 256 1668 Nunc
287 1641 402 1679 quum
424 1627 503 1665 haec
529 1627 657 1665 omnia
684 1625 731 1664 ad
755 1625 1013 1665 Alexandrum
1042 1626 1234 1677 pertinere
1263 1624 1420 1664 minime
1455 1639 1564 1678 posse

94 1693 216 1744 palam
242 1693 310 1739 sit,
337 1691 544 1729 videndum
569 1704 616 1729 an
636 1692 764 1742 potius
787 1690 833 1728 ad
854 1689 1102 1730 Antiochum.
1125 1689 1166 1749 lfl
1194 1690 1326 1741 utique
1340 1690 1387 1728 iis
1407 1691 1556 1742 placere

93 1756 240 1806 debuit,
262 1756 328 1808 qui
345 1755 505 1794 mediam
525 1755 624 1793 hanc
646 1754 732 1792 libri
756 1754 856 1793 tertii
877 1764 1024 1805 partem
1048 1756 1131 1791 cuni
1155 1754 1356 1805 proximis,
1380 1759 1399 1803 5
1420 1769 1441 1793 α
1466 1764 1504 1794 et
1523 1763 1559 1805 1,,

93 1821 141 1860 ab
156 1821 289 1860 eodeni
311 1828 466 1859 auctore
487 1820 667 1872 scriptam
687 1827 941 1871 putaverunt;
959 1819 1060 1869 iique
1079 1831 1219 1856 saevum
1240 1819 1346 1856 illum
1366 1828 1478 1870 atque
1497 1820 1562 1859 ini·

92 1901 208 1939 quum
236 1899 360 1937 regem
387 1885 563 1924 eumdem
591 1899 671 1923 esse
690 1893 938 1936 putaverunt,
957 1883 1081 1935 quiin
1103 1894 1239 1935 quarta
1262 1893 1392 1936 parte,
1411 1899 1450 1926 v.
1475 1886 1561 1934 61¹,

91 1965 191 2004 sqq..
212 1951 406 1990 inducitur
424 1950 563 1989 bellum
584 1950 708 1988 serens
728 1949 938 2001 AEgyptiis:

298 2015 411 2068 Ἐλθῃ
429 2014 458 2054 δ’
477 2015 511 2060 ἐξ
531 2013 645 2061 Ἀσίης
667 2012 825 2066 βασιλεὺς
844 2012 970 2064 μέγας,
990 2029 1026 2053 κ.
1045 2029 1076 2054 τ.
1096 2015 1132 2055 λ.

92 2082 140 2120 Et
160 2080 274 2119 nobis
289 2090 434 2119 rectum
455 2087 830 2130 consentaneumque
851 2079 1069 2131 videretur,
1101 2079 1304 2131 si.priora,
1323 2093 1357 2117 v.
1378 2081 1557 2129 381-387,

89 2146 138 2184 de
152 2146 401 2189 Macedonum
423 2158 540 2197 regno
559 2144 703 2195 scripta
716 2152 854 2195 essent,
871 2145 988 2195 Syros
1004 2157 1157 2195 quoque
1172 2152 1209 2183 et
1229 2145 1462 2184 Antiochum
1486 2146 1557 2184 huc

91 2210 231 2249 induci.
252 2210 382 2250 Potuit
399 2210 511 2247 etiam
533 2209 580 2247 de
597 2209 663 2246 illo
683 2222 771 2259 rege
794 2223 869 2245 non
891 2209 1019 2260 inepte
1036 2208 1134 2246 dici:

295 2273 397 2320 ’Ἥξει
415 2274 474 2313 καὶ
494 2275 572 2312 ποτ’
589 2274 715 2314 ἄπυστ”
733 2272 766 2317 ἐξ
788 2272 964 2322 Ἀσσίδος,

86 2353 173 2391 quae
196 2348 303 2378 vetus
323 2347 377 2377 est
400 2339 532 2386 lectio;
551 2346 588 2376 et
607 2338 714 2376 facile
732 2336 767 2382 ἐξ
785 2336 940 2381 Ἀσσίδος
960 2337 1192 2389 intelligetur
1210 2351 1259 2374 ex
1279 2342 1372 2376 Asia
1391 2341 1552 2387 Mlnore,

87 2414 126 2442 et
145 2404 261 2443 ὅλὸιον
293 2397 414 2450 οἶδας,
438 2398 611 2454 quamvis
634 2402 831 2453 ambigue,
852 2403 994 2440 dictum
1021 2402 1241 2440 censebitur
1269 2416 1341 2455 pro
1374 2403 1422 2447 εἷς
1442 2402 1553 2442 ὅλῖιον

88 2466 204 2522 οἶδας,
223 2475 260 2509 1'n
277 2469 427 2520 seIIcem
460 2479 616 2516 terram,
647 2469 684 2507 id
706 2477 780 2518 est,
810 2469 849 2507 in
871 2458 1054 2508 Judzeam.
1077 2469 1200 2507 Etiam
1230 2482 1315 2520 quae
1344 2469 1468 2507 statim
1492 2482 1552 2507 se-

88 2544 282 2587 quuntur,
303 2535 432 2586 ἄγριος,
450 2534 648 2581 ἀλλοδίκης,
669 2549 699 2572 κ.
720 2549 754 2573 τ.
776 2534 823 2579 λ.,
848 2534 1013 2572 fatemur
1033 2535 1071 2570 in
1100 2534 1330 2572 Antiochum
1352 2533 1472 2586 probe
1490 2547 1552 2572 ca-

87 2600 188 2638 dere.
212 2600 285 2639 Ubi
306 2613 419 2646 vero,
440 2608 663 2650 perventum
683 2607 740 2637 est
759 2598 806 2637 ad
825 2598 917 2636 illud
939 2597 1236 2647 hemistichium,
1257 2612 1289 2637 v.
1311 2600 1380 2650 39¹
1403 2612 1412 2639 ε

299 2663 414 2702 Κακὸν
439 2664 467 2700 δ’
486 2662 583 2710 Ἀσίη
603 2663 702 2715 ζυγὸν
719 2662 804 2711 ἕξει,

82 2728 161 2779 jam
192 2728 315 2766 omnis
344 2727 470 2765 delicit
493 2727 764 2775 interpretandi
795 2726 954 2776 modus,
985 2727 1165 2778 quoniam
1195 2741 1241 2766 ex
1272 2728 1384 2780 Asia,
1407 2740 1482 2768 non
1513 2726 1550 2764 in

85 2792 209 2831 Asiam
231 2791 335 2830 venit
356 2791 578 2831 Antiochus.
597 2791 643 2830 Et
663 2791 755 2842 quid
777 2791 850 2828 hoc
870 2790 1007 2829 deinde
1025 2804 1034 2830 τ

293 2849 363 2894 ῗὨν
385 2855 426 2901 δή
446 2871 511 2908 περ
526 2855 645 2907 γενεὴν
662 2855 760 2898 αὐτὸς
780 2855 869 2893 Θέλει
885 2854 1134 2903 ἐξαπολέσσαι,
