1752 3495
679 211 989 257 EXCURSUS
1021 214 1058 258 1.
1092 243 1096 247 -
1429 268 1431 270 ,
1537 204 1595 259 7-1

139 318 318 358 Athenaeo
342 313 500 363 aliisque
526 307 694 354 laudari,
711 315 750 345 et
768 320 853 357 quae
880 308 929 345 de
948 307 1079 346 Lamia
1103 307 1192 346 lusit
1219 309 1258 347 in
1278 308 1476 367 comoediis
1506 310 1596 348 Ari-

135 381 358 432 stophanes,
385 376 447 414 diu
479 381 534 412 est
557 384 673 422 quum
703 371 868 421 primum
892 371 965 422 ipsi
992 370 1155 424 risimus.
1180 372 1254 410 Sed
1272 386 1395 424 neque
1423 374 1496 412 hoe
1524 387 1596 412 nos

135 443 311 496 sugit‚de
335 454 410 493 quo
434 440 663 487 Wagnerum
681 436 793 486 plane
818 436 1013 473 reticuisse
1038 435 1234 482 miramur,
1260 438 1452 476 mulierem
1479 438 1595 483 illam,

131 508 351 560 priusquam
371 502 467 540 facie
489 499 633 550 turpis,
651 499 823 537 moribus
847 499 968 537 invisa
984 527 994 545 ,
1015 499 1167 536 nomine
1185 500 1268 550 ipso
1288 500 1446 539 ridicula
1467 503 1596 548 fieret,

131 572 297 622 reginam
327 569 363 605 in
392 564 507 614 Libya
537 563 651 601 fuisse
674 563 793 601 forma
816 572 1052 614 praestantem
1067 591 1076 609 ,
1106 576 1126 600 a
1146 564 1244 602 Jove
1263 563 1489 614 adamatam,
1509 580 1595 618 quae

131 636 274 673 amissis
299 630 460 673 sunonis
483 628 673 679 zelotypia
694 627 842 674 liberis,
865 627 999 665 dolore
1014 628 1188 678 efferata‚
1209 636 1421 665 ceterarum
1443 643 1595 682 quoque

133 701 329 738 mulierum
361 702 493 746 partus
521 693 649 731 necari
675 692 863 743 jussisset.
888 695 1010 731 Atrox
1040 701 1325 743 argumentum3
1354 693 1418 730 sed
1440 707 1516 744 quo
1533 723 1543 742 ‚
1564 697 1596 734 si

133 763 298 802 mulieris
317 772 456 797 nomen
482 758 672 807 excipias,
696 758 842 795 nullum
864 757 1055 808 tragoedico
1082 758 1316 808 aptius-fingi
1337 759 1461 809 potuit
1485 773 1493 797 :
1514 762 1597 799 nul-

132 834 207 869 lum
225 829 323 867 enim
346 826 465 877 magis
486 825 532 862 ad
552 833 736 862 terrorem
757 824 864 862 simul
886 833 923 863 et
941 825 1224 862 miserationem
1246 826 1516 876 compositum.

182 895 302 932 Porro
320 904 404 942 quae
423 903 539 940 supra
565 889 612 927 de
641 889 771 928 Lamia
797 889 926 940 regina
954 888 1133 932 diximus,
1158 888 1274 926 habet
1304 890 1483 941 pleraque
1502 893 1597 930 1)ἰο-

129 960 244 997 dorus
276 957 313 993 iu
342 955 408 993 illo
438 955 524 1005 ipso
561 953 808 991 historiarum
841 954 926 990 loco
957 953 1058 990 unde
1090 953 1196 990 citati
1231 953 1427 1004 Euripidei
1463 968 1597 995 versus

127 1024 352 1063 asseruntur.
377 1020 503 1065 Quum
525 1019 624 1056 enim
654 1027 806 1056 antrum
828 1017 1022 1068 quoddam
1056 1017 1094 1054 in
1124 1017 1331 1068 Cyrenaica
1352 1019 1453 1056 circa
1475 1022 1598 1058 Auto-

127 1087 240 1124 molas
259 1083 390 1121 urbem
413 1082 491 1135 (alii
512 1083 712 1120 Automala
732 1084 884 1131 vocant)
907 1082 1183 1132 descripsisset,
1200 1082 1323 1119 statim
1339 1082 1444 1119 addit
1461 1098 1470 1121 ε
1488 1083 1551 1122 Ἐν
1567 1079 1597 1139 ᾧ

126 1148 305 1202 μυθεύουσι
318 1145 495 1198 γεγονέναι
517 1147 722 1198 βασίλισσαν
742 1145 883 1197 Λαμίαν
900 1144 968 1199 [sic
986 1147 1113 1197 vulgo,
1127 1159 1205 1183 non
1223 1155 1261 1184 ut
1285 1147 1415 1194 Attici,
1435 1146 1593 1202 Λάμιαν]

124 1218 172 1267 τῷ
192 1212 308 1253 κάλλει
326 1211 566 1265 διαφέρουσαν·
594 1210 648 1248 διὰ
669 1209 785 1258 δὲτὴν
816 1213 877 1256 τῆς
897 1212 1011 1262 ψυχῆς
1038 1210 1228 1262 ἀγριότητα
1258 1211 1480 1250 διατυπῶσαί
1509 1227 1596 1265 φασι

124 1279 184 1326 τὴν
205 1277 282 1331 ὄψιν
304 1279 409 1323 αὐτῆς
430 1276 487 1313 τὸν
511 1275 599 1326 μετὰ
618 1278 727 1314 ταῦτα
756 1274 879 1328 χρόνον
912 1275 1079 1327 θηριώδη.
1096 1276 1178 1313 Τῶν
1203 1274 1270 1327 γὰρ
1297 1275 1487 1327 γινομένων
1508 1271 1596 1329 αὐτῇ

123 1343 254 1382 παίδων
275 1341 351 1393 [alii
384 1340 559 1392 παιδίων]
583 1339 746 1379 ἁπάντων
772 1338 1027 1389 τελευτώντων,
1047 1341 1312 1392 βαρυθυμοῦσαν
1340 1339 1397 1378 ἐπὶ
1418 1342 1468 1392 τῷ
1493 1340 1596 1378 πάθει

125 1408 181 1447 καὶ
198 1410 386 1461 φθονοῦσαν
404 1411 478 1448 ταῖς
506 1408 574 1444 τῶν
596 1406 711 1444 ἄλλων
735 1407 908 1457 γυναικῶν
930 1405 1138 1451 εὐτεκνίαις,
1170 1404 1322 1443 κελεύειν
1342 1406 1380 1443 ἐκ
1396 1407 1466 1443 τῶν
1484 1407 1595 1458 ἀγκα-

123 1475 190 1511 λῶν
213 1472 458 1525 ἐξαρπάζεσθαι
478 1470 521 1509 τὰ
547 1470 669 1523 βρέφη,
688 1470 747 1508 καὶ
764 1472 983 1522 παραχρῆμα
1003 1468 1229 1507 ἀποκτείνειν·
1248 1469 1300 1507 διὸ
1328 1470 1387 1507 καὶ
1410 1471 1486 1508 καθ’
1504 1473 1595 1521 ἡμᾶς

125 1536 226 1589 μέχρι
243 1539 301 1574 τοῦ
320 1540 377 1574 ν’ῦν
399 1534 474 1587 βίου
489 1535 585 1588 παρὰ
603 1540 674 1580 τοῖς
693 1534 828 1581 νηπίοις
848 1533 1020 1584 διαμένειν
1039 1533 1101 1580 τὴν
1119 1534 1197 1586 περὶ
1217 1535 1280 1579 τ’ἧς
1295 1534 1453 1586 γυναικὸς
1467 1533 1594 1580 ταύτης

123 1601 258 1654 φήμην,
285 1600 344 1639 καὶ
367 1599 611 1653 φοῧεριιπάτην
641 1601 755 1643 αὐτοῖς
785 1594 870 1637 εἶναι
899 1597 962 1645 τὴν
987 1597 1116 1645 ταύτης
1147 1597 1393 1649 προσηγορίαν.
1412 1599 1594 1645 Quaedam

122 1666 329 1703 (mittimus
350 1666 474 1703 minus
488 1665 534 1703 ad
551 1673 718 1702 nostram
736 1677 812 1701 rem
830 1663 1018 1703 facientia.
1035 1663 1164 1714 Pergit
1181 1672 1330 1701 autem:
1350 1663 1434 1702 “On
1455 1664 1491 1701 δὲ
1504 1662 1593 1702 κατὰ

125 1730 185 1776 τὴν
204 1729 338 1777 Λιὸύην
364 1729 501 1781 γέγονεν
528 1728 637 1777 αὕτη,
659 1728 717 1767 καὶ
748 1728 805 1766 τὸν
836 1727 1026 1782 Εὐριπίδην
1049 1728 1155 1773 δείξαι
1183 1727 1222 1765 ἄν
1248 1743 1298 1770 τις
1327 1731 1568 1781 μαρτυροῦντα
1584 1741 1592 1751 ·

126 1795 216 1846 λέγει
231 1794 311 1849 γὰρ,
325 1795 389 1837 Τίς
407 1794 576 1846 τοῦνομα,
596 1810 631 1833 κ.
650 1809 684 1834 τ.
700 1795 732 1832 λ.
754 1794 888 1840 Plura,
911 1793 1083 1843 quamvis
1102 1792 1367 1844 paucioribus,
1383 1793 1594 1831 Scholiasta

126 1861 235 1899 docet
266 1860 532 1912 Aristophanis
561 1859 606 1897 ad
640 1860 756 1909 Vesp.
787 1859 907 1904 1035,
939 1866 1132 1896 auctorem
1167 1857 1279 1896 etiam
1316 1857 1436 1895 citans
1469 1858 1591 1896 Durin

126 1925 311 1973 Samium,
343 1926 408 1976 qui
443 1924 609 1962 secundo
643 1933 731 1974 post
761 1923 984 1973 Euripidem
1014 1922 1153 1960 saeculo
1190 1922 1362 1972 scripsit,
1397 1931 1434 1960 et
1467 1922 1592 1974 ipsum
1638 1939 1642 1944 ’

128 1990 276 2028 Duridis
302 1989 713 2039 librum,·l.ibycorum
734 1987 968 2033 secuudum,
987 2001 1035 2025 nc
1052 1987 1201 2024 dubites
1219 1986 1299 2024 haec
1321 1987 1449 2024 omnia
1472 2000 1591 2038 quum

125 2069 141 2092 a
167 2055 373 2094 Scholiasta
395 2064 473 2092 tum
493 2053 541 2092 ab
569 2054 655 2104 ipso
675 2052 847 2091 Diodoro
866 2065 887 2089 e
908 2052 1062 2089 Duridis
1084 2051 1258 2102 Libycis,
1278 2050 1317 2088 id
1333 2059 1410 2096 est,
1431 2065 1451 2089 e
1469 2052 1594 2102 Cyre-

125 2120 240 2157 naicis
272 2119 541 2157 traditionibus
574 2131 655 2156 csse
685 2118 885 2167 desumpta
913 2131 922 2154 ε
951 2119 1096 2169 Δοῦρις,
1128 2117 1277 2166 iuquit,
1310 2116 1345 2153 ἐν
1377 2116 1409 2166 β’
1428 2116 1591 2155 Λιὲυκῶν

123 2185 248 2237 ἱστορεῖ
274 2189 420 2236 γυναῖκα
445 2172 555 2230 καλὴν
579 2180 737 2233 γενέσθαι
767 2180 831 2228 τὴν
856 2181 1012 2232 Λαμίαν.
1041 2180 1234 2232 Μιχθέντος
1263 2179 1298 2218 δὲ
1316 2181 1402 2232 αὐτῇ
1421 2179 1514 2227 Διὸς,
1537 2180 1593 2234 ὑφ’

123 2246 234 2300 Ἥρας
252 2247 567 2298 ζηλοτυπουμένην,
587 2246 609 2283 ἃ
624 2245 754 2284 ἔτικτεν
770 2244 971 2298 ἀπολλύναι.
992 2243 1199 2297 Διόπεράπὸ
1217 2246 1278 2290 τῆς
1295 2243 1406 2291 λύπης
1435 2243 1592 2298 δύσμορ-

124 2326 182 2365 φον
198 2311 401 2363 γεγονέναι,
424 2310 483 2350 καὶ
510 2310 554 2349 τὰ
579 2313 647 2349 τῶν
673 2312 787 2349 ἄλλων
806 2309 928 2348 παιδία
951 2308 1215 2361 ἀναρπάζουσαν
1244 2309 1464 2361 διαφθείρειν.
1485 2310 1591 2349 Idem

123 2376 180 2414 vel
208 2377 302 2415 alius
324 2377 554 2417 Scholiastes
574 2376 621 2415 ad
645 2378 782 2415 Pacem
797 2404 807 2422 ,
826 2377 922 2423 758,
946 2375 1060 2425 paulo
1082 2374 1205 2431 aliter,
1223 2373 1286 2412 sed
1312 2382 1436 2412 tamen
1459 2375 1590 2415 eadem
1626 2388 1630 2393 ’

124 2443 238 2480 tradit
255 2442 414 2494 εΛέγεται
430 2446 451 2489 ἡ
470 2442 592 2492 Λαμία
617 2442 731 2487 Βήλου
757 2441 816 2480 καὶ
834 2440 965 2486 Λιὸύης
979 2440 1145 2492 θυγάτηρ.
1171 2439 1312 2487 Ταύτης
1328 2441 1514 2492 ἐρασθῆναι
1532 2441 1590 2480 τὸν

122 2507 187 2546 Δία
205 2508 322 2561 φασίν·
340 2513 547 2560 μεταγαγεῖν
576 2506 612 2545 δὲ
636 2506 742 2552 αὐτὴν
771 2506 840 2545 ἀπὸ
868 2505 1002 2553 Λιὸύης
1027 2506 1073 2547 εἷς
1092 2504 1258 2551 Ἰταλίαν,
1279 2504 1335 2556 ἀφ’
1354 2499 1395 2551 ἧς
1417 2503 1475 2542 καὶ
1491 2504 1590 2550 πόλις

121 2574 154 2610 ἐν
184 2571 315 2627 Ἰταλία
336 2572 458 2625 Λαμία
487 2571 780 2625 προσαγορεύεται
815 2570 930 2624 [idem
957 2571 1014 2609 vel
1042 2570 1138 2607 alius
1159 2582 1275 2621 supra
1309 2569 1485 2609 dixerat:
1511 2573 1591 2608 Λα-

121 2637 183 2687 μία
204 2639 369 2682 ἐντεῦθεν,
388 2637 446 2676 καὶ
463 2637 584 2688 Λάμος
601 2641 623 2684 ἡ
646 2637 746 2681 πόλις
768 2625 837 2674 τίῆν
852 2634 1144 2688 Λαιστρυγόνων]
1163 2634 1255 2672 ἔνθεν
1272 2634 1372 2686 [lege
1390 2633 1483 2687 ἔνθα]
1501 2636 1589 2687 αὐτῇ

120 2703 288 2742 συνελθὼν
304 2706 322 2742 ὁ
339 2702 446 2750 Ζεὺς,
466 2703 529 2741 οὐκ
553 2701 653 2740 ἔλαθε
678 2701 741 2749 τὴν
760 2698 890 2754 Ἥραν·
921 2700 997 2747 ἥτις
1022 2701 1261 2747 ζηλοτυποῦσα
1280 2698 1343 2745 τὴν
1367 2698 1523 2750 Λαμίαν,
1547 2698 1590 2737 τὰ

118 2766 278 2815 γινόμενα
302 2768 388 2819 αὐτῇ
417 2765 520 2804 τέκνα
546 2765 675 2818 ἀνῄρει·
693 2769 714 2813 ἡ
735 2764 770 2803 δὲ
790 2765 1077 2812 ἀποθνησκόντων
1106 2765 1209 2810 αὐτῆς
1231 2765 1300 2802 τῶν
1328 2763 1461 2801 παίδων
1483 2767 1589 2816 βαρυ-

119 2833 287 2880 θυμοῦσα,
316 2832 359 2870 τὰ
376 2833 444 2870 τῶν
465 2832 578 2869 ἄλλων
609 2829 731 2868 παιδία
759 2829 814 2868 διὰ
839 2829 959 2883 φθόνον
981 2829 1244 2868 ὑποκλέπτουσα
1261 2827 1388 2881 ἀνῄρει.
1404 2826 1471 2866 Διὰ
1489 2831 1588 2866 τοῦτο

118 2895 176 2933 καὶ
191 2895 249 2940 τὰς
266 2897 380 2941 τίτθας
396 2895 605 2950 ἐκφοὸούσας
622 2895 665 2934 τὰ
683 2895 793 2948 βρέφη
821 2897 939 2934 καλεῖν
961 2897 1016 2934 ἐπ’
1031 2896 1147 2938 αὐτοῖς
1165 2894 1226 2940 τὴν
1244 2894 1398 2944 Λαμίαν.
