1752 3495
115 180 208 224 212
456 176 534 220 AD
567 176 914 223 slssYLL1N08
950 177 1153 222 LIBROS

114 276 306 316 XVvirum
323 273 578 326 suggestione,
605 275 643 312 in
661 283 792 313 senatu
811 276 969 314 relatum
989 288 1070 314 esse
1090 274 1138 313 de
1153 272 1388 326 eo‘negotio.
1419 280 1529 326 Quod
1549 286 1577 322 si

114 339 296 391 principis
315 338 510 376 voluntate
533 337 571 376 id
592 338 722 386 fiebat,
743 348 781 377 at
803 340 997 390 princeps,
1029 339 1094 390 qui
1115 339 1196 390 ipse
1218 351 1387 378 summus
1408 345 1578 392 pontifex

91 411 226 451 ·esset‚
241 416 311 441 suo
323 403 410 452 jure
429 401 643 452 praeiverat.
670 402 804 453 ltaque
830 402 868 439 in
892 402 954 440 illa
984 402 1259 440 deliberatione
1276 417 1390 454 quam
1412 406 1481 444 sub
1502 412 1576 447 Λιι..

115 466 258 505 reliano
272 465 440 504 diximus
450 478 531 503 csse
551 466 684 503 saetam
697 493 709 513 ‚
728 464 910 504 suadente
929 466 1014 516 ipso
1035 479 1105 516 per
1123 467 1320 517 epistolam
1340 476 1381 505 ut
1401 468 1485 508 libri
1500 473 1578 512 adi-

113 538 259 577 rentur,
272 529 535 568 auctoritatem
552 529 743 568 XVvirum
758 528 881 579 primo
895 528 1063 567 videmus
1077 528 1162 567 loco
1176 529 1329 580 allegari
1345 545 1354 568 :
1369 545 1577 584 quanquam

110 593 165 633 ibi
183 594 347 632 fatemur
375 593 517 648 aliquid
539 591 748 643 legentibus
777 591 949 643 officere,
976 593 1081 644 quod
1105 595 1296 644 pontifices
1324 594 1350 632 ii
1387 596 1577 646 dicantur:

112 657 178 695 sed
195 657 234 695 id
251 658 419 696 oratorie
437 665 474 695 et
497 656 653 694 honoris
669 670 780 694 causa
795 685 805 702 ,
821 666 972 708 recepto
996 666 1072 695 tum
1090 659 1255 706 usu,.uti
1270 659 1349 709 jam
1371 663 1578 703 monuimus

110 736 248 774 supra,
278 736 361 774 cap.
390 736 425 772 9.
457 721 632 759 Ceterum
648 751 659 769 ,
691 734 769 772 quo
797 721 931 760 melius
976 722 1183 760 lectoribus
1224 723 1436 760 innotescat
1470 727 1577 765 totius

112 786 398 825 deliberationis
428 784 546 832 ordo,
578 786 660 836 ipsa
686 788 764 835 jam
780 776 945 837 ‘Vopisci
973 786 1088 824 verba
1120 786 1358 838 proferemus
1390 801 1435 825 ex
1458 790 1578 828 Aure-

114 851 203 890 liaui
223 851 319 899 vita,
341 864 381 902 p.
406 850 493 898 850,
510 851 570 890 ed.
597 851 711 891 1661.

331 1067 436 1107 CAP.
455 1066 539 1105 ΧΙΙ.
562 1065 787 1104 Βεὶἰόενατίο
804 1075 957 1103 senatus
974 1067 1021 1103 de
1040 1066 1142 1104 llbris
1159 1069 1357 1108 adeundt‘s.

161 1196 176 1211 ιι
193 1177 303 1217 Libet
333 1177 452 1227 ipsius
478 1184 631 1214 senatus
655 1176 817 1214 consulti
842 1176 1003 1215 formam
1034 1190 1251 1229 exponere,
1282 1191 1360 1229 quo
1382 1177 1501 1218 libros
1520 1181 1574 1219 in-

111 1241 233 1293 ..spici
253 1239 448 1279 clarissimi
477 1239 623 1278 ordinis
646 1238 760 1290 jussit
781 1239 1000 1278 auctoritas.
1020 1241 1089 1279 Die
1112 1241 1223 1279 tertio
1245 1241 1297 1281 ld.
1320 1243 1408 1280 Jau.
1431 1242 1577 1284 Fulvius

109 1305 304 1345 «Sabinus
328 1312 470 1356 praetor
503 1303 673 1341 urbanus
708 1303 804 1341 dixit
830 1318 838 1341 :
865 1321 881 1337 ιι
902 1303 1116 1342 Referimus
1141 1304 1189 1342 ad
1208 1319 1274 1343 vos
1292 1335 1302 1354 ,
1328 1307 1460 1345 Patres
1480 1307 1581 1346 Con-'

109 1388 126 1404 ιι
140 1369 294 1419 scripti,
314 1367 541 1408 Pontificum
566 1366 845 1418 suggestionem
863 1376 900 1404 et
921 1367 1114 1405 Aureliani
1134 1369 1318 1420 principis
1342 1369 1482 1416 literas,
1498 1373 1578 1421 qui-

110 1433 214 1473 «bus
238 1433 397 1484 jubetur
424 1440 466 1470 ut
487 1432 738 1483 inspiciantur
763 1431 892 1470 fatales
914 1431 1017 1481 libri,
1046 1431 1188 1483 quibus
1208 1445 1291 1483 spes
1322 1432 1412 1471 belli
1448 1435 1573 1472 termi-

110 1498 252 1537 «nandi
272 1506 421 1536 sacrato
441 1498 608 1536 Deorum
631 1495 792 1547 imperio
810 1496 1043 1534 continetur.
1062 1496 1174 1534 Scitis
1194 1497 1294 1534 enim
1312 1497 1407 1548 ipsi,
1421 1499 1578 1548 quotics-

109 1579 124 1594 ιι
140 1574 304 1613 cumque
323 1562 476 1612 gravior
496 1561 632 1612 aliquis
649 1560 790 1598 exstitit
809 1568 954 1606 motus,
975 1573 1040 1597 eos
1060 1572 1208 1610 semper
1230 1561 1442 1611 inspectos;
1459 1574 1575 1612 neque

111 1643 127 1660 ι
144 1627 251 1677 prius
279 1626 374 1663 mala
398 1625 555 1676 publica
572 1637 654 1662 esse
679 1625 805 1671 linita,
830 1637 942 1674 quam
977 1636 1024 1661 ex
1045 1623 1091 1661 iis
1111 1623 1382 1661 sacrificiorum
1402 1627 1577 1676 processit

111 1705 128 1723 ι
144 1689 363 1727 auctoritas.
377 1705 392 1723 u
410 1689 520 1727 Tunc
535 1688 699 1726 surrexit
718 1687 850 1739 primae
869 1687 1066 1725 sententiae
1090 1687 1225 1738 Ulpius
1245 1688 1423 1738 Syllanus
1436 1717 1448 1736 ,
1472 1697 1577 1740 atque

113 1770 129 1787 ιι
143 1754 194 1791 ita
215 1753 362 1791 locutus
372 1761 428 1791 est
444 1768 479 1791 :a
494 1753 589 1792 Sero
607 1753 737 1799 nimis,
756 1754 799 1792 P.
814 1752 876 1799 C.,
896 1751 943 1790 de
963 1752 1182 1804 reipublicae
1198 1753 1318 1792 sainte
1338 1754 1577 1805 consulimus,

113 1834 128 1851 ιι
143 1831 228 1855 sero
248 1817 295 1855 ad
313 1817 437 1856 satalia
455 1817 560 1868 jussa
578 1817 822 1868 respicimus,
836 1830 952 1861 ¹more
974 1817 1238 1868 languentium
1260 1819 1325 1869 qui
1354 1817 1401 1856 ad
1422 1831 1579 1856 summos

114 1900 129 1916 ιι
146 1882 312 1921 medicos
331 1882 405 1920 nisi
422 1882 460 1920 in
477 1895 623 1920 summa
639 1882 904 1933 desperatione
919 1895 996 1920 non
1015 1882 1192 1931 mittunt,
1214 1882 1375 1933 proinde
1395 1884 1502 1934 quasi
1522 1898 1580 1935 pe·

115 1946 338 1984 -ritioribus
354 1947 445 1985 viris
467 1947 588 1998 major
607 1947 777 1985 facienda
797 1947 845 1984 sit
864 1959 955 1985 cura
968 1976 978 1992 ,
998 1960 1118 1997 quum
1148 1946 1330 1985 omuibus
1356 1947 1500 1986 morbis
1517 1961 1579 1986 oc-

88 2005 95 2023 ”
115 2012 247 2049 «curri
277 2011 326 2049 sit
353 2012 501 2050 melius.
534 2011 758 2050 Meministis
788 2010 916 2060 enim,
950 2011 994 2049 P.
1026 2012 1152 2063 C.·me
1183 2012 1222 2048 in
1246 2011 1320 2049 boc
1338 2012 1472 2050 ordine
1491 2026 1579 2064 saepe

115 2092 132 2109 ιι
147 2074 299 2121 dixisse,
309 2074 388 2126 jam
405 2084 484 2113 tum
498 2089 616 2126 quum
627 2075 792 2127 primum
806 2075 1024 2113 nuntiatum
1039 2068 1395 2115 estMarcomannos
1408 2076 1580 2127 erupisse,

116 2157 132 2174 ι
146 2139 378 2178 consulenda
408 2139 560 2190 Sibyllae
593 2139 767 2187 decreta,
803 2138 989 2177 utendum
1027 2139 1214 2190 Apollinis
1240 2140 1450 2191 beneficiis,
1471 2141 1580 2178 iuscr-

117 2222 133 2239 «
147 2204 329 2243 viendum
350 2205 518 2242 Deorum
536 2205 805 2242 immortalium
820 2204 1044 2255 praeceptis;
1069 2218 1262 2243 recusasse
1281 2219 1373 2243 vero
1389 2206 1581 2256 quosdam,

116 2286 134 2303 ιι
150 2277 188 2306 et
208 2282 294 2307 cum
313 2269 458 2320 ingenti
473 2269 662 2306 calumnia
681 2281 888 2316 recusasse,
908 2280 1025 2319 quum
1047 2268 1240 2306 adulando
1260 2269 1431 2307 (licerent
1451 2277 1580 2307 tantam

117 2351 132 2367 ιι
148 2334 329 2386 principis
348 2347 428 2372 esse
442 2334 622 2372 virtutem
647 2343 687 2372 ut
706 2346 804 2385 opus
823 2346 899 2371 non
924 2333 973 2371 sit
992 2333 1094 2371 Deos
1111 2334 1282 2382 consuli,
1304 2334 1466 2385 proinde
1485 2334 1581 2385 quasi

120 2416 135 2432 ι
149 2407 186 2437 et
208 2399 288 2450 ipse
306 2399 366 2437 vir
385 2412 542 2451 magnus
560 2412 638 2437 non
658 2400 760 2438 Deos
781 2398 881 2436 colat
894 2427 905 2446 ,
927 2411 1006 2436 non
1034 2398 1080 2437 de
1113 2400 1195 2438 Diis
1215 2399 1492 2439 immortalibus
1509 2412 1582 2450 spe-

119 2481 136 2497 ιι
151 2472 224 2504 ret.
250 2465 352 2511 Quid
375 2466 512 2515 plura?
530 2464 755 2503 Audivimus
775 2463 925 2512 literas,
948 2462 1088 2514 quibus
1111 2465 1256 2514 rogavit
1279 2478 1390 2515 opem
1410 2466 1581 2510 Deorum,

121 2546 138 2563 ι
151 2542 227 2579 qua
239 2542 434 2581 nunquam
450 2530 627 2581 cuiquam
653 2538 765 2580 turpe
782 2537 838 2566 est
857 2536 900 2566 ut
916 2527 976 2566 vel
996 2528 1221 2567 fortissimus
1244 2529 1462 2581 adjuvetur.
1483 2529 1581 2579 Agite
1618 2568 1623 2573 ,

122 2593 279 2644 «igitur,
306 2593 532 2643 Pontifices,
559 2607 634 2645 qua
654 2594 764 2645 puri,
785 2606 860 2644 qua
891 2592 1044 2640 muudi,
1074 2607 1149 2643 qua
1183 2595 1327 2642 sancti,
1350 2607 1426 2645 qua
1453 2592 1581 2631 vestitu

123 2657 360 2707 «animisque
385 2659 501 2696 sacris
528 2657 738 2704 commodi;
771 2656 953 2707 templum
981 2657 1190 2702 ascendite,
1217 2659 1395 2696 subsellia
1427 2659 1581 2696 laureata

121 2738 136 2753 α
154 2721 395 2767 constituite,
426 2721 557 2758 velatis
589 2721 763 2759 manibus
792 2720 910 2758 libros
933 2721 1120 2770 evolvite,
1150 2722 1226 2760 fata
1256 2722 1474 2775 reipublicae
1506 2733 1580 2771 quae

123 2805 137 2819 ιι
154 2794 240 2823 sunt
261 2794 395 2823 aeterna
423 2785 645 2836 perquirite,
679 2785 848 2836 patrimis
869 2785 1128 2836 matrimisque
1154 2787 1279 2837 pueris
1302 2800 1451 2825 carmen
1484 2782 1577 2822 indi-
