1752 3495
176 202 274 248 258
537 199 616 243 At)
648 174 996 243 smrmfflos
1033 197 1247 242 num-os

172 312 256 352 cap.
275 311 336 338 n.
353 297 409 337 De
425 295 565 349 quibus
579 294 756 335 omnibus
772 294 971 334 adeundus
988 295 1153 334 maxime
1171 293 1366 342 Fabricius
1381 295 1420 334 ‘ru
1433 295 1528 336 Cod.
1541 300 1643 352 Apo.

174 363 312 414 tryph.
341 363 389 402 N.
405 361 453 401 Τ.
472 361 548 401 Nos
568 359 608 398 id
635 369 779 402 tantum
805 359 988 398 hactenus
1011 358 1213 398 ostendere
1239 358 1453 409 voluimus,
1481 373 1640 416 apocry.

174 428 339 480 phorum
357 435 534 465 auctores
551 426 617 477 qui
639 434 725 463 ante
747 424 871 463 saeculi
896 425 930 463 lt
949 423 1112 462 mediam
1140 433 1285 475 partem
1307 424 1543 476 scripserunt
1557 456 1567 474 ,
1586 430 1646 469 Si-

166 495 406 549 byllinorum
427 502 646 532 nostrorum
666 485 839 543 quaedam
864 505 939 529 non
960 491 1092 541 legisse
1112 501 1278 539 tantum,
1299 491 1365 529 sed
1397 500 1439 530 ut
1463 494 1580 533 multo
1603 512 1645 537 se

172 559 390 611 antiquiora
412 558 596 597 laudasse.

223 625 306 663 1100
322 636 416 662 vero
434 635 634 661 commune
651 620 764 658 fuisse
785 621 885 659 illins
907 620 1024 659 totius
1042 620 1112 658 aevi
1127 618 1327 670 judicium,
1342 630 1423 659 tuto
1442 624 1556 661 asseri
1574 638 1638 675 po-

172 696 258 727 test.
282 688 368 734 Quo
389 687 512 725 minus
536 685 611 723 hue
632 684 773 722 referre
801 683 1020 722 dubitamus
1044 685 1195 722 Hermae
1219 697 1375 735 quoque
1406 685 1554 735 locum,
1576 691 1636 739 qui

169 751 310 790 dicitur
331 751 438 791 Pauli
459 749 668 802 discipulus
688 747 802 786 fuisse
821 756 859 786 et
881 748 1020 786 librum
1043 748 1239 799 reliquisse
1259 750 1326 799 qui
1352 750 1487 788 Pastor
1504 750 1635 791 inscri-

167 816 468 865 bitur,omnium
481 816 557 852 scre
572 813 867 851 christianorum
883 812 1084 860 librorum,
1097 821 1254 864 excepta
1270 826 1373 851 sacra
1389 814 1633 865 supellectile,

167 880 491 932 antiquissimum,
523 879 707 930 scriptum
728 877 829 916 circa
852 877 963 929 primi
994 877 1120 915 saeculi
1144 886 1336 916 extremos
1361 891 1496 916 annos.
1521 880 1576 918 lbi
1597 883 1633 920 in

164 946 311 984 visione
332 944 497 996 quadam
519 942 760 994 prophetica,
782 941 847 982 lib.
870 943 904 989 l,
922 943 988 980 vis.
1008 956 1046 988 1,
1063 943 1086 993 §
1102 955 1139 988 α,
1158 942 1311 992 Sibyllae
1325 956 1463 981 nomen
1484 944 1629 985 allatum

164 1010 355 1048 invenitur
378 1009 437 1046 his
464 1007 617 1046 verbis:
644 1025 659 1041 ‹-
677 1008 764 1046 llaec
791 1019 850 1044 me
878 1006 1114 1057 recogitante
1139 1016 1177 1045 et
1205 1006 1442 1045 discernente
1462 1008 1498 1045 in
1521 1010 1631 1049 corde

163 1093 178 1108 ·
200 1089 298 1122 meo,
314 1074 428 1112 video
448 1080 578 1111 contra
602 1085 661 1110 me
677 1070 893 1109 cathedram
909 1070 957 1108 de
975 1071 1068 1109 lanis
1084 1071 1270 1119 candidis,
1288 1073 1384 1110 sicut
1398 1073 1476 1122 nix,
1500 1073 1626 1113 factam

161 1159 176 1175 ι
199 1152 387 1191 magnam.
414 1138 461 1176 Et
475 1137 577 1174 venit
597 1136 733 1174 mulier
751 1149 845 1174 anus
864 1136 902 1173 in
927 1144 1028 1174 veste
1048 1136 1260 1187 splendida,
1281 1136 1423 1175 liabens
1441 1136 1627 1178 librumin

160 1223 177 1240 ι
199 1217 326 1250 manu,
346 1211 384 1240 et
404 1201 514 1252 sedit,
534 1210 573 1239 et
591 1201 769 1239 salutavit
786 1214 864 1239 me.
881 1228 891 1238 .
908 1228 917 1238 .
941 1200 1146 1251 Quumque
1165 1201 1304 1239 linisset
1328 1201 1442 1240 verba
1463 1202 1558 1248 haec.
1577 1206 1624 1243 nit

159 1286 176 1304 ι
197 1268 289 1307 mihi
307 1282 315 1306 ε
335 1267 399 1305 Vis
414 1266 547 1305 audire
567 1279 626 1303 me
645 1265 858 1316 legentem?
877 1266 974 1303 Dico
994 1265 1029 1302 ei
1046 1279 1056 1302 ε
1077 1267 1261 1315 Domina,
1287 1267 1390 1308 volo.
1423 1268 1511 1305 Esto
1536 1282 1623 1320 ergo

157 1352 173 1368 ι
193 1333 359 1372 auditor.
390 1332 436 1370 Et
463 1331 637 1370 revoluto
663 1329 761 1367 libro
787 1329 937 1380 legebat
967 1329 1133 1381 gloriose
1161 1338 1198 1369 et
1229 1331 1425 1383 magnifice
1456 1340 1494 1369 et
1519 1333 1619 1371 miri—

155 1415 172 1432 «
193 1397 286 1447 fiee,
302 1404 373 1434 etc.
390 1412 407 1428 ι·
426 1395 482 1433 De
497 1407 573 1445 qua
595 1393 758 1441 deinde,
777 1393 814 1431 in
836 1394 1009 1444 proxima
1030 1394 1195 1442 visione,
1218 1400 1237 1442 5
1260 1401 1279 1440 4
1298 1410 1306 1433 :
1328 1413 1342 1428 ιι
1364 1398 1486 1433 Anum
1508 1395 1620 1446 illam,

157 1479 174 1496 ι
192 1460 330 1513 [inquit
349 1458 553 1510 Angelus],
569 1472 591 1496 a
609 1471 682 1509 qua
700 1458 880 1510 accepisti
896 1458 1035 1497 librum
1048 1488 1068 1505 ,.
1085 1473 1200 1511 quam
1227 1469 1338 1511 putas
1361 1462 1468 1498 esse?
1488 1462 1534 1500 Et
1555 1475 1620 1515 ego

156 1543 173 1561 ι
192 1525 272 1564 dixi
294 1539 303 1563 z
326 1524 520 1575 Sibyllam.
541 1524 679 1570 Erras,
700 1523 845 1574 inquit;
865 1537 942 1561 non
964 1533 1033 1562 est.
1057 1526 1150 1571 Quae
1164 1534 1221 1563 est
1240 1539 1354 1576 ergo,
1374 1526 1559 1565 bomine?
1577 1528 1615 1566 Et

154 1610 170 1626 ι
190 1591 286 1630 dixit
302 1590 420 1630 mihi:
442 1589 607 1628 Ecclesia
623 1589 695 1627 Dei
714 1597 783 1628 est.
798 1606 813 1622 υ
836 1590 891 1628 En
917 1589 1047 1641 igitur,
1066 1603 1142 1627 non
1158 1604 1177 1628 a
1200 1591 1320 1630 Paulo
1339 1590 1506 1641 quidem,
1522 1592 1582 1630 scd
1597 1606 1611 1628 a

154 1656 264 1697 Pauli
285 1654 475 1706 discipulo
501 1654 660 1692 citatum
682 1667 767 1692 cum
790 1654 954 1705 quadam
984 1655 1199 1693 reverentia
1225 1654 1380 1706 Sibyllae
1400 1669 1556 1707 nomen,
1579 1667 1614 1695 ut

151 1728 334 1773 appareat
352 1732 464 1770 quam
487 1732 637 1770 praecox
658 1718 694 1756 in
712 1719 879 1758 Ecclesia
900 1718 1016 1756 suerit
1030 1719 1132 1758 illius
1154 1720 1318 1759 nominis
1336 1721 1545 1760 veneratio.

203 1788 252 1824 At
271 1785 429 1823 sortasse
443 1783 701 1836 suspicabitur
711 1783 846 1835 aliquis
866 1783 1044 1823 Σίὸυλλαν
1063 1785 1101 1822 in
1122 1799 1246 1836 graeco
1266 1794 1371 1824 textu
1391 1800 1468 1823 non
1489 1786 1610 1837 legisse

149 1851 309 1889 latinum
326 1851 583 1901 interpretem.
600 1848 700 1896 Quid
718 1849 833 1899 enim,
851 1849 881 1887 si
899 1848 1022 1901 μάντιν
1037 1858 1101 1888 aut
1115 1852 1286 1904 προφῆτιν
1309 1851 1419 1889 latine
1436 1851 1605 1903 Sibyllam

148 1915 281 1965 vertit,
300 1915 483 1967 proximis
498 1913 690 1953 vocabulis
709 1927 780 1967 pro
798 1914 1021 1965 synonymis
1034 1917 1168 1954 utens?
1186 1916 1229 1954 ld
1246 1929 1336 1954 vero
1354 1915 1464 1954 nobis
1480 1930 1606 1968 nequa·

146 1994 260 2033 quam
287 1979 486 2032 probatur.
511 1979 683 2019 Primum
704 1979 804 2018 enim
826 1993 903 2018 non
928 1988 986 2018 est
1016 1993 1088 2018 cur
1110 1979 1268 2019 dubiam
1295 1981 1476 2020 faciamus
1503 1981 1610 2020 inter-

145 2033 265 2097 pretis
294 2044 432 2093 fidem,
457 2057 570 2095 quam
600 2046 726 2095 potius
756 2043 911 2082 nimiam
939 2043 1053 2082 fuisse
1084 2053 1268 2083 monstrat
1289 2046 1404 2083 totius
1434 2045 1605 2083 orationis

147 2110 270 2148 forma
286 2123 407 2161 graeca
433 2109 549 2160 magis
577 2122 692 2160 quam
711 2108 841 2147 latina.
862 2109 1012 2148 Deinde
1036 2109 1212 2161 ,εἰ-μάντιν
1237 2119 1304 2149 aut
1328 2113 1496 2163 προφῆτιν
1519 2111 1602 2149 scr}-

145 2183 253 2226 ptum
273 2173 386 2212 fuisse
404 2182 529 2225 putes,
551 2172 706 2224 frigebit
727 2186 772 2212 ac
790 2186 896 2224 paene
912 2187 1023 2212 sensu
1045 2173 1192 2213 carebit
1215 2183 1317 2213 totus
1336 2175 1400 2214 hic
1424 2176 1546 2224 locus,
1569 2177 1600 2211 in

144 2251 223 2289 quo
238 2237 389 2289 Sibyllae
406 2237 545 2277 nobilis
561 2248 600 2276 et
614 2237 740 2288 clarae,
761 2251 839 2277 non
855 2238 1107 2291 prophetissae
1125 2240 1292 2291 cujusvis
1312 2241 1435 2292 imago
1452 2239 1599 2280 describi

143 2302 318 2341 videtur:
335 2321 350 2336 ι
370 2303 416 2342 Et
432 2302 536 2340 venit
555 2303 690 2341 mulier
705 2315 817 2342 anus.
835 2331 845 2342 .
865 2334 872 2343 .
895 2302 1039 2342 habens
1053 2303 1194 2342 librum
1219 2303 1257 2341 in
1279 2318 1413 2343 manu.
1431 2335 1440 2345 .
1457 2334 1466 2344 .
1490 2306 1599 2343 Anum

143 2367 281 2406 -illam
295 2382 408 2419 quam
426 2376 539 2420 putas
555 2369 661 2406 esse?
674 2368 723 2407 Et
744 2381 816 2420 ego
833 2367 912 2406 dixi
931 2383 940 2406 z
956 2367 1156 2419 Sibyllam.
1174 2387 1190 2403 »

195 2433 273 2472 Nec
290 2432 470 2485 Sibyllam
491 2440 659 2481 tantum,
680 2432 751 2470 nisi
771 2432 950 2480 fallimur,
978 2433 1043 2471 sed
1069 2433 1293 2474 Cumanam.
1323 2434 1485 2481 Quando
1509 2432 1594 2471 enim

142 2495 298 2546 fingitur
320 2497 480 2535 Hermas
498 2495 569 2534 hac
587 2495 733 2534 visione
753 2497 858 2535 frui?
883 2497 981 2536 Tum
1008 2511 1144 2550 nempe
1171 2512 1288 2550 quum
1312 2495 1596 2551 proficisceretur

142 2560 222 2612 ipse
238 2560 389 2608 Cumis,
409 2561 438 2599 si
457 2574 548 2599 sana
567 2569 624 2599 est
646 2561 837 2600 editorum
858 2561 1100 2613 conjectura,
1122 2564 1192 2602 vis.
1213 2564 1291 2614 2,§
1315 2577 1348 2611 1,
1375 2563 1440 2602 ubi
1467 2560 1592 2600 cod‹l.z

141 2640 158 2657 ο
174 2624 269 2663 Cum
283 2638 374 2663 vero
390 2626 651 2677 proficiscerer
665 2639 750 2664 cum
769 2626 842 2676 his,
854 2645 869 2660 υ
890 2640 999 2665 sensu
1015 2628 1129 2672 inani,
1146 2629 1326 2679 quoniam
1347 2629 1394 2667 de
1412 2624 1612 2666 comitibus'

142 2688 246 2727 nulla
265 2697 375 2727 antea
393 2690 536 2728 mentio
555 2689 653 2729 facta
672 2698 765 2729 erat.
786 2691 833 2729 Et
856 2690 949 2741 quid
975 2691 1113 2730 mirum
1130 2694 1161 2730 si
1183 2693 1346 2731 Cumani
1374 2692 1470 2730 antri
1495 2690 1595 2727 mira-

141 2750 237 2789 culis
266 2752 522 2804 Cumanisque
552 2753 820 2792 traditionibus
848 2767 980 2794 recens
1009 2755 1199 2802 imbutus,
1229 2757 1429 2808 Sibyllam,
1459 2755 1504 2793 de
1532 2764 1594 2803 qua

143 2823 216 2854 tam
236 2816 355 2854 multa
380 2816 496 2855 fando
519 2816 736 2864 audiverat,
766 2817 838 2857 sibi
866 2819 1070 2859 videbatur
1088 2824 1318 2873 agnoscere?
1336 2822 1474 2860 Verum
1502 2826 1538 2857 ut
1560 2816 1592 2853 in

139 2892 245 2919 sacra
265 2880 408 2919 visione
422 2881 651 2921 christianus
670 2882 787 2921 homo
798 2883 951 2934 Sibyllae
971 2886 1201 2933 meminerit,
1221 2895 1374 2938 oportet
1387 2899 1462 2923 non
1479 2880 1591 2934 prosa-
