1686 3500
577 130 883 176 EXCURSUS
920 131 997 176 VI.
1413 130 1520 176 493

57 248 71 266 «ι
86 236 128 267 ut
141 225 364 279 judicentur
383 236 514 264 omnes
529 224 595 276 qui
614 236 692 262 non
711 222 958 263 crediderunt
976 223 1146 274 veritati,
1164 223 1231 262 sed
1250 233 1524 271 consenserunt

57 289 278 341 “iniquitati
298 307 330 329 »-

110 356 213 405 Ergo
231 352 336 404 quod
354 361 462 392 antea
479 343 611 391 liberis
625 350 824 389 hominum
838 350 1107 388 controversiis
1120 351 1219 389 inter
1234 352 1390 392 ludaeos
1406 352 1528 404 agita-

59 420 181 464 batur,
200 416 312 455 nobis
331 416 511 468 deinceps
528 416 566 453 in
587 422 734 452 certum
756 414 843 452 fidei
863 413 1003 465 dogma
1021 414 1150 453 evasit.
1174 415 1328 454 Minime
1346 430 1436 455 vero
1456 417 1529 455 du-

59 484 163 522 bium
179 489 236 520 est
252 481 343 532 quin
359 479 638 519 Antichristum
663 491 739 516 nou
765 478 968 528 figuratum
989 477 1154 528 aliquem
1174 487 1239 516 aut
1257 480 1499 530 allegoricum
1513 509 1525 527 ‚

59 545 124 585 sed
149 557 282 582 verum
309 557 352 583 ae
379 545 525 591 vivum,
543 540 681 593 opibus
703 550 741 580 ct
760 541 869 579 sactis
887 549 926 579 et
944 541 1136 579 miraculis
1156 550 1446 593 praepotentem,
1464 544 1531 583 de-

59 609 264 661 signaverit
283 608 395 647 divus
415 608 578 653 Paulus,
597 607 666 644 etsi
683 606 730 644 ad
750 605 902 644 iconem
918 606 1000 654 ejus
1020 605 1275 655 effingendam
1297 607 1426 657 petitis
1441 608 1530 645 hinc

59 674 148 713 inde
163 672 357 711 coloribus
373 685 463 711 usus
482 678 552 711 est.
576 670 622 709 Et
637 678 786 709 certum
805 678 862 708 est
880 670 1087 721 respexisse
1103 670 1208 708 illum
1228 669 1274 708 ad
1295 669 1461 708 Danielis
1477 671 1534 709 lo-

60 751 123 777 cos
139 750 255 787 supra
273 738 431 790 citatos,
448 748 556 786 quos,
572 734 661 773 licet
675 734 722 772 de
739 733 930 774 Antiocho
945 733 1131 784 scriptos,
1149 743 1191 772 ut
1206 733 1387 784 diximus,
1407 741 1531 772 tamen

61 806 106 845 ad
128 805 403 844 Antichristum
432 802 583 849 retulit,
603 802 693 853 quia
719 802 767 839 de
786 810 948 852 utroque
970 801 1049 839 veri
1074 810 1195 840 erant.
1227 802 1424 841 Neminem
1441 816 1534 841 vero

63 870 157 922 sugit
186 869 325 921 passini
357 868 396 906 iu
426 868 536 907 Novo
566 867 813 905 Testamento
840 866 888 903 ad
921 879 1064 904 novum
1088 865 1358 917 diversumque
1380 880 1533 906 sensum

64 934 212 973 traduci
227 947 312 984 quae
332 931 489 984 proprie
513 931 559 969 de
577 931 649 968 alia
674 944 712 968 re
730 930 769 968 in
789 930 877 970 Vet.
897 930 1042 982 scripta
1059 939 1183 978 erant,
1201 931 1304 969 unde
1322 931 1439 969 totius
1457 932 1535 969 fere

63 999 271 1050 Scripturae
298 996 443 1048 duplex
467 1009 619 1042 sensus,
639 994 736 1033 alter
755 994 939 1043 figuratus
964 993 1041 1031 dici
1069 994 1218 1040 solitus,
1238 995 1334 1033 altcr
1362 996 1534 1042 literalis,

64 1072 222 1113 uterque
251 1061 363 1098 simul
391 1058 678 1098 admittendus:
697 1057 803 1108 quod
833 1057 899 1107 qui
927 1057 1143 1108 negaverit,
1164 1057 1210 1095 ad
1233 1058 1314 1109 ipsa
1343 1072 1449 1109 paene
1475 1073 1538 1098 ca-

65 1127 215 1165 tholicae
238 1124 440 1174 theologiae
465 1120 713 1161 fundamenta
739 1135 894 1159 manum
924 1122 1164 1159 temerariam
1189 1121 1418 1163 admoverlt.

116 1190 220 1230 Idem
242 1190 355 1241 plane
372 1187 583 1226 dixerimus
602 1186 649 1224 de
671 1186 847 1237 plurimis
865 1187 1153 1237 Apocalypseos
1173 1186 1266 1224 locis
1281 1216 1291 1234 ,
1310 1187 1346 1224 in
1367 1187 1504 1238 quibus
1520 1190 1539 1227 ὁ

63 1254 249 1305 Θεολόγος,
269 1255 359 1292 dum
377 1252 470 1303 ipsis
508 1264 630 1302 prope
649 1250 819 1289 Danielis
841 1249 1001 1288 vocibus
1021 1264 1065 1288 ac
1085 1251 1213 1300 liguris
1235 1251 1374 1299 utitur,
1395 1265 1458 1290 eas
1479 1261 1541 1290 ta-

67 1333 149 1357 men
166 1318 418 1357 diversissimo
432 1329 543 1355 sensu
560 1324 736 1366 usurpat.
756 1316 853 1354 Sunt
870 1313 969 1352 enim
987 1314 1090 1366 apud
1108 1315 1232 1366 ipsum
1247 1315 1379 1353 decem
1394 1330 1541 1356 cornua

67 1396 142 1420 non
155 1381 232 1433 jam
253 1381 483 1430 Seleucidoe,
498 1380 564 1419 sed
582 1380 713 1419 decem
731 1379 895 1418 Romani
909 1379 1158 1430 imperatores
1175 1394 1195 1417 a
1215 1380 1449 1431 Vespasiano
1465 1394 1541 1419 nu-

67 1448 199 1485 merati
218 1447 318 1498 (cap.
343 1448 404 1494 13,
427 1458 464 1484 v.
489 1459 523 1493 1,
542 1459 642 1497 sqq.;
662 1458 747 1496 cap.
770 1436 827 1492 17,
845 1457 881 1484 v.
905 1458 944 1494 9,
969 1446 1080 1495 sqq.).
1108 1445 1156 1482 Et
1182 1445 1357 1494 quamvis
1382 1445 1436 1483 ibi
1467 1459 1542 1491 ηοο,

70 1520 172 1550 tetur
202 1509 546 1562 Pseudopropheta
584 1509 951 1549 siverAntichristus
986 1508 1118 1547 iisdem
1150 1508 1230 1547 fere
1260 1510 1377 1561 signis
1401 1510 1545 1562 quibus

68 1576 170 1628 apud
191 1576 389 1615 Danielem
410 1574 644 1622 Antiochus,
673 1574 828 1612 minime
850 1583 975 1612 tamen
991 1574 1115 1612 errori
1130 1574 1238 1612 locus
1255 1583 1312 1612 est
1330 1587 1339 1614 τ
1357 1588 1443 1613 nam
1465 1577 1544 1613 Αυ-

69 1641 286 1680 tichristum
309 1653 423 1691 quem
447 1639 641 1690 designet,
662 1639 753 1676 satis
770 1646 900 1689 aperte
917 1638 1030 1676 docet
1049 1645 1203 1676 sanctus
1221 1646 1337 1689 vates,
1358 1649 1544 1690 nusquam

69 1720 175 1753 eum,
197 1705 270 1744 nisi
289 1704 422 1744 bestiae
448 1704 498 1754 (id
515 1712 592 1754 est,
630 1702 776 1754 Romae)
797 1702 1182 1754 Pseudoprophetam
1209 1715 1366 1751 vocans,
1395 1716 1546 1754 nempe,

70 1771 141 1809 uisi
157 1770 334 1819 fallimur,
350 1768 624 1820 imperatorem
640 1767 868 1816 Romanum,
887 1780 964 1805 uon
981 1767 1084 1806 hunc
1097 1775 1162 1805 aut
1183 1767 1304 1814 illum,
1322 1767 1388 1806 sed
1409 1782 1547 1820 quem-

62 1835 162 1887 libet
182 1835 328 1885 (omues
358 1833 459 1872 euim
482 1831 908 1883 christianaereligiouis
933 1831 1074 1879 hostes,
1089 1845 1172 1883 cap.
1204 1845 1264 1880 17,
1297 1845 1332 1870 v.
1363 1833 1421 1881 13,
1452 1834 1545 1884 sq.):
1591 1847 1593 1849 ’

72 1914 185 1953 quem
202 1898 318 1937 semel
335 1912 422 1936 cum
441 1898 564 1936 bestia
577 1897 717 1935 victum
732 1904 848 1947 atque
866 1895 1116 1940 debellatum,
1133 1895 1302 1934 stabilito
1317 1896 1461 1948 quippe
1477 1898 1549 1936 Ec-

72 1965 195 2006 clesiae
215 1977 332 2015 regno
352 1964 452 2016 (cap.
488 1977 548 2014 19,
580 1976 616 2000 v.
641 1960 725 2014 20),
748 1974 881 2000 rursus
900 1969 988 2012 post
1013 1961 1115 2000 mille
1140 1974 1274 2008 annos,
1298 1961 1336 2000 id
1365 1970 1436 2013 est,
1463 1969 1551 2014 post

74 2024 138 2070 ‹li'u
159 2031 288 2083 quieta
313 2029 490 2068 Ecclesiae
516 2036 710 2078 tempora,
735 2040 783 2064 ex
803 2026 936 2064 inseris
964 2039 1201 2064 emersurum
1232 2027 1335 2064 canit
1365 2028 1459 2079 (cap.
1479 2040 1551 2074 20,

76 2110 172 2148 νᾳ),
194 2094 319 2148 sqq.),
353 2093 390 2133 id
411 2101 488 2140 est,
520 2092 650 2131 denuo
675 2092 714 2130 in
745 2091 857 2130 terris
887 2091 1079 2130 oriturum
1108 2100 1196 2129 ante
1219 2092 1356 2141 judicii
1381 2092 1551 2143 supremi

78 2171 244 2212 tempus,
258 2159 338 2198 sive
354 2159 479 2210 ipsum
498 2171 563 2195 seu
584 2159 714 2208 potius
734 2156 808 2207 ipsi
827 2156 989 2194 similem
1010 2170 1019 2194 :
1041 2169 1128 2194 uam
1158 2156 1221 2194 hic
1241 2170 1375 2195 rursus
1392 2166 1552 2195 contro-

78 2226 208 2264 versiae
228 2225 334 2263 locus
348 2254 358 2271 ,
378 2231 416 2261 et
440 2221 597 2273 quidam
617 2221 898 2269 mahumeteiu,
919 2220 983 2259 alii
1000 2221 1095 2259 alios
1113 2229 1363 2272 putaverunt,
1387 2220 1552 2259 obscura
1591 2265 1593 2267 ¹

77 2304 179 2328 nunc
194 2320 205 2339 ,
226 2288 293 2328 sed
312 2287 489 2326 videlicet
512 2287 640 2325 sutura
661 2286 753 2324 olim
775 2286 939 2324 clariore
964 2285 1180 2337 prophetia.

129 2353 312 2402 Quamvis
331 2361 458 2391 autem
477 2351 701 2390 Antichristi
729 2363 866 2389 nomen
889 2364 1078 2402 nusquam
1100 2351 1137 2388 in
1159 2351 1222 2388 illa
1245 2351 1451 2402 prophetia
1481 2366 1553 2405 po·

79 2421 193 2459 suerit
204 2420 315 2458 divus
329 2419 511 2462 Joannes,
525 2417 647 2455 utitur
664 2429 710 2454 eo
726 2429 804 2454 non
822 2417 937 2454 semel
949 2416 985 2453 in
997 2416 1181 2466 epistolis,
1196 2415 1262 2454 sed
1279 2415 1406 2455 latiori
1424 2430 1551 2464 sensu,

80 2499 214 2536 nempe
234 2483 346 2535 epist.
374 2483 411 2534 1,
435 2496 520 2534 cap.
543 2495 580 2529 2,
600 2495 639 2528 v,
670 2482 726 2529 18,
746 2494 831 2532 sq.:
853 2499 868 2514 «ι
884 2480 1033 2528 Filioli,
1064 2480 1270 2518 novissima
1298 2480 1394 2519 hora
1418 2491 1499 2521 est:
1517 2491 1557 2522 et

81 2567 93 2579 ‹-
112 2548 209 2586 sicut
238 2547 396 2585 audistis
430 2545 519 2597 quia
551 2545 811 2584 Antichristus
843 2543 969 2591 venit,
998 2552 1036 2582 et
1064 2557 1165 2581 nunc
1192 2543 1417 2582 Antichristi
1445 2546 1555 2584 multi

81 2631 94 2646 κ
113 2612 201 2650 sacti
221 2619 326 2650 sunt.
345 2639 354 2650 .
372 2610 460 2649 ‚nic
480 2618 537 2648 est
556 2609 816 2648 Antichristus
837 2608 904 2660 qui
924 2616 1038 2659 negat
1062 2609 1212 2647 Patrem
1241 2616 1279 2645 et
1301 2607 1436 2645 Filium
1455 2625 1485 2649 υ.
1510 2609 1558 2648 Et

83 2678 196 2728 paulo
215 2675 332 2724 infra,
354 2688 437 2726 cap.
460 2681 498 2722 4,
521 2688 556 2713 v.
577 2674 598 2711 3
620 2690 628 2713 :
649 2693 662 2706 ι
677 2674 811 2713 Omnis
831 2673 990 2724 spiritus
1012 2673 1078 2723 qui
1097 2673 1212 2710 solvit
1230 2673 1382 2719 ¹lesum,
1402 2686 1448 2710 ex
1474 2674 1557 2712 Deo

84 2761 98 2775 α
114 2756 189 2780 non
210 2751 289 2793 est;
315 2749 352 2779 et
380 2741 441 2778 hie
463 2750 519 2779 est
542 2739 802 2780 Antichristus
822 2739 869 2776 (le
887 2752 965 2789 quo
986 2738 1146 2776 audistis
1161 2766 1170 2784 ,
1195 2738 1378 2788 quoniam
1398 2738 1502 2775 venit
1520 2745 1563 2776 et
1619 2767 1625 2774 .

84 2825 97 2839 «ι
117 2820 217 2845 nunc
234 2806 312 2857 jam
333 2806 371 2844 in
394 2805 537 2843 mundo
557 2816 612 2843 est
629 2823 663 2845 u„
686 2804 734 2843 Et
756 2804 793 2842 in
809 2803 984 2859 Epistola
1005 2804 1061 2850 11,
1082 2816 1117 2842 v.
1139 2816 1158 2851 7
1182 2802 1427 2849 :uQuoniam
1448 2801 1556 2848 multi
