1686 3500
667 131 970 178 EXCURSUS
1005 133 1061 178 V.
1510 134 1602 181 397

131 240 220 286 348,
241 238 278 276 in
297 247 376 287 quo
390 246 430 272 se
445 232 594 284 Sibylla
606 232 777 271 omnium
797 233 1026 283 flagitiorum
1043 245 1147 271 ream
1167 233 1280 285 facit,
1299 233 1606 285 turpissimisque

128 318 167 342 sc
185 299 347 351 diffingit
373 295 592 344 coloribus,
621 289 795 347 magnam
824 305 974 348 partem
1001 309 1048 337 ex
1073 296 1227 348 epilogo
1251 297 1403 349 septimi
1422 296 1511 336 libri
1533 297 1606 336 de-

127 364 299 416 sumptis.
310 361 385 402 Sed
405 361 601 399 fatendum
617 368 674 398 est
687 368 907 411 opportune
920 359 1145 408 admodum,
1161 369 1276 412 atque
1291 361 1376 413 ipso
1390 374 1517 400 rerum
1534 361 1606 399 du·

125 437 233 469 cente
247 427 326 475 Iilo,
339 425 523 476 Sibyllam
540 424 616 462 huc
631 423 806 476 prodire,
822 437 907 475 quae
922 425 960 462 in
976 424 1137 476 prologo
1156 424 1245 463 libri
1262 426 1376 476 primi
1395 434 1432 463 et
1448 426 1488 464 in
1503 427 1605 478 ejus·

124 495 209 533 dein
238 489 361 529 media
383 497 513 541 parte,
547 502 584 528 v.
606 488 695 534 288,
714 501 815 539 sqq„
836 487 1041 526 videndam
1061 501 1102 526 se
1133 487 1241 539 quasi
1259 501 1330 540 per
1359 497 1602 528 transennam

125 558 342 601 obtulerat,
363 556 400 593 in
421 553 591 593 secundo
608 562 735 592 autem
756 567 913 605 prorsus
931 554 1116 593 hacteuus
1133 554 1307 594 latuerat.
1326 554 1417 600 Nec,
1443 555 1545 605 quod
1564 555 1603 593 hi

124 635 253 661 versus
273 634 294 659 e
313 619 467 672 septimi
485 617 574 657 libri
595 618 669 657 line
688 618 765 656 huc
790 618 867 656 sint
896 618 1077 666 adducti,
1103 618 1265 656 multum
1292 631 1364 657 nos
1387 627 1515 657 movet
1534 633 1604 658 au-

123 687 231 726 dacia
252 684 451 737 plagiarii,
467 683 533 735 qui
553 696 621 734 per
634 691 755 720 totum
773 683 852 721 sere
873 683 1011 722 horum
1029 683 1215 721 librorum
1232 683 1437 721 decursum
1452 683 1490 720 in
1502 684 1603 722 simi-

123 752 221 790 libus
238 750 350 788 furtis
367 748 627 800 deprehensus
642 757 710 786 est.
728 749 809 786 lmo
823 748 854 785 si
874 749 1036 799 propius
1055 749 1229 786 attendas
1241 776 1251 795 ,
1268 761 1387 799 quum
1402 747 1606 798 Sibyllistae

124 816 305 855 falsorum
334 821 422 851 ante
445 825 484 850 se
503 811 778 863 Sibyllinorum
795 812 960 850 lectione
979 811 1084 863 pleni
1107 821 1244 859 essent,
1267 825 1373 863 paene
1392 812 1606 850 necessario

123 881 263 918 sactum
278 887 334 917 est
352 886 404 924 ut,
419 876 485 928 qui
501 889 633 929 eorum
654 876 776 914 ultimi
793 876 1050 928 scripserunt,
1071 875 1302 919 centonibus
1318 875 1456 914 similia
1468 875 1606 915 scribe-

124 953 227 990 rent,
247 945 326 982 sive
343 942 542 989 volentes,
558 941 638 979 sive
655 954 792 992 parum
807 949 984 978 curantes
996 969 1006 986 ,
1023 940 1103 978 sive
1120 940 1235 978 etiam
1262 940 1372 978 inscii
1396 948 1512 991 atque
1531 954 1605 979 no-

124 1012 265 1049 lentes:
290 1016 332 1046 ut
352 1008 390 1046 in
405 1007 479 1045 hoc
501 1006 585 1058 ipso
611 1006 781 1057 epilogo,
817 1018 948 1044 versus
975 1004 1048 1050 334
1071 1005 1211 1043 ductus
1242 1012 1299 1043 est
1328 1018 1349 1043 e
1385 1004 1484 1042 libro
1502 1005 1606 1051 Vlll,

123 1089 156 1114 v.
174 1088 269 1122 2703
291 1085 421 1112 versus
438 1070 578 1109 deinde
597 1071 688 1118 340,
709 1071 800 1117 345,
830 1071 920 1118 350,
941 1071 1029 1118 357,
1049 1083 1150 1121 sqq„
1168 1069 1257 1118 365,
1277 1070 1366 1118 367,
1383 1072 1474 1119 372,
1503 1084 1605 1122 sqq„

123 1151 298 1190 magnam
330 1145 478 1189 partem
510 1135 620 1188 petiti
648 1144 739 1174 sunt
763 1148 784 1173 e
813 1134 880 1176 lib.
914 1135 1023 1183 VIII,
1053 1147 1090 1175 v.
1125 1136 1212 1184 316,
1247 1134 1342 1184 254,
1382 1136 1478 1183 228,
1494 1178 1497 1179 ⁷
1511 1137 1600 1184 275,

122 1217 226 1254 sqq„
251 1204 341 1253 289,
368 1202 460 1249 303,
481 1206 570 1252 294,
590 1213 691 1251 sqq„
716 1213 846 1238 versus
877 1200 952 1237 385
987 1213 1008 1237 e
1040 1199 1106 1238 lib.
1133 1200 1199 1245 ΙΙΙ,
1239 1213 1277 1240 v.
1303 1200 1390 1250 195,
1417 1209 1492 1241 etc.
1510 1201 1606 1247 Quae

124 1268 251 1307 omnia
280 1281 301 1305 e
324 1266 453 1305 multis
476 1265 668 1317 variisque
703 1265 795 1303 locis
827 1265 988 1303 fortuito
1017 1263 1093 1303 huc
1112 1273 1200 1303 sunt
1227 1263 1391 1316 ingesta,
1420 1273 1533 1316 prout
1564 1278 1605 1304 se

124 1331 325 1371 scribentis
346 1330 539 1369 memoriae
558 1336 695 1381 sponte
713 1328 948 1367 obtulerant.
969 1328 1068 1367 Velit
1090 1328 1218 1366 forsan
1236 1329 1378 1380 aliquis
1405 1328 1503 1367 duos
1536 1329 1608 1368 sal-

126 1405 198 1434 tem
215 1409 263 1434 ex
283 1395 436 1447 epilogo
453 1393 573 1432 recidi
593 1406 721 1432 versus
739 1393 917 1432 ultimos:
936 1392 1026 1433 ’Ἥδε
1044 1393 1074 1432 δ’
1093 1392 1175 1446 ἐγώ,
1198 1409 1230 1432 κ.
1251 1408 1286 1432 τ.
1307 1394 1342 1432 λ.
1367 1393 1442 1432 Sed
1461 1407 1509 1432 ue
1529 1393 1604 1433 boe

123 1460 280 1512 quidem
306 1459 418 1498 facile
436 1457 764 1498 concesserimus:
789 1471 876 1496 nam
907 1457 953 1496 iis
982 1460 1204 1510 anqmtatis,
1228 1467 1384 1496 truncus
1409 1467 1446 1497 et
1465 1457 1604 1498 ‹lecur-

125 1533 223 1562 tatus
238 1524 434 1562 videretur
450 1522 645 1574 epilogus,
667 1522 733 1573 qui
752 1523 927 1574 profecto
946 1522 985 1559 in
1005 1536 1116 1561 versu
1133 1523 1208 1568 346
1233 1523 1285 1561 ita
1300 1523 1445 1572 clauso,
1460 1523 1602 1562 ἀναιδέα

123 1588 304 1643 πρήξασάν
319 1603 376 1640 γε,
397 1587 602 1626 consistere
622 1587 730 1625 nullo
746 1587 861 1625 modo
884 1586 1023 1638 potuit.

177 1655 280 1706 Ergo
311 1652 360 1691 ad
391 1654 504 1690 Iinem
540 1665 661 1703 usque
691 1659 812 1690 totum
847 1651 921 1689 hoc
951 1664 1126 1699 carmen,
1156 1665 1234 1702 quo
1261 1648 1485 1704 duo‘primi
1513 1651 1603 1692 libri

123 1718 524 1771 comprehenduntur,
543 1732 590 1757 ex
616 1718 772 1770 ingenio
799 1717 970 1769 primarii
991 1717 1159 1756 auctoris
1178 1717 1365 1769 prodiisse
1382 1731 1603 1768 censemus,

122 1785 253 1824 recisis
280 1793 427 1822 tantum
453 1783 490 1821 in
519 1782 643 1821 medio
660 1782 858 1821 nonnullis
877 1782 1061 1830 versibus,
1090 1782 1228 1820 additis
1248 1796 1341 1822 vero
1364 1784 1602 1835 paucissimis

122 1850 172 1889 ab
192 1850 462 1901 epitomatore‚
489 1848 556 1900 qui
573 1861 643 1886 nec
660 1848 747 1885 ideo
776 1848 883 1885 malae
907 1847 995 1886 fidei
1021 1848 1262 1886 damnandus
1286 1856 1354 1896 est,
1379 1849 1408 1886 si
1430 1848 1529 1900 ipse,
1560 1858 1602 1888 ut

123 1915 291 1965 videtur,
312 1927 427 1952 manu
447 1926 534 1960 sua,
551 1926 626 1950 non
644 1914 780 1965 πρῶτος
798 1911 898 1963 λόγος
914 1911 952 1950 in
971 1912 1097 1950 fronte
1111 1911 1199 1950 libri
1219 1912 1353 1963 primi,
1380 1913 1448 1951 sed
1477 1914 1516 1952 ἐκ
1539 1916 1601 1953 τοῦ

121 1980 260 2035 πρώτου
285 1978 388 2032 λόγου
407 1977 670 2029 inscripserat,
693 1975 800 2028 quod
820 1975 1016 2028 hodieque
1029 1977 1067 2015 in
1083 1977 1352 2028 manuscriptis
1369 1978 1520 2029 legitur.

172 2046 269 2094 Imo,
287 2044 391 2096 quod
409 2043 572 2081 maxime
590 2042 671 2093 ejus
687 2041 800 2079 fidem
817 2049 988 2089 testatur,
1006 2055 1085 2079 non
1100 2041 1228 2079 omnia
1241 2070 1251 2089 ,
1265 2055 1350 2093 quae
1367 2043 1490 2081 minus
1507 2056 1601 2095 pro·
1619 2052 1623 2057 ‘

121 2109 250 2157 babat,
269 2108 503 2159 amputavit,
524 2106 590 2144 sed
612 2106 784 2158 qucedam
814 2105 954 2157 scripta
986 2105 1162 2158 reliquit,
1194 2119 1214 2143 a
1235 2104 1377 2157 quibus
1396 2106 1479 2159 ipse
1508 2108 1601 2147 scri·

119 2174 255 2213 bendis
276 2174 450 2226 profecto
470 2171 738 2220 abstinuisset,
765 2179 807 2208 ut
832 2171 927 2208 illud
952 2171 991 2208 in
1010 2172 1085 2209 siue
1112 2170 1227 2222 liujus
1249 2171 1407 2209 secundi
1435 2172 1526 2211 libri
1550 2173 1600 2212 de

120 2240 251 2292 poenis·
263 2239 469 2291 impiorum
491 2236 700 2289 aliquando
730 2229 909 2274 desituris
922 2264 933 2283 ,
947 2249 982 2274 v.
999 2236 1047 2274 33
1058 2250 1066 2273 ι
1077 2263 1088 2282 ,
1101 2248 1185 2286 sqq.
1201 2235 1315 2281 Quod
1332 2235 1386 2274 ita
1401 2236 1522 2275 visum
1542 2245 1600 2276 est

121 2304 403 2344 intolerandum
432 2303 492 2341 vel
520 2302 595 2354 ipsi
625 2302 704 2351 vel,
733 2301 789 2339 uti
811 2301 930 2352 magis
963 2300 1217 2347 arbitramur,
1251 2301 1456 2340 recentiori
1484 2301 1598 2341 alicui

121 2370 302 2421 librario,
320 2378 362 2407 ut
390 2367 590 2421 ἀντίῤῥησιν
611 2366 880 2418 asperrimam,
905 2366 1033 2412 Ψευδῆ
1053 2367 1257 2419 προφανῶς,
1280 2381 1314 2404 κ.
1340 2381 1372 2407 τ.
1401 2367 1449 2415 λ.,
1472 2367 1597 2406 codici

107 2448 187 2474 -suo
210 2434 396 2479 affixerit,
416 2431 614 2484 legendam
635 2431 735 2469 inter
754 2440 904 2469 nostras
923 2430 970 2469 ad
994 2431 1106 2469 linem
1127 2429 1215 2469 libri
1232 2429 1388 2469 secundi
1407 2440 1540 2482 notas,
1558 2441 1598 2471 et

120 2499 270 2552 plenius
289 2497 565 2536 discutiendam
586 2496 625 2533 in
640 2496 815 2534 Excursu
833 2495 899 2533 Vl.

171 2563 339 2604 Necdum
356 2571 506 2613 tempus
516 2569 574 2599 est
593 2560 885 2611 epitomatorem
905 2560 1011 2598 illum
1028 2560 1111 2611 quis
1129 2560 1266 2611 suerit,
1283 2569 1350 2599 aut
1368 2562 1523 2612 quando
1538 2562 1596 2601 vi-

119 2630 228 2676 xerit,
247 2627 441 2679 inquirere
456 2626 739 2678 :opportunius
758 2624 797 2663 id
816 2634 950 2676 agetur
964 2625 1077 2674 infra,
1090 2638 1178 2677 cap.
1202 2626 1259 2663 16.
1278 2626 1598 2675 luterim‚omissa

118 2693 341 2745 posterioris
364 2691 597 2730 recensionis
616 2703 710 2728 cura
724 2719 733 2737 ,
749 2689 870 2728 libros
887 2691 1009 2741 ipsos,
1029 2689 1161 2740 quales
1181 2689 1295 2728 bodie
1317 2700 1517 2741 prostant,
1537 2693 1599 2731 in-

120 2767 310 2804 tueamur,
327 2757 453 2808 deque
469 2756 514 2794 iis
534 2769 578 2794 ac
602 2755 650 2793 de
669 2768 803 2793 eorum
822 2763 980 2793 auctore
1000 2754 1184 2805 primario
1198 2752 1392 2806 judicium
1412 2756 1592 2796 seramus.
1617 2757 1622 2763 '

120 2826 259 2877 Scripti
280 2835 370 2865 sunt
390 2825 536 2864 calamo
558 2838 633 2863 non
655 2824 826 2876 optimo‘,
855 2825 958 2863 sacili
987 2833 1111 2863 tamen
1143 2836 1180 2865 et
1205 2825 1402 2877 expedito.
1429 2827 1595 2865 Peccant
