1752 3495
556 234 637 278 AD
672 229 983 277 EXCURSUM
1024 232 1101 275 111.

235 331 340 371 Diva!
356 326 578 367 immortali.
596 326 696 365 Tum
711 333 847 363 vestrae
860 323 1000 362 deinde
1016 332 1217 380 sequentes

236 395 420 435 Matronae
438 390 619 443 gravibus
638 389 834 428 cumulent
853 388 986 426 altaria
1008 387 1136 434 donis,

161 475 208 501 20
234 457 498 506 Ardentesque
518 455 638 501 faces,
656 453 709 492 sic
730 453 803 491 fert
820 465 903 490 mea
921 451 1017 498 tela,
1042 458 1261 489 coruscent.

232 523 377 562 Rursus
397 527 436 558 at
455 528 623 570 augustae
638 517 766 556 Cereri
784 529 851 554 sua
871 528 1032 553 munera
1047 522 1205 566 portent

233 585 366 626 Sobria
380 614 390 633 ‚
412 592 471 622 ter
492 595 651 620 numero
669 580 825 620 totidem
839 611 849 629 ,
873 589 911 618 et
930 578 1180 631 flagrantibus
1199 578 1275 617 aris

235 653 460 702 lmponant,
478 647 618 699 quibus
633 655 690 685 est
707 655 795 684 aetas
815 654 966 683 matura
987 652 1158 692 senecta,

233 717 280 755 Et
301 715 436 763 longus
454 724 651 750 sacrorum
672 722 776 748 usus.
796 707 1006 748 Plutonida
1023 707 1087 746 sed
1110 721 1178 745 vos

168 781 212 819 25
238 777 417 829 Inprimis
433 776 567 823 colite,
585 774 705 812 aetatis
724 786 820 824 quas
840 771 973 810 florida
996 772 1109 810 vestit

232 841 381 888 Gratia3
402 852 473 877 vos
489 846 658 876 sanctam
678 835 906 882 Plutonida‚
924 844 1063 873 cuncta
1082 835 1273 873 videntem
1287 864 1298 883 ‚

233 909 346 946 Orate
358 933 368 951 ‚
383 913 424 942 ut
437 904 600 955 patriam
617 902 724 940 bellis
744 899 986 951 surgentibus
1003 899 1136 938 urbem

232 973 428 1020 Protegat,
453 976 569 1018 utque
585 967 641 1005 sui
659 965 801 1005 Graecis
822 964 967 1002 oblivia
988 965 1124 1002 mittat.

231 1035 468 1073 Thesaurum
486 1031 574 1068 inde
593 1030 695 1079 aliae,
714 1028 896 1066 ditissima
916 1028 1035 1075 dona,
1052 1029 1209 1079 puellae,

165 1102 209 1139 30
237 1099 481 1148 lutextasque
504 1095 628 1133 serant
645 1093 777 1131 divino
795 1093 958 1130 stamine
979 1092 1090 1139 telas,

232 1161 401 1201 Gaudeat
425 1169 467 1198 ut
486 1159 603 1211 digno
621 1158 763 1208 conjux
784 1157 960 1195 Plutonis
977 1157 1131 1194 amictu.

228 1232 319 1266 Tum
342 1226 446 1278 quod
467 1226 563 1262 inest
579 1224 726 1262 cunctis
747 1222 923 1272 pulcrum
943 1230 1056 1272 atque
1071 1220 1240 1272 optabile
1255 1221 1380 1269 terris,

231 1294 278 1332 Et
297 1290 480 1343 quidquid
497 1297 644 1341 gratum
662 1296 836 1338 spectare
854 1294 891 1324 et
908 1285 1050 1324 habere
1067 1286 1249 1324 decorum
1269 1294 1348 1334 est,

228 1357 377 1408 Reginae
397 1356 543 1394 Cereris
562 1363 659 1392 natae
677 1352 794 1390 mixta
812 1351 938 1389 omnia
958 1360 1126 1402 portent.

160 1423 202 1460 35
229 1422 275 1460 Ut
294 1433 385 1457 vero
404 1427 574 1456 sanctam
594 1417 771 1455 Cererem
792 1423 998 1465 natamque
1017 1414 1222 1474 verendam
1279 1412 1286 1421 ⁸

228 1487 413 1530 oravere,
436 1484 574 1521 malum
597 1481 729 1532 patriis
747 1484 916 1517 avertere
935 1480 1069 1529 terris,

225 1550 318 1588 ilinc
335 1549 461 1599 ipsum
484 1547 568 1584 suso
585 1546 790 1585 Plutonem
808 1544 992 1595 sanguine
1008 1544 1162 1594 placent

226 1613 382 1652 Caerulei
403 1611 531 1659 bovis,
554 1619 592 1648 et
611 1609 717 1648 sestis
736 1609 773 1646 in
800 1607 968 1646 vestibus
988 1607 1116 1645 adsint

225 1679 312 1716 Cum
335 1684 490 1728 pastore
507 1687 578 1712 suo
596 1687 603 1712 ι
622 1672 732 1711 bovis
745 1671 908 1723 impiger
925 1672 988 1710 ille
1008 1672 1166 1711 calentis

114 1774 191 1808 nobis
225 1776 468 1808 instrumentum
495 1773 669 1806 textorium
721 1781 786 1812 quo

113 1822 240 1855 mulieres
260 1831 326 1854 usse
348 1822 422 1853 sunt
449 1820 487 1852 ad
505 1822 627 1852 vestem
653 1821 784 1851 Proser-

113 1868 181 1909 pinoe
193 1868 365 1908 texendam,
384 1877 438 1900 seu
452 1867 551 1899 vestis
569 1866 635 1907 ipsa
648 1865 714 1905 ej-us
727 1873 787 1905 ope

115 1917 242 1947 contexta
263 1926 272 1947 ι
294 1916 417 1955 capitur
441 1915 524 1947 enim
549 1913 633 1950 ἱστός
648 1921 731 1952 saepe
747 1912 787 1943 ‹le

115 1962 186 1993 veste
204 1970 254 1993 seu
276 1961 383 2002 linteo,
405 1964 439 1992 ut
460 1969 567 2001 supra,
595 1968 626 1992 v,
656 1963 686 1997 2,
703 1958 786 1994 ἱστὸς

114 2008 180 2046 ἐμός.
193 2009 356 2048 Θειοπαγής
368 2010 474 2039 autem
487 2008 621 2038 vocatur
634 2008 786 2046 tanquam

114 2054 168 2094 θείᾳ
189 2055 240 2086 τινὶ
266 2055 355 2096 τέχνῃ
386 2053 689 2093 κατεσκευασμένος,
718 2059 786 2082 rara

114 2107 189 2139 voce,
207 2101 309 2133 lexicis
320 2103 406 2132 certe
421 2101 592 2139 incognita.

147 2149 190 2178 31.
220 2149 312 2188 Σεμνὴ
345 2147 520 2183 Πλουτωνίς
547 2155 565 2179 e
596 2149 704 2178 nostra
738 2149 786 2178 est

113 2193 180 2232 conj,
195 2195 292 2226 codex
317 2194 401 2226 enim
425 2195 538 2234 σεμνὴν
560 2194 593 2225 et
610 2193 783 2225 Πλούτωνι.

98 2238 185 2270 *idem
211 2240 318 2272 ‹leinde
341 2244 513 2282 κοσμεῖ-το,
543 2239 624 2271 male
654 2247 710 2279 pro
733 2251 785 2271 κο-

113 2290 214 2328 σμοῖτο,
229 2291 259 2320 et
271 2289 412 2329 σχεσίῃσι
429 2290 565 2327 κακοῖσι,
582 2286 636 2318 ubi
652 2295 709 2318 nos
721 2298 780 2318 κα-

112 2332 169 2371 λῇσι
190 2342 239 2365 seu
263 2336 409 2375 καλῇσιν,
427 2337 462 2366 ut
490 2335 634 2377 σχεσίῃσι
662 2335 784 2374 poetice

113 2379 227 2417 positum
244 2381 283 2412 sit
301 2391 355 2422 pro
370 2382 522 2422 σχήμασι.

145 2429 187 2458 33.
207 2427 322 2468 codex,
342 2429 393 2460 καὶ
419 2429 454 2460 τὸ
481 2429 545 2470 φέρ.
571 2432 636 2460 Nos
658 2435 676 2459 e
700 2428 782 2467 conj.

112 2472 154 2504 ut
175 2485 222 2514 τε,
245 2476 327 2516 qnod
354 2479 386 2508 et
414 2480 551 2508 Homero
569 2478 680 2508 notmn
699 2478 732 2507 et
749 2475 781 2507 in

111 2519 243 2559 Sibyllinis
264 2523 417 2564 frequens.
441 2524 536 2555 Aliter
560 2525 647 2554 esset
670 2523 721 2554 καὶ
745 2522 780 2554 τὸ

112 2566 229 2605 φέρεσθαι
240 2576 293 2609 pro
308 2570 460 2600 καὶτοῦτο
476 2569 586 2610 φέρειν,
603 2568 632 2600 id
648 2570 706 2609 est,
719 2568 781 2600 hoc

110 2621 216 2653 qnoque
243 2617 362 2655 portare
389 2616 640 2656 memento,sed
672 2616 779 2648 minus

111 2666 194 2697 graece
205 2666 324 2703 propter
340 2663 547 2703 depravatum
568 2662 680 2695 mediae
694 2663 781 2695 vocis

110 2713 198 2738 usum.

141 2755 184 2785 3¹1.
205 2755 289 2798 Ἱστῷ
305 2757 493 2797 σύμμικτον,
509 2756 539 2787 id
565 2760 625 2798 est,
639 2757 709 2790 101ae
724 2766 778 2790 seu

110 2801 176 2832 vesti
199 2802 397 2843 adjunctum,
426 2804 579 2844 graecitati
613 2807 779 2845 repugnat.

111 2848 247 2880 incertum
263 2850 367 2882 tamen
383 2850 458 2890 quid
483 2850 614 2889 legatur.
630 2854 779 2891 Suspica-

110 2894 249 2926 ιηιιτῖστω
264 2897 319 2935 pro
335 2897 413 2929 ἔστω
437 2897 584 2938 positum,
599 2898 779 2931 acrosticliii

109 2942 350 2983 causa,tanquam
365 2943 402 2974 ab
417 2943 675 2983 imperativo'woz
691 2946 778 2978 verbi

856 1771 919 1812 εἰμί
928 1795 937 1811 ,
963 1780 1027 1804 non
1055 1773 1121 1805 tam
1150 1771 1280 1804 licenter
1307 1780 1402 1813 quam
1432 1770 1562 1807 soloece⁸

855 1818 938 1850 Olim
950 1819 1046 1850 etiam
1059 1819 1270 1859 cogitavimus
1282 1818 1360 1850 ἴστω
1371 1819 1559 1859 proteram,

855 1866 960 1897 activo
972 1866 1108 1906 ponendi
1123 1866 1190 1898 sive
1204 1865 1358 1899 offerendi
1371 1874 1463 1898 sensu
1476 1877 1490 1907 5
1501 1875 1559 1899 nec

855 1913 959 1942 tamen
980 1912 1105 1953 usitate,
1119 1920 1178 1944 nec
1191 1913 1288 1944 recte.

897 1960 949 1991 35.
981 1960 1075 1991 Deest
1099 1967 1162 1990 vox
1187 1959 1349 2000 εὔξωνται,
1377 1958 1467 1991 facile
1480 1967 1557 2001 sup-

857 2005 982 2045 pienda.

898 2055 949 2085 36.
972 2053 1139 2086 praestaret
1154 2051 1243 2092 γαίης
1258 2052 1414 2093 ὑμετέρης.

897 2100 947 2131 38.
972 2102 1056 2131 Cave
1068 2101 1198 2140 ποιμένα
1214 2098 1373 2139 intelligas
1395 2100 1555 2139 pastorem

855 2145 958 2185 ipsius
980 2145 1091 2185 bov1s;
1115 2147 1180 2177 imo
1196 2145 1262 2176 dux
1287 2148 1335 2177 est
1359 2145 1555 2186 populi,sen

855 2194 984 2232 praetor,
999 2201 1053 2224 seu
1068 2192 1191 2231 consul,
1203 2201 1256 2223 seu
1266 2192 1414 2232 dictator,
1423 2193 1458 2223 nt
1469 2193 1554 2233 apud

854 2243 1025 2270 Homerum
1042 2243 1157 2280 ποιμήν
1170 2240 1273 2270 laam:
1294 2241 1390 2279 atque
1406 2239 1489 2271 idem
1509 2243 1557 2272 est

853 2287 969 2318 Marcio
980 2287 1064 2326 vati,
1085 2287 1117 2318 in
1130 2287 1258 2319 oraculo
1272 2295 1368 2326 supra
1384 2287 1483 2318 citato
1494 2310 1504 2327 ,
1521 2296 1552 2329 p.

855 2336 912 2365 173
929 2343 937 2362 ε
957 2345 972 2360 «
987 2333 1042 2373 qui
1057 2334 1110 2373 jus
1125 2332 1225 2373 plebei
1240 2332 1328 2364 dabit
1350 2341 1524 2371 summum,
1539 2346 1554 2361 ι-

852 2381 884 2412 id
893 2383 953 2421 est,
966 2381 1144 2421 praecipuus
1155 2381 1366 2420 magistratus,
1375 2389 1469 2421 quem
1479 2382 1553 2413 olim

851 2430 1020 2468 praetorem
1037 2428 1196 2458 urbanum
1214 2428 1408 2467 interpretati
1425 2432 1510 2460 sunt.

893 2477 944 2508 39.
963 2475 1034 2506 Erat
1050 2477 1081 2505 ln
1097 2473 1206 2506 codice
1223 2475 1344 2515 ἠματίῳ
1362 2474 1429 2506 sine
1443 2483 1551 2514 sensu,

831 2529 835 2533 ·
850 2523 882 2553 et
900 2523 1012 2553 contra
1025 2521 1204 2553 acrostichii
1219 2521 1317 2561 legem
1333 2531 1341 2552 :
1357 2530 1415 2553 nos
1439 2522 1550 2562 λήματι

849 2568 1064 2608 restituimus,
1081 2577 1154 2600 cum
1168 2568 1293 2603 πίσυνος
1311 2571 1395 2600 recte
1410 2573 1552 2600 constru-

848 2616 989 2654 endum;
1010 2617 1042 2647 et
1062 2614 1108 2646 sic
1132 2614 1214 2655 apud
1242 2615 1440 2655 snschylum,
1464 2619 1547 2650 Pers.

848 2671 879 2694 v.
896 2666 934 2694 55
952 2671 960 2692 z
979 2662 1140 2701 Τοξουλκῷ
1157 2662 1268 2701 λήματι
1292 2662 1430 2697 πιστούς.
1450 2663 1547 2694 Intel-

849 2709 976 2749 ligimus
1003 2713 1108 2740 autem
1149 2708 1256 2739 virum
1296 2708 1391 2739 antini
1433 2709 1547 2741 sinceri

847 2755 1042 2786 conscientia
1073 2754 1202 2792 fretum,
1240 2755 1352 2794 patria}
1371 2756 1545 2794 pra-sertim

849 2801 946 2833 fidum
967 2802 1154 2838 amatorem,
1181 2802 1290 2840 quales
1312 2800 1342 2831 in
1362 2809 1454 2832 versu
1473 2810 1545 2842 pro-

849 2849 936 2879 ximo
955 2848 1076 2879 πὶσυνοι
1112 2845 1207 2877 modo
1242 2846 1397 2879 «licentur.
1429 2848 1546 2879 Deinde

849 2904 905 2935 pro
932 2895 1058 2935 ἄρτεμος
1075 2894 1320 2934 ροεείῑᾶρταμος
1347 2894 1542 2933 reponi;sed

850 2942 950 2974 ionica
965 2941 1093 2973 sortasse
1108 2940 1193 2972 vocis
1209 2941 1318 2973 forma.
