1737 3495
516 329 1090 411 EXCURSUS
1144 328 1234 405 v,
1304 308 1307 311 ’

344 698 426 742 DE
454 696 799 742 SIBYLLINIS
836 696 1036 739 LIBRIS
1068 694 1413 739 HODIERNIS.

195 846 238 884 ln
263 847 433 885 Excursu
453 845 584 896 priore
600 844 649 882 de
667 844 864 894 Sibyllinis
885 843 1120 882 carminibus
1135 843 1226 881 olim
1245 843 1346 894 apud
1373 843 1607 883 Christianos

135 909 299 961 vulgatis
328 910 493 961 egimus,
516 916 555 946 et
575 922 660 960 quae
690 921 845 960 quoque
867 916 1040 959 tempore
1062 907 1110 945 de
1138 908 1184 945 iis
1213 908 1444 946 existimatio
1473 908 1605 956 fucrit,

115 982 446 1028 =utque-'isumma
458 963 705 1011 veneratione
719 973 859 1010 sensim
878 973 914 1010 iu
928 980 1190 1023 contemptum
1213 972 1369 1022 delapsu
1386 972 1474 1017 siut,
1492 985 1606 1023 expo-

138 1038 293 1077 suimus.
313 1038 431 1078 Simul
453 1037 761 1076 enumeravimus
782 1037 1004 1087 desumptos
1024 1049 1071 1074 ex
1098 1036 1143 1074 iis
1168 1036 1386 1087 complures
1406 1048 1538 1073 versus
1561 1036 1606 1074 ab

138 1102 304 1152 antiquis
320 1101 571 1152 scriptoribus
593 1102 800 1152 praesertim
819 1100 1094 1150 ecelesiasticis,
1107 1100 1210 1139 unde
1226 1101 1349 1152 palam
1372 1101 1579 1139 factumest
1597 1114 1604 1139 :

198 1163 236 1203 ιο
257 1165 530 1215 Sibyllinorum
545 1165 635 1203 olim
656 1165 758 1217 apud
772 1164 1009 1204 Christianos
1025 1165 1248 1202 usitatorum
1267 1165 1480 1215 proximam
1499 1164 1608 1203 fuisse

138 1242 224 1267 cum
251 1229 390 1268 nostris
409 1229 698 1279 ‹·ognationem;

191 1293 236 1330 2⁰
257 1294 380 1332 Pauca
400 1294 507 1332 exiis
527 1303 592 1331 aut
611 1307 703 1332 sane
717 1307 793 1332 non
816 1294 866 1332 ita
882 1294 997 1331 multa
1015 1292 1276 1336 intercidisse.
1293 1305 1412 1344 (pium
1432 1292 1496 1330 vix
1513 1291 1607 1329 ullus

135 1357 344 1407 Sibyllinus
364 1371 494 1396 versus
514 1358 563 1396 ab
583 1359 712 1409 aliquo
733 1360 847 1398 Patre
866 1359 1004 1396 citatus
1023 1357 1237 1409 reperiatur
1255 1357 1319 1408 qui
1338 1370 1414 1393 uon
1440 1357 1478 1394 iu
1503 1355 1607 1394 libris

138 1422 253 1460 hodie
269 1422 536 1474 superstitibus
557 1431 696 1467 exstem

190 1487 235 1523 3⁰
259 1487 395 1525 l‘arum
424 1487 656 1525 immutatam
685 1487 799 1525 fuisse
821 1487 1004 1539 temporis
1026 1474 1189 1525 decursu
1214 1486 1376 1535 priscam
1399 1485 1438 1523 in
1459 1484 1504 1522 iis
1524 1498 1607 1523 car-

138 1550 304 1589 minibus
324 1551 523 1589 lectionem
537 1579 546 1596 ‚
566 1564 684 1602 quum
712 1551 941 1602 plerumque
955 1551 1184 1601 abantiquis
1209 1550 1367 1588 Parrum
1390 1549 1607 1587 testimoniis

139 1614 324 1652 hodierna
360 1615 494 1661 lectio,
514 1615 722 1666 praesertim
741 1616 768 1651 si
787 1615 833 1652 ad
853 1616 1085 1666 optimorum
1109 1614 1384 1665 exemplarium
1409 1612 1521 1651 fidem
1550 1627 1610 1651 ac-

137 1678 304 1716 curatius
327 1679 518 1730 exigatur,
540 1691 616 1716 non
639 1679 724 1729 plus
747 1679 900 1717 disserat
920 1692 1034 1730 quam
1055 1692 1127 1730 pro
1158 1678 1287 1716 talium
1311 1679 1607 1728 fragmentorum

136 1742 369 1789 conditione,
390 1756 474 1794 quae
493 1742 550 1782 vel
580 1756 627 1781 ex
655 1742 781 1781 obviis
801 1742 1034 1794 apographis
1056 1743 1112 1781 vel
1135 1743 1354 1780 memoriter
1372 1742 1511 1793 saepius
1529 1741 1606 1779 lau·

137 1805 339 1845 dabantur.

189 1869 264 1908 Sed
295 1883 371 1908 non
398 1870 488 1908 inde
521 1871 694 1921 sequitur
721 1869 910 1908 librorum
941 1869 1217 1921 Sibyllinorum
1248 1868 1424 1907 eumdem
1464 1881 1609 1919 semper

138 1933 251 1971 fuisse
272 1946 472 1972 numerum
493 1943 558 1972 aut
575 1933 747 1972 ordinem
769 1934 834 1984 qui
853 1933 891 1971 in
913 1933 1111 1971 hodiernis
1134 1932 1241 1971 libris
1266 1932 1442 1970 habetur.
1465 1932 1543 1969 lmo
1563 1931 1607 1968 de

139 2011 297 2034 numero
318 1997 512 2036 fatendum
530 1999 694 2037 estnihil
716 1999 912 2036 delinitum
936 1998 1094 2049 reperiri
1118 1997 1220 2048 apud
1247 1997 1425 2048 antiquos
1441 2004 1609 2034 auctores

138 2071 227 2100 ante
245 2061 417 2110 Suidam,
435 2063 496 2100 vix
517 2063 684 2114 antiquis
703 2062 996 2108 accensi-ndum,
1013 2061 1121 2112 cujus
1143 2062 1260 2112 ipsius
1276 2060 1546 2106 testimouium,
1567 2058 1610 2096 li-

138 2126 226 2164 bros
245 2127 365 2166 XXIV
381 2129 637 2178 agnoscentis,
657 2142 693 2168 v.
719 2127 800 2168 Σίὸ.
816 2127 1000 2173 Χαλδαία,
1021 2127 1078 2165 vel
1106 2126 1264 2164 iulidum
1287 2125 1439 2164 videtur
1469 2124 1526 2161 vel
1547 2123 1609 2162 de-

137 2199 336 2241 pravatum
358 2204 366 2227 :
388 2191 521 2229 confer
538 2191 651 2240 infra,
671 2204 756 2242 cap.
779 2192 841 2229 ιδ.
862 2191 918 2228 De
939 2190 1074 2227 ordine
1100 2191 1221 2227 multo
1241 2190 1355 2228 etiam
1383 2189 1508 2226 minus
1528 2188 1610 2225 lieet

137 2255 332 2293 hodiernis
357 2254 640 2305 exemplaribus
668 2254 931 2304 acquiescere,
956 2254 1137 2305 quoniam
1173 2253 1361 2292 Lactantii
1385 2251 1609 2290 auctoritate:

135 2327 304 2365 constat,
337 2319 549 2370 permixtos
571 2317 654 2369 ejus
678 2327 852 2369 tempore
868 2317 987 2355 libros
1012 2317 1097 2355 sine
1117 2316 1338 2354 discrimine
1360 2316 1479 2354 lectos
1501 2315 1609 2352 fuisse

139 2383 285 2431 (confer
311 2383 402 2422 Exc.
424 2383 486 2428 ΙΨ,
507 2396 592 2433 pag.
613 2396 704 2429 ατο,
724 2391 761 2420 et
791 2383 902 2427 inl'ra,
924 2395 1009 2432 eap.
1037 2381 1123 2430 16);
1149 2389 1261 2430 atque
1291 2381 1371 2431 ipse
1401 2391 1609 2430 anonymus

140 2457 271 2485 auctor
298 2448 534 2498 praefutionis
560 2461 690 2499 groeeae
709 2460 795 2498 quae
815 2447 930 2485 hodie
958 2446 1156 2496 Sibyllinis
1178 2445 1330 2496 praelixa
1357 2445 1511 2496 legitur,
1534 2457 1552 2481 a
1573 2456 1609 2480 se

141 2512 264 2562 primo
291 2521 450 2550 testatur
479 2513 515 2550 in
537 2512 710 2550 ordinem
737 2526 780 2550 ac
804 2513 938 2551 seriem
965 2512 1138 2549 redactos
1160 2524 1241 2549 esse
1271 2524 1337 2548 cos
1362 2510 1482 2548 libros
1505 2518 1609 2548 antea

138 2589 289 2627 sparsos
307 2585 342 2613 et
362 2577 564 2622 confusos,
583 2577 762 2630 σποράδην
785 2577 1048 2628 εὑρισκομένους
1069 2575 1128 2613 καὶ
1158 2574 1435 2627 συγκεχυμένους
1446 2602 1559 2613 .....
1569 2573 1610 2613 εἷς

142 2642 226 2691 μίαν
245 2640 430 2693 συνέφειαν
458 2640 516 2678 καὶ
536 2640 705 2694 ἁρμονίαν
729 2641 890 2679 ἐκθέσθαι
907 2644 966 2679 τοῦ
986 2640 1111 2690 λόγου,
1133 2640 1246 2679 Praef.
1272 2641 1293 2689 §
1319 2653 1352 2678 1.
1372 2639 1511 2678 Confer
1532 2650 1610 2689 quae

146 2705 195 2743 de
215 2703 272 2742 his
291 2703 472 2741 omuibus
492 2703 795 2755 disputabuntur
814 2705 930 2754 infru,
952 2718 1036 2755 cap.
1061 2706 1117 2742 16.

196 2770 307 2808 Patet
335 2768 451 2820 igitur
480 2768 519 2806 in
553 2767 609 2806 his
629 2768 735 2807 libris
761 2768 1000 2807 recensendis
1026 2768 1132 2806 nullo
1161 2781 1229 2805 nos
1261 2767 1418 2817 astringi
1451 2764 1610 2807 vinculo,

146 2833 352 2885 quominus
381 2831 624 2883 posthabito,
643 2845 755 2883 quem
777 2832 879 2870 hunc
899 2831 1102 2878 habemus,
1133 2832 1282 2878 ordino,
1305 2845 1390 2869 eum
1413 2840 1610 2881 sequamur
