1752 3495
80 168 174 214 232
460 164 541 209 AD
573 162 920 209 SIBYLLINOS
954 161 1162 206 LlBROS

76 263 213 303 nenda.
231 263 419 302 Praeterea
435 260 501 299 vix
522 259 687 299 dubitari
707 266 833 312 potest
860 258 1059 309 magistros
1080 257 1246 308 collegii,
1266 271 1383 309 quum
1399 261 1446 300 ad
1470 276 1532 302 se·

76 335 209 366 natum
241 335 307 365 aut
328 324 570 376 magistratus
595 336 821 375 responsum
841 323 1048 369 afferrent,
1068 320 1320 372 jurejurando
1350 325 1533 367 affirmare

77 391 270 438 debuisse,
288 402 376 428 vere
395 389 489 427 illud
514 401 593 428 esse
619 388 848 439 sibyllinum
868 386 1041 431 effatum,
1061 394 1099 424 et
1118 384 1297 436 quoniam
1316 399 1390 425 non
1410 402 1535 430 sensus

78 465 249 505 tantum,
269 454 336 493 sed
356 454 427 506 ipsi
448 466 577 492 versus
596 452 856 491 asserebantur
872 453 1006 503 (supra
1033 463 1119 502 cap.
1142 449 1217 500 ¹4),
1247 463 1358 488 veros
1377 451 1462 492 illos
1480 456 1536 494 Si-

77 519 240 571 byllinos
268 531 348 557 esse
379 531 525 557 versus.
555 518 676 556 Porro
706 515 984 566 interpretibus
1016 515 1151 552 modus
1181 513 1432 554 inueniendus
1459 529 1538 558 erat

79 596 158 635 quo
179 582 290 621 simul
306 581 444 633 juratae
463 581 562 628 fidei,
590 580 701 618 simul
720 592 846 618 rerum
865 578 1077 617 necessitati
1097 585 1301 628 parerent:
1329 591 1404 628 quo
1430 581 1535 621 simul

80 655 119 685 et
133 645 347 697 Sibyllinos
371 653 409 683 et
427 657 514 682 suos
533 656 681 691 versus,
711 653 888 694 tanquam
911 656 1007 680 unos
1034 651 1145 692 atque
1165 641 1318 680 eosdem
1339 643 1535 694 afferrent,

81 710 336 761 ambiguaque
371 709 498 759 aliqua
526 708 752 746 sacramenti
788 708 953 746 formula
980 706 1093 744 simul
1122 718 1233 744 aures
1264 705 1457 757 fallerent,
1488 711 1536 747 si-

82 776 160 813 mul
187 773 398 825 perjurium
422 773 596 812 vitarent.
625 773 719 810 Eum
737 785 807 809 nos
827 771 942 809 fnisse
958 779 1138 822 putamus
1163 769 1475 810 acrosticliiorum
1501 775 1534 811 in

81 839 278 889 Sibyllinis
298 850 421 876 usum.

134 900 257 941 Loc'us
275 910 332 940 est
350 901 387 939 in
406 914 487 938 eam
505 913 583 939 rem
599 900 806 947 Ciceronis,
827 900 875 938 de
891 900 1020 938 Divin.
1038 899 1084 945 11,
1100 902 1119 946 S
1138 898 1201 945 54,
1220 898 1451 948 notissimus,
1468 900 1537 939 huc

82 975 206 1004 tamen
222 965 314 1017 ipsis
333 964 459 1003 verbis
479 964 714 1012 referendus,
742 964 782 1002 in
799 977 877 1015 quo
907 963 954 1001 de
970 963 1157 1014 Sibyllino
1177 963 1345 1001 carmine
1373 964 1422 1001 ita
1447 967 1535 1004 scri·

81 1036 191 1081 ptum
208 1039 265 1068 est
284 1045 292 1068 :
311 1048 326 1064 «ι
345 1030 429 1069 Non
449 1042 528 1068 esse
557 1038 679 1068 autem
696 1029 789 1067 illud
811 1029 972 1067 furentis
988 1041 1104 1079 quum
1123 1028 1247 1079 ipsum
1269 1040 1404 1078 poema
1423 1028 1538 1068 decla-

83 1114 98 1129 «
120 1105 175 1134 rat
197 1098 268 1146 (est
287 1095 386 1133 enim
409 1094 528 1145 magis
552 1094 643 1132 artis
664 1103 701 1132 et
719 1093 922 1145 diligentiae
939 1106 1053 1144 quam
1072 1093 1305 1130 incitationis
1320 1102 1358 1130 et
1377 1093 1538 1144 suroris),

82 1178 99 1194 ι
117 1169 195 1198 tum
214 1173 304 1198 vero
320 1172 363 1197 ea
378 1172 461 1210 quoe
482 1158 680 1210 ἀκροστιχὶς
698 1158 980 1208 dicitur,quum
1002 1158 1182 1209 deinceps
1202 1171 1249 1196 ex
1268 1158 1401 1208 primis
1419 1173 1539 1198 versus

83 1225 236 1263 «literis
269 1223 413 1274 aliquid
443 1223 706 1272 connectitur,
742 1223 839 1261 utin
867 1221 1098 1273 quibusdam
1129 1222 1355 1261 Ennianis...
1376 1224 1485 1274 Atqui
1504 1226 1538 1263 in

84 1306 100 1322 ι
116 1287 312 1338 Sibyllinis
323 1301 369 1325 ex
384 1287 506 1338 primo
523 1300 634 1325 versu
649 1287 833 1338 cujusque
849 1287 1057 1335 sententiae,
1071 1286 1205 1337 primis
1219 1286 1339 1324 literis
1353 1286 1451 1325 illius
1467 1301 1541 1327 sen-

83 1368 98 1384 e«
117 1350 244 1388 tentiae
261 1363 413 1388 carmen
431 1363 543 1388 omne
564 1351 803 1401 praetexitur.
825 1368 841 1383 ι·
864 1351 912 1389 Et
935 1350 1005 1387 tale
1027 1348 1172 1400 aliquid
1203 1363 1224 1387 a
1244 1351 1415 1388 Varrone
1435 1352 1538 1390 tradi-

84 1424 163 1453 tum
191 1414 304 1453 fuisse
318 1445 328 1461 ,
351 1413 451 1452 unde
476 1415 634 1452 fortasse
653 1414 699 1452 ad
720 1413 944 1452 Ciceronem
962 1414 1163 1460 transierit,
1183 1414 1273 1451 satis
1289 1422 1392 1464 patet
1413 1428 1457 1452 ex
1477 1416 1540 1453 Ha-

81 1478 296 1516 licarnassei
322 1478 497 1528 Dionysii
523 1478 608 1516 loco
640 1491 757 1529 supra
785 1491 884 1529 saepe
908 1477 1063 1516 laudato
1081 1505 1092 1527 ‚
1124 1477 1191 1515 lib.
1228 1478 1290 1523 lv,
1322 1479 1344 1528 §
1376 1478 1446 1525 62,
1481 1479 1538 1518 nbi

83 1543 290 1580 Varronem
309 1543 428 1580 citans
456 1551 652 1581 auctorem
681 1543 754 1588 ait,
780 1542 975 1593 Sibyllinis
1004 1541 1196 1581 vaticiniis
1217 1542 1443 1593 interpolata
1469 1557 1541 1582 esse

86 1606 213 1658 spuria
228 1605 413 1656 quaedam,
430 1619 514 1657 quae
535 1605 872 1657 deprehendantur
890 1614 928 1644 et
944 1605 1194 1644 revincantur
1208 1605 1424 1643 acrosticliii
1446 1606 1542 1656 lege:

85 1670 149 1710 Ἐν
167 1663 217 1714 οἷς
233 1659 446 1723 εὗρίσκονταί
461 1685 547 1714 τινες
561 1668 833 1722 ἐμπεποιημένοι
849 1670 1036 1723 [χρησμοὶ]
1053 1675 1123 1714 τοῖς
1142 1668 1372 1718 ΣιΕῗυλλείοις,
1387 1669 1541 1722 ἐλέγχον-

84 1738 198 1778 earet
226 1744 299 1781 ταῖς
328 1737 555 1789 καλουμέναις
581 1738 814 1791 ἀκροστιχίσι.
837 1740 923 1787 Quo
947 1746 1195 1789 respexerunt
1215 1747 1252 1776 et
1278 1738 1470 1776 christiani
1489 1739 1542 1777 Si-

87 1803 247 1854 byllistae
257 1804 323 1855 qui
335 1803 382 1841 ad
396 1804 558 1854 speciem
576 1803 714 1841 veteris
728 1804 906 1841 carminis
917 1804 1079 1854 propius
1090 1802 1270 1841 accedere
1281 1802 1352 1840 sibi
1366 1804 1433 1841 visi
1446 1811 1540 1850 sunt,

89 1867 123 1905 si
137 1860 507 1918 pseudo-Sibyllinis
523 1867 888 1911 suisacrosticliium
909 1867 1004 1905 illud
1022 1866 1257 1912 inser-cirent,
1272 1879 1290 1903 a
1306 1866 1543 1904 Constantino

49 1943 67 1971 t
89 1934 193 1986 apud
210 1933 417 1973 Eusebium
434 1934 472 1972 in
491 1933 664 1972 oratione
680 1934 726 1971 ad
744 1934 913 1978 Sanctos,
930 1942 968 1972 et
981 1934 1213 1988 Augustino,
1230 1933 1277 1971 de
1291 1932 1451 1971 Civitate
1465 1930 1541 1976 Dei,

92 1999 282 2050 prolatum
300 2030 308 2046 ,
330 1998 439 2049 cujus
458 2011 605 2037 summa
636 2006 722 2036 est:
756 1998 947 2037 ΙΗΣΟΥΣ
975 1994 1232 2038 ΧΡΕΙΣἸῸΣ
1265 1996 1400 2036 ΘΕΟΥ
1436 1994 1543 2034 ΥΙΟΣ

92 2064 266 2103 ΣΩΤΗΡ
294 2064 539 2102 ΣΤΑΥΡΟΣ.
563 2063 705 2102 Confer
728 2063 854 2113 ipsum
873 2063 1000 2100 locum
1023 2063 1060 2100 in
1082 2061 1278 2112 Sibyllinis
1298 2060 1458 2107 nostris,
1482 2058 1542 2098 lib.

92 2127 194 2176 vul,
211 2141 246 2164 v.
268 2140 356 2176 217,
377 2140 458 2178 sqq.
475 2136 513 2165 et
528 2140 613 2177 qnae
629 2135 716 2165 sunt
730 2126 784 2165 ibi
801 2134 995 2165 annotata.
1012 2127 1093 2165 Imo
1109 2126 1212 2164 credi
1231 2126 1353 2164 voluit
1368 2125 1545 2163 Constan-

93 2192 195 2230 tinus
210 2192 450 2243 desumptum
469 2190 562 2229 illud
577 2204 656 2229 esse
671 2205 716 2229 ex
729 2191 820 2242 ipsis
833 2191 1092 2229 Romanorum
1109 2190 1288 2228 fatalibus
1305 2189 1410 2227 libris
1423 2201 1432 2238 3
1443 2186 1547 2225 audet

93 2256 192 2293 enim
214 2255 352 2294 addere
378 2256 490 2294 fuisse
508 2255 598 2294 olim
615 2256 729 2293 latine
747 2269 899 2293 versum
915 2268 935 2293 a
955 2255 1152 2302 Cicerone,
1172 2255 1289 2305 id'que
1306 2254 1405 2304 apud
1426 2263 1547 2290 omnes

94 2328 295 2358 constare:
321 2318 563 2371 Ὡμολόγηται
593 2317 659 2371 γὰρ
690 2320 870 2372 Κικέρωνα
898 2318 1151 2371 ἐντετυχηκότα
1180 2320 1230 2372 τῷ
1258 2316 1427 2366 ποιήματι
1454 2329 1548 2366 μετε-

94 2389 224 2435 νεγκεῖν
245 2399 282 2422 τε
301 2383 384 2422 αὐτὸ
400 2385 446 2426 εἷς
460 2382 523 2430 τὴν
542 2382 729 2434 Ῥωμαίων
749 2383 942 2431 διάλεκτον,
961 2382 1020 2421 καὶ
1040 2381 1203 2427 συντάξαι
1232 2382 1315 2420 αὐτὸ
1338 2387 1407 2423 τοῖς
1436 2381 1547 2417 ἑαυτοῦ

96 2447 327 2498 συντάγμασι.
347 2447 461 2494 Quod
479 2457 610 2498 aperte
627 2448 760 2485 falsum
780 2457 856 2495 est,
886 2456 928 2485 ut
947 2461 994 2485 ex
1022 2448 1107 2499 ipso
1127 2447 1320 2486 Ciceronis
1338 2446 1421 2484 loco
1442 2456 1548 2494 supra

98 2513 211 2550 citato
233 2521 349 2563 patet.
369 2512 444 2552 Sed
459 2512 569 2550 simul
595 2521 696 2562 patet
720 2511 824 2562 quod
852 2525 966 2550 unuin
984 2511 1185 2550 ostendere
1211 2511 1416 2555 voluimus,
1442 2507 1550 2545 diffu-

99 2589 177 2614 sam
194 2577 281 2614 olim
307 2576 420 2614 fuisse
449 2589 495 2614 ex
507 2575 692 2614 Varronis
714 2583 752 2613 et
774 2575 969 2614 Ciceronis
989 2575 1064 2612 lide
1093 2574 1338 2625 opinionem,
1358 2570 1551 2620 Sibyllinos

97 2639 216 2678 libros
239 2648 339 2678 totos
366 2641 406 2678 in
424 2640 652 2678 acrostichia
676 2640 792 2678 fuisse
808 2639 963 2686 divisos,
984 2639 1021 2677 id
1049 2647 1121 2687 est,
1143 2639 1181 2676 in
1201 2637 1354 2676 lacinias
1379 2632 1551 2689 quasdam

97 2704 272 2743 versibus
301 2713 514 2743 constantes
539 2705 592 2742 ita
621 2704 844 2755 compositis
878 2713 920 2742 ut
955 2717 1000 2742 ex
1021 2716 1156 2741 eorum
1184 2699 1416 2753 primoribus
1445 2695 1552 2734 literis

97 2782 230 2807 sensus
248 2770 383 2820 aliquis
402 2770 630 2807 efficeretur.
651 2768 726 2806 Sed
744 2769 792 2807 de
821 2768 927 2806 libris
948 2766 1218 2818 'l'arquinianis
1237 2765 1331 2802 nihil
1358 2763 1428 2800 tale
1457 2757 1552 2798 credi

101 2840 240 2885 potest,
258 2833 435 2882 quoniam
459 2832 497 2870 in
525 2831 731 2882 Erythraeis
762 2833 984 2871 Graecorum
1004 2831 1168 2869 oraculis
1188 2829 1233 2868 ad
1253 2840 1417 2879 quorum
1440 2835 1552 2863 exem·
