1752 3495
649 193 949 239 EXCURSUS
983 195 1018 237 Ι.
1037 201 1040 206 “
1506 199 1565 245 27

104 335 109 340 .
160 306 247 341 Haec
259 313 379 353 pauca
396 299 444 337 de
463 294 576 346 hujus
587 292 739 344 Sibyllae
757 291 872 330 rebus
891 294 1005 342 gestis
1021 293 1290 342 comperimus.
1307 296 1400 334 Nam
1418 307 1502 346 quae
1522 294 1571 334 de

110 367 192 419 ejus
213 379 297 404 cum
319 362 494 416 Apolline
519 357 717 398 amoribus
737 365 776 395 et
797 355 1053 395 simultatibus
1075 356 1219 408 requiri
1238 357 1396 397 fortasse
1416 367 1573 411 possent

76 464 80 470 .
109 432 158 470 ab
191 430 320 480 aliquo
350 428 514 471 lectore,
551 422 686 460 melius
710 421 784 459 alio
812 420 1001 458 videntur
1019 420 1132 470 quam
1158 419 1206 457 ad
1240 420 1338 459 llanc
1370 423 1572 473 pertinere.

110 496 335 545 Quanquam
352 503 430 529 non
445 499 628 538 negamus
646 485 812 537 primum
836 484 944 522 istius
965 484 1102 522 fabulae
1129 484 1384 523 rudimentum
1408 501 1455 525 ex
1482 488 1577 539 Ery·

112 558 218 596 thraei
240 554 414 595 carminis
437 550 598 590 exordio
624 549 770 588 desumi
800 548 992 600 potuisse,
1015 548 1054 585 in
1081 547 1184 598 quod
1215 547 1355 599 Sibylla
1384 550 1578 589 inducitur

111 633 335 660 succensens
355 615 544 668 Apollini,
565 627 641 651 non
674 613 802 651 addita
833 625 968 659 causa,
988 611 1153 662 ideoque
1178 611 1406 662 conjecturis
1437 615 1575 654 relicta.

114 687 278 725 Maxime
298 691 422 721 tamen
444 687 763 725 consentaneum,
783 676 1042 715 succensuisse
1060 676 1178 724 illam,
1194 676 1298 728 quod
1319 690 1339 715 a
1362 677 1469 717 ,lovis
1489 692 1580 717 con-

115 751 208 788 siliis
241 749 408 785 humano
439 743 568 795 generi
600 741 814 780 revelandis
833 740 1123 792 prohiberetur.
1149 741 1261 787 Quod
1288 741 1385 778 enim
1416 742 1580 793 primum

113 817 208 853 irata
225 813 336 860 facit,
361 809 400 848 id
421 808 574 847 videtur
594 807 666 846 sibi
686 814 865 858 negatum
888 806 1131 857 impatienter
1149 805 1278 843 tulisse
1296 820 1304 843 :

348 872 479 917 ’Ἦλθον
499 876 568 929 ἐγὼ
589 876 768 930 χρήσουσα
789 874 868 919 Διὸς
886 874 962 913 νόον
983 873 1152 926 αἰγιόχοιο
1169 905 1178 922 ,

350 941 643 995 Αὖτοκασιγνήτῳ
659 939 884 993 κεχολωμένη
902 939 1109 979 Ἀπόλλωνι.

115 1019 191 1058 Nec
219 1016 330 1054 aliam
350 1013 400 1052 ob
428 1027 580 1052 eausam
601 1013 745 1051 invidia
770 1019 894 1049 motus
917 1011 1055 1062 Apollo
1080 1024 1149 1049 sua
1176 1010 1213 1048 in
1234 1011 1335 1050 illam
1359 1011 1429 1050 tela
1453 1011 1585 1064 conje-

115 1091 247 1120 cturus
266 1078 337 1119 sub
355 1078 535 1116 carminis
553 1078 665 1115 finem
686 1075 907 1128 praedicitur
926 1089 936 1112 :

351 1149 424 1188 Καὶ
441 1147 518 1186 τότε
537 1163 596 1198 μοι
615 1146 780 1201 φθονέσας
796 1148 932 1193 Λητοῦς
949 1144 1120 1198 ἐρικυδέος
1137 1145 1208 1188 υἱὸς

349 1211 619 1260 Μαντοσῦνης...

115 1284 216 1323 Nihil
232 1283 294 1321 hic
316 1282 364 1320 de
385 1280 578 1319 amoribus
590 1310 603 1330 ‚
622 1289 660 1318 et
679 1280 759 1331 ipsa
777 1292 853 1317 vox
872 1277 1154 1332 αὐτοκασιγνήτῳ
1172 1278 1279 1318 valde
1295 1288 1494 1332 repugnat.
1512 1281 1587 1320 Sed

116 1357 239 1400 poetae
260 1346 490 1385 recentiores
508 1353 560 1392 et,
581 1354 622 1383 ut
642 1346 857 1396 opinamur,
872 1344 998 1382 Latini
1015 1344 1251 1395 potissimum
1264 1373 1274 1392 ,
1293 1345 1420 1383 omnia
1434 1359 1589 1396 perver-

118 1420 258 1463 terunt,
274 1404 339 1462 qui
360 1418 489 1448 notam
506 1408 726 1448 Cassandrae
747 1408 964 1456 historiam,
985 1408 1180 1447 divinandi
1202 1419 1323 1448 artem
1346 1409 1394 1448 ab
1414 1410 1590 1462 Apolline

117 1476 260 1515 amasio
292 1474 518 1514 sussurantis
550 1474 758 1525 (AEscl1y1.,
786 1476 940 1524 Agam.,
970 1486 1007 1514 v.
1045 1474 1156 1522 1213,
1185 1487 1291 1525 sqq.;
1320 1474 1512 1527 Lycophr.
1531 1476 1586 1525 V,

117 1556 153 1582 v.
189 1543 278 1589 348,
311 1555 393 1592 sqq.
423 1550 460 1579 et
490 1540 609 1588 1454,
636 1539 753 1592 sqq.),
776 1539 815 1578 in
839 1538 1023 1590 Sibyllam
1047 1540 1323 1578 transtulerunt
1356 1554 1458 1580 nunc
1488 1541 1589 1593 Ery-

119 1607 297 1658 tliraeam,
317 1620 419 1644 nunc
447 1609 676 1651 Cumanam,
696 1618 768 1655 pro
797 1604 984 1655 cujusque
1002 1604 1201 1655 scriptoris
1220 1603 1396 1643 arbitrio.
1423 1607 1479 1644 De
1497 1606 1591 1644 Cas-

118 1671 257 1710 sandra
277 1671 369 1709 alias
389 1684 474 1709 cum
490 1670 635 1720 Sibylla
652 1669 829 1715 confusa,
857 1669 1001 1719 aliquid
1022 1683 1091 1706 nos
1113 1669 1227 1719 infra,
1251 1669 1322 1708 sub
1340 1671 1505 1721 proximi
1526 1684 1589 1708 ca-

119 1737 206 1787 pitis
230 1736 340 1773 linem
355 1763 365 1781 ,
393 1748 513 1785 quum
539 1735 586 1772 ad
621 1742 787 1772 veterem
809 1732 1017 1784 'frojanam
1038 1742 1192 1771 ventum
1214 1734 1309 1782 erit3
1334 1734 1381 1773 de
1402 1735 1589 1787 Apollinis

120 1809 246 1839 autem
269 1799 458 1837 frustratis
479 1798 676 1837 amoribus
693 1799 803 1849 plura
817 1798 987 1836 dicemus
1003 1797 1052 1836 ad
1073 1800 1293 1837 Cumanam.

174 1866 315 1903 Contra
334 1864 542 1902 diutissime
569 1877 689 1901 aevum
715 1863 943 1914 produxisse
963 1862 1223 1913 Erythraeam,
1250 1863 1381 1914 opinio
1403 1863 1475 1901 fuit
1497 1863 1592 1902 anti-

120 1929 247 1981 quitus
267 1928 314 1966 ab
334 1928 513 1966 omnibus
533 1937 685 1979 recepta
699 1957 710 1976 ‚
732 1941 800 1966 nec
830 1928 910 1965 sine
938 1927 1103 1977 quadam
1128 1927 1255 1978 specie
1282 1934 1387 1978 quod
1408 1941 1452 1966 ea
1471 1941 1549 1966 non
1572 1941 1593 1966 e

121 2003 243 2046 poetae
266 1993 433 2032 ludentis
464 1992 617 2044 ingenio
646 2001 804 2043 repente
834 1992 1041 2042 prodiisse,
1071 1991 1135 2028 sed
1163 1991 1282 2041 ipsius
1305 1991 1460 2042 Sibyllae
1488 1992 1595 2031 testi-

125 2058 252 2096 monio
278 2058 348 2095 niti
371 2056 582 2096 videretur.
609 2056 761 2106 Quippe
787 2055 825 2092 in
846 2055 1034 2106 Erytliraei
1054 2055 1231 2093 carminis
1260 2055 1411 2107 epilogo
1443 2056 1525 2107 ipsa
1556 2070 1596 2095 se

125 2121 379 2172 profitebatur
396 2134 530 2159 novem
548 2120 811 2171 generationes
832 2119 1029 2157 hominum
1049 2119 1109 2156 vel
1131 2119 1348 2170 implevisse
1379 2121 1437 2158 vel
1463 2121 1597 2173 imple·

128 2195 252 2224 turam
276 2199 357 2224 csse
385 2199 392 2222 :

310 2254 436 2293 Ἐννέα
457 2252 519 2306 μὲν
539 2259 670 2305 γενεαῖς
688 2251 840 2305 χαλεπὸν
857 2251 948 2291 κατὰ
965 2255 1074 2305 γῆρας
1093 2251 1236 2305 ἔχουσα.

125 2325 217 2370 Quae
233 2337 422 2361 annorum
442 2322 662 2373 supputatio
687 2334 933 2372 quocumque
955 2321 1107 2359 demum
1128 2321 1242 2359 modo
1267 2322 1342 2369 ssat,
1359 2323 1598 2362 manifestum

128 2395 181 2424 cst
200 2387 428 2438 singularem
451 2386 657 2437 quamdam
678 2387 765 2423 vitae
796 2398 1009 2423 mensuram
1034 2384 1248 2436 designari,
1267 2399 1352 2437 quae
1380 2400 1600 2427 communes

127 2451 325 2488 hominum
339 2460 466 2489 aetates
485 2451 545 2488 vel
569 2463 705 2488 novem
725 2449 894 2487 cumulet
914 2450 972 2487 vel
989 2449 1186 2487 minimum
1205 2458 1294 2488 tres.
1315 2451 1436 2499 Unde,
1455 2453 1515 2490 vel
1535 2453 1603 2491 de-

129 2516 241 2553 ducta
264 2516 422 2567 poeticae
443 2515 750 2567 amplificationis
770 2523 892 2566 parte,
908 2515 1164 2565 longissimam
1185 2525 1415 2555 senectutem
1439 2517 1602 2570 intelligi

129 2593 281 2618 necesse
304 2590 375 2620 est.
405 2580 478 2619 Sed
513 2580 625 2618 aliam
655 2580 756 2617 illam
782 2579 947 2617 fabulam
973 2580 1020 2617 de
1045 2593 1210 2630 corpore
1227 2572 1287 2618 'ita
1315 2581 1468 2619 demum
1493 2583 1604 2622 annis

130 2646 304 2682 consecto
324 2655 365 2683 ut
386 2645 423 2682 in
446 2658 587 2683 merim
609 2658 738 2682 vocem
760 2644 901 2689 abii-,et
929 2657 1014 2694 qu‘e
1039 2644 1086 2682 de
1106 2644 1275 2682 Cumana
1312 2645 1426 2697 vulgo
1456 2646 1603 2696 fertur,

133 2724 319 2762 nusquim
352 2712 400 2749 ‹lc
424 2711 600 2762 Erythra
604 2726 624 2748 a
646 2711 875 2762 reperimus,
905 2712 1136 2749 contraiiam
1157 2711 1298 2762 quippe
1319 2713 1494 2751 carminis
1521 2713 1606 2765 epi-

135 2775 195 2810 lorr
175 2789 236 2826 g,o
256 2777 294 2812 in
315 2790 391 2827 quo
412 2777 512 2813 canit
532 2790 570 2813 se
588 2776 775 2827 &pollinis
799 2776 943 2827 sagittis
964 2776 1210 2814 confossum
1204 2776 1262 2815 ui.

175 2805 294 2883 DQuod
315 2842 344 2878 si
365 2855 496 2878 omms
515 2840 562 2878 de
583 2841 613 2879 1⁴:
617 2840 777 2890 rythizea
801 2840 1025 2878 traditiones
1046 2854 1092 2878 cx
1117 2840 1180 2877 illo
1201 2841 1368 2879 carmine
1396 2842 1600 2890 fluxissent,

263 2913 346 2955 111
1350 2910 1351 2913 ¹
1419 2931 1442 2957 2
