1752 3495
144 185 239 234 272
339 170 341 173 ’
532 187 612 230 ΑΙ)
647 186 986 231 SissYLLmos
1021 185 1234 230 manos

142 300 159 318 ιι
175 295 220 322 ac
232 295 341 322 suum
355 281 493 333 cuique
509 280 693 331 assignari
709 288 848 332 potest,
861 279 935 318 nisi
954 279 1175 330 Erythraeae,
1190 292 1277 330 qnae
1292 287 1329 318 ct
1343 292 1482 317 nomen
1497 288 1603 322 snum'

140 363 156 381 ι
173 359 305 386 verum
324 341 483 385 carmini
498 344 682 392 inseruit,
702 353 740 382 ct
756 343 995 394 Erythraeam
1015 356 1056 382 se
1074 342 1313 381 nominatum
1330 343 1377 381 iri
1398 344 1601 394 praelocnta'

141 428 158 445 α
175 418 251 458 est,
264 423 351 448 cnm
364 417 461 448 esset
476 416 563 447 orta
577 408 797 459 Babylone:
817 406 884 445 sed
900 415 939 445 et
958 420 1026 444 nos
1046 406 1204 445 confuse
1219 406 1403 458 Sibyllam
1420 407 1601 457 dicemus,

141 473 292 513 «sicubi
308 472 531 512 testimoniis
551 485 680 511 earum
705 471 819 509 suerit
835 470 1084 511 abutendum.
1097 489 1114 505 ι»
1134 471 1278 510 Eadem
1304 472 1384 510 sere
1406 471 1541 519 tradit,
1559 474 1605 513 de'

141 539 202 578 ira
216 537 310 588 Dei,
324 550 406 589 cap.
429 549 476 574 22
491 551 501 574 ε
514 535 702 587 «Sibyllas
720 534 876 586 plui-imi
894 542 931 573 et
953 534 1108 572 maximi
1126 543 1302 572 auctores
1319 535 1599 579 tradiderunt...

140 622 156 639 «ι
171 603 218 643 lli
237 615 367 641 omnes
386 601 617 653 praecipuam
646 608 683 638 et
703 598 872 638 nobilem
897 608 1040 651 praeter
1067 608 1209 641 ceteras
1230 600 1471 651 Erythraeam
1494 601 1601 642 fuisse

138 685 154 703 ι
171 675 470 707 commemorant
479 692 594 705 .....
603 663 809 704 Fenestella
825 676 920 702 vcro
933 662 1048 701 ctiam
1065 663 1209 714 legatos
1229 664 1416 715 Erythras
1435 678 1453 702 a
1476 675 1600 706 senatu
1658 669 1662 675 '

140 749 156 766 ι
173 743 254 770 esse
282 730 416 769 missos
435 729 573 776 refert,
597 736 639 765 ut
658 726 772 778 liujus
799 726 954 778 Sibyllae
979 727 1148 765 carmina
1170 729 1326 767 Romam
1351 728 1601 779 deportaren-

137 811 154 830 ι
170 803 234 833 tur
242 821 358 835 .....
383 792 496 843 Apud
515 791 613 829 hane
629 790 677 829 de
692 803 840 829 summo
858 798 897 828 et
913 789 1114 829 conditore
1134 804 1261 829 rerum
1285 793 1365 830 Deo
1385 792 1600 843 hujusmodi

139 875 156 893 σι
170 871 301 896 versus
320 856 585 907 reperiuntur·

295 918 482 972 Ἀφθαρτος
494 917 656 967 κτίστης,
671 931 706 957 κ.
726 931 758 954 τ.
777 917 814 957 λ.

136 1001 152 1018 ι
167 985 307 1024 Verum
321 983 458 1034 (pergit
473 971 552 1029 ille,
572 995 656 1033 cap.
671 980 834 1031 23)quia
849 980 1002 1032 plures,
1019 989 1059 1018 ut
1073 980 1243 1026 ostendi,
1258 981 1413 1033 Sibyllae
1431 995 1454 1021 a
1470 981 1600 1023 doctis-

136 1064 153 1081 «
170 1047 274 1086 simis
298 1045 518 1084 auctoribus
545 1045 659 1084 fuisse
682 1045 906 1093 traduntur,
932 1045 1043 1083 nnius
1067 1045 1321 1083 testimonium
1342 1047 1433 1085 satis
1458 1061 1534 1086 non
1556 1051 1599 1088 sit

136 1129 152 1146 ι
170 1111 218 1149 ad
259 1110 580 1154 confirmandam,
606 1110 702 1148 sicut
728 1109 983 1156 intendimus,
1010 1109 1222 1147 veritatem.
1253 1110 1414 1149 Cumaeae
1451 1112 1596 1162 quidem

136 1193 153 1210 ιι
169 1175 362 1214 volumina
375 1203 386 1222 ,
402 1173 543 1225 quibus
563 1173 821 1212 Romanorum
842 1173 916 1211 fata
939 1176 1158 1224 conscripta
1184 1183 1294 1223 sunt,
1313 1174 1352 1212 in
1372 1176 1519 1214 arcanis
1538 1177 1598 1216 ha-

134 1257 150 1274 «
169 1239 332 1286 bentur;
350 1246 563 1277 ceterarum
581 1246 706 1276 tamen
724 1238 803 1276 sere
819 1237 990 1276 omnium
1012 1237 1143 1286 libelli,
1161 1240 1365 1289 quominus
1384 1239 1422 1277 in
1442 1253 1511 1278 usu
1530 1242 1597 1280 sint

132 1321 148 1338 κ
166 1302 356 1350 omnibus,
370 1315 447 1341 non
467 1310 647 1340 vetantur
667 1314 677 1339 ε
696 1314 744 1340 ex
766 1301 908 1353 quibus
935 1301 1024 1349 alia,
1051 1301 1282 1340 denuntians
1301 1302 1492 1342 universis
1512 1319 1595 1357 gen-

133 1384 149 1401 ·
170 1366 273 1405 tibus
296 1366 391 1404 iram
406 1365 522 1404 Dei...
539 1393 570 1413 .,
588 1364 660 1403 hoc
679 1365 794 1402 moclo
814 1378 949 1403 exorsa
963 1374 1020 1403 est
1040 1381 1048 1403 :

289 1427 505 1482 Ἐρχομένης
523 1428 627 1481 ὀργῆς
651 1428 824 1479 μεγάλης,
844 1444 880 1469 κ.
901 1444 933 1468 τ.
950 1429 986 1469 λ.

131 1492 304 1533 Credidit
323 1506 414 1544 ergo
435 1493 569 1531 allatos
590 1491 636 1530 ad
662 1493 915 1544 Tarquinium
943 1494 1192 1547 servatosque
1216 1495 1255 1534 in
1276 1495 1472 1547 Capitolio
1488 1496 1595 1536 libros

132 1558 293 1599 Cumaeae
312 1556 426 1595 fuisse
444 1555 611 1606 Sibyllae,
634 1556 704 1596 etsi
720 1555 860 1595 deinde
879 1565 966 1608 post
985 1557 1168 1610 Capitolii
1189 1559 1409 1598 incendium
1430 1561 1594 1599 nonnihil
1619 1591 1622 1594 >

132 1622 366 1664 immutatos.
387 1619 564 1659 admixtis
581 1620 741 1667 aliarum
757 1620 1006 1671 carminibus,
1024 1636 1109 1673 quae
1126 1631 1204 1661 tuin
1220 1636 1243 1661 a
1258 1623 1394 1675 legatis
1408 1633 1593 1675 reportata

131 1692 272 1733 essent;
286 1697 426 1736 eosque
448 1683 567 1722 libros
585 1683 634 1722 ab
652 1683 850 1722 hominum
870 1686 1089 1737 cognitione
1111 1696 1278 1725 remotos
1298 1700 1448 1738 semper
1460 1688 1568 1727 fuisse
1585 1704 1592 1725 ε

129 1757 341 1787 ceterarum
370 1761 462 1786 vero
492 1746 723 1797 Sibyllarum
757 1760 908 1799 versus,
936 1748 976 1786 in
1008 1748 1112 1799 vulgi
1149 1749 1374 1788 remansisse
1404 1751 1594 1798 manibus,-

130 1812 340 1864 praesertim
370 1810 579 1863 Erythraeae
605 1811 685 1850 sive
702 1809 891 1862 ejusdem,
912 1820 954 1849 nt
985 1811 1066 1864 ipse
1095 1812 1270 1864 putabat,
1304 1813 1512 1862 Clialdoeae,
1537 1815 1591 1852 cui

128 1890 206 1915 non
233 1875 424 1914 dubitavit
447 1875 638 1927 assignare
659 1875 809 1913 tertium
835 1884 1051 1914 nostrorum
1085 1877 1330 1916 oraculorum
1350 1876 1519 1927 librum,
1547 1877 1593 1915 ob

127 1942 213 1980 illos
231 1954 347 1992 supra
374 1939 548 1978 laudatos
570 1952 705 1978 versus
723 1954 732 1977 z

282 2003 406 2045 Ταῦτα
424 2018 479 2042 σοι
496 2002 678 2056 Ἀσσυρίης
693 2002 902 2042 Βᾱὸυλώνια
919 2004 1037 2058 τείχεα
1056 2004 1174 2057 μακρὰ

285 2066 530 2122 Οἶστρομανης
548 2069 814 2120 προλιποῦσα..

283 2131 355 2172 Καὶ
370 2130 535 2171 καλέουσι
555 2130 673 2186 βροτοί
687 2146 730 2182 με
749 2131 826 2169 καθ’
843 2130 999 2171 Ἑλλάδα
1017 2133 1184 2186 πατρίδος
1204 2132 1338 2185 ἄλλης,

283 2195 346 2242 Ἐξ
361 2195 531 2249 Ἐρυθρης
549 2211 587 2246 γ·
590 2200 760 2246 γαυῑαν..

128 2261 184 2301 Λᾶ
201 2274 314 2313 quem
332 2260 530 2299 manifesto
549 2260 675 2299 locum
692 2261 900 2312 respiciens
915 2274 1032 2313 supra
1051 2261 1175 2300 dixit:
1192 2280 1210 2297 ι
1224 2263 1460 2315 Erythraeam
1483 2277 1520 2301 se
1531 2273 1585 2300 no*-

126 2343 143 2360 ·
160 2326 346 2365 minatum
366 2324 414 2363 iri
433 2324 641 2376 praelocuta
663 2332 735 2373 est,
753 2338 874 2377 quum
899 2334 999 2364 esset
1014 2334 1100 2364 orta
1118 2325 1327 2377 Babylone.
1344 2345 1360 2362 υ

176 2390 439 2430 Recte'autem
462 2403 534 2427 nos
559 2388 758 2427 admonuit
789 2390 1036 2439 Lactantius,
1056 2404 1134 2428 non
1159 2390 1260 2429 bene
1284 2392 1447 2431 discerni
1466 2404 1584 2442 posse,

125 2455 185 2494 cui
205 2453 343 2493 librum
363 2466 552 2505 quemque
573 2452 713 2492 ascribi
733 2462 951 2506 oporteret,
980 2454 1145 2506 ideoque
1161 2468 1200 2493 se
1225 2456 1387 2494 confuse
1406 2454 1583 2493 interdum

125 2517 280 2569 Sibyllae
299 2530 458 2555 usurum
483 2517 658 2565 nomine,
682 2531 751 2555 nec
780 2517 1003 2557 additurum
1029 2518 1138 2570 cujus
1171 2520 1338 2571 Sibyllae.
1365 2521 1585 2569 Plerumque

124 2593 247 2622 tamen
268 2582 503 2633 Erytliraeam
530 2581 722 2630 nominat,
752 2581 815 2619 ubi
837 2595 968 2621 versus
985 2582 1142 2622 adducit
1162 2584 1243 2622 sive
1271 2597 1316 2622 ex
1340 2584 1441 2623 libro
1460 2583 1582 2628 tertio,

90 2664 100 2673 ·
125 2650 203 2689 sive
223 2662 271 2687 ex
293 2648 501 2695 Prooemio,
517 2662 614 2700 quos
629 2662 720 2687 sane
735 2650 954 2700 complures
977 2649 1108 2690 habet.
1136 2650 1263 2697 Quum
1290 2651 1430 2689 deinde
1461 2660 1581 2687 versus

123 2727 171 2752 ex
192 2713 275 2751 aliis
295 2712 402 2751 libris
420 2713 588 2763 profert,
610 2712 722 2751 aliam
744 2713 1024 2752 soletindicare
1047 2713 1232 2764 Sibyllam
1246 2743 1255 2761 ,
1276 2715 1342 2753 sed
1361 2715 1494 2753 omissa
1517 2724 1580 2764 pa-

123 2778 203 2818 triae
225 2776 433 2829 mentione,
455 2785 496 2815 ut
510 2775 576 2814 lib.
593 2776 632 2824 l,
651 2790 736 2828 cap.
750 2777 772 2814 6
798 2792 835 2814 :a
853 2777 947 2816 ltem
968 2778 1040 2816 alia
1053 2778 1198 2830 Sibylla
1217 2792 1466 2830 quaecumque
1484 2784 1554 2823 est,
1568 2792 1581 2807 »

122 2842 232 2880 etsie
250 2855 349 2894 saepe
363 2840 433 2881 lib.
449 2841 513 2888 lV,
530 2854 613 2893 cap.
631 2843 671 2890 6,
693 2841 755 2890 15,
781 2843 840 2882 18.
860 2843 985 2882 Etiam
1004 2843 1106 2882 libro
1127 2845 1217 2895 Vll,
1234 2858 1325 2896 cap.
1353 2845 1424 2882 18:
1443 2844 1579 2887 «Item,
