1686 3500
110 285 246 327 deinde
260 282 358 322 lilios
375 283 434 323 vel
455 296 476 322 e
491 283 581 323 filiis
599 278 718 323 u'num
736 284 980 337 superstitem
999 283 1049 324 ab
1066 286 1302 326 Antichristo
1321 301 1497 327 eversum
1511 289 1575 329 iri.

109 354 194 391 llaec
225 348 364 400 partim
394 348 497 387 libro
523 348 675 400 V111,§
698 362 731 397 1,
758 349 899 402 partim
916 348 1019 389 libro
1043 349 1201 402 quinto,
1220 351 1357 402 partim
1383 353 1499 393 etiam
1524 353 1575 393 li-

106 415 176 454 bro
200 412 235 451 11
252 411 432 464 praedici,
450 413 622 464 quamvis
643 412 808 452 obscure
831 413 1060 465 plerumque
1079 421 1119 452 et
1137 414 1332 465 involute,
1356 416 1576 456 notabimus

104 479 142 517 in
162 478 333 516 Excursu
348 476 412 515 Vt.
435 477 528 524 Quae
543 477 574 515 si
593 477 860 525 admittantur,
873 478 954 529 jam
968 477 1064 529 quid
1082 486 1200 516 restat
1216 481 1358 517 morae?
1372 479 1466 518 Nam
1488 495 1577 532 pro-

102 543 199 582 fecto
231 539 353 579 voluit
381 540 539 592 perdere
566 540 783 579 Hadrianus
812 541 1037 581 ,ludaeorum
1068 554 1201 593 genus,
1226 555 1248 580 a
1268 554 1346 594 quo
1373 556 1461 582 suos
1480 545 1578 584 filios

102 604 291 659 perditum
319 603 368 642 iri
389 603 597 645 nesciebat.
621 606 670 644 Et
687 605 769 656 ipse
789 605 957 644 moriens
978 618 1091 643 unam
1109 604 1281 644 sobolem
1299 606 1481 658 reliquit,
1499 609 1572 647 ad·-

102 668 269 721 optivam
289 682 428 721 nempe
457 669 765 719 Antoninorum,
785 670 940 718 misere,
968 670 1025 708 uti
1060 669 1176 708 modo
1202 669 1446 718 dicebamus,
1472 673 1578 723 peri·

104 742 239 783 turam,
255 732 375 784 idque
388 741 475 784 post
491 733 624 772 decem
641 746 799 782 cornua,
812 734 851 772 id
864 743 936 782 est,
954 734 1087 773 decem
1102 734 1296 786 principes
1308 748 1330 773 a
1343 735 1578 787 Vespasiano

102 805 341 847 numeratos,
366 798 465 836 sicut
485 797 524 836 in
541 798 772 850 Apocalypsi
795 807 929 849 aperte
948 799 1141 837 numerari
1155 798 1354 850 jubentur.

150 862 365 901 Conssatum
394 870 452 900 est
475 862 576 900 enim
602 862 678 900 hoc
705 862 936 913 Sibyllinum
961 862 1188 901 vaticinium
1205 863 1345 915 partim
1361 876 1382 902 e
1403 864 1572 903 Danielis

103 926 303 979 prophetia
318 956 329 975 ,
349 925 396 964 de
412 939 489 977 qua
506 931 623 978 supra
646 926 813 965 diximus
830 957 840 977 ,
863 928 1005 979 partim
1026 941 1048 967 e
1067 927 1181 966 simili
1198 928 1310 975 satis,
1329 928 1395 966 sed
1412 928 1461 967 ad
1479 942 1569 972 sen·

101 1005 180 1032 snm
201 991 352 1030 diversa
374 992 523 1031 visione
539 992 846 1046 Apocalypseos,
867 1007 950 1046 cap.
974 996 1034 1040 13,
1056 1007 1098 1032 v.·
1118 1007 1151 1039 1,
1170 1006 1278 1044 sqq.;
1302 1007 1415 1043 17,v.
1432 1007 1472 1045 9,
1489 1007 1572 1046 sqq.

103 1061 153 1097 Ac
173 1056 302 1095 decem
329 1056 485 1108 quidem
506 1070 653 1096 cornua
681 1067 770 1096 sunt
795 1058 897 1110 apud
919 1066 1124 1109 utrumque
1139 1066 1287 1104 vatem;
1305 1057 1372 1096 sed
1393 1058 1488 1097 illud
1502 1059 1573 1098 ad-

99 1121 294 1159 ventitium
319 1135 440 1160 cornu
453 1150 464 1170 ,
480 1121 583 1174 φυτὸν
599 1123 706 1171 ἄλλο,
736 1121 1004 1176 παραφυόμενον
1024 1122 1126 1176 κέρας
1138 1151 1149 1170 ,
1167 1122 1268 1172 apud
1290 1123 1489 1162 Danielem
1506 1137 1574 1162 so-

99 1187 189 1226 lum.
206 1187 328 1226 Porro
349 1186 439 1224 illud
459 1200 598 1237 cornu,
615 1186 704 1225 licet
718 1186 819 1238 apud
839 1187 1037 1225 Danielem
1057 1187 1179 1238 palam
1194 1187 1242 1225 de
1264 1187 1456 1225 Antiocho
1472 1188 1572 1227 acci-

98 1252 220 1303 piatur
231 1279 241 1298 ,
257 1251 533 1291 Antichristum
548 1264 629 1290 esse
642 1251 681 1289 in
696 1265 825 1290 rerum
846 1252 919 1291 fine
938 1261 1159 1299 venturum,
1176 1251 1348 1303 plerique
1363 1251 1572 1291 Christiani

97 1315 341 1354 crediderunt
370 1325 407 1354 et
436 1316 545 1354 multi
563 1316 732 1368 theologi
759 1329 881 1367 usque
905 1316 953 1354 ad
987 1316 1091 1355 hunc
1113 1315 1214 1356 diem
1240 1316 1393 1368 docent,
1411 1316 1566 1368 vulgata

96 1393 228 1432 nempe
240 1380 320 1432 jam
339 1394 359 1419 a
376 1381 509 1432 primis
526 1381 702 1420 Ecclesiae
713 1381 859 1420 saeculis
878 1381 1083 1420 traditione
1096 1389 1132 1419 et
1145 1382 1255 1432 qnasi
1269 1382 1382 1432 longo
1397 1389 1570 1434 tempore

96 1445 327 1497 praescripta.
352 1446 455 1497 Ergo
476 1445 570 1483 nihil
591 1445 729 1483 mirum
745 1444 981 1496 Sibyllistam
1000 1459 1154 1498 quoque
1174 1445 1225 1485 ita
1247 1446 1420 1484 sensisse.

144 1508 255 1556 Quod
279 1509 453 1560 sequitur
474 1522 484 1550 τ

247 1572 361 1627 Κόψει
375 1573 570 1628 πορφυρέης
587 1577 706 1627 γενεῆς
726 1577 894 1628 γενετῆρα
910 1573 1075 1628 μαχητήν
1088 1604 1098 1623 ,

247 1638 383 1683 Καῦτὸς
399 1640 456 1692 ἀφ’
473 1641 555 1678 υἱῶν
582 1668 591 1678 .
609 1669 618 1679 .
635 1670 646 1681 .
667 1642 823 1694 φθεῖται,

93 1701 138 1739 de
170 1702 365 1740 Antonino
387 1702 458 1742 Pio
474 1703 794 1753 interpretamur,
818 1703 1010 1755 adoptivae
1028 1701 1171 1741 sobolis
1191 1711 1375 1755 parente,
1402 1701 1566 1741 filiorum

92 1763 228 1804 scelere
240 1765 425 1816 perituro.
436 1766 508 1814 Qui
526 1767 612 1806 licet
627 1768 844 1820 principum
862 1768 1026 1806 maxime
1040 1767 1220 1819 pacificus
1235 1767 1350 1818 vulgo
1362 1765 1564 1815 habeatur,

93 1829 239 1880 poetico
259 1836 385 1868 tamen
404 1844 510 1869 more
530 1832 729 1883 epitheton
751 1832 854 1871 istud
874 1833 1048 1884 accipere
1068 1834 1196 1884 potuit
1218 1831 1330 1870 metri
1354 1844 1490 1882 causa,
1516 1830 1564 1870 ad

91 1906 219 1931 omnes
234 1894 377 1946 quippe
399 1895 652 1947 imperatores
679 1897 736 1935 vel
759 1897 843 1948 ipso
861 1897 1075 1948 imperandi
1090 1897 1181 1948 jure
1200 1895 1415 1947 pertinens,
1436 1909 1564 1947 neque

92 1957 126 1997 in
145 1959 340 1998 Antonino
360 1973 517 2012 prorsus
533 1961 734 2000 absonum.
765 1963 885 2002 Nemo
902 1962 1004 2000 enim
1019 1961 1168 2013 nescit,
1189 1969 1344 2012 recepto
1368 1960 1469 2012 apud
1487 1960 1565 1999 Ro-

91 2037 218 2063 manos
237 2038 365 2077 more,
386 2024 573 2065 bellorum
599 2027 750 2067 laudem
763 2057 774 2078 ,
792 2041 878 2079 quae
902 2027 1088 2080 principis
1107 2025 1288 2078 auspiciis
1303 2033 1406 2077 gesta
1423 2034 1563 2074 essent,

90 2102 235 2141 semper
249 2090 297 2129 ad
317 2090 440 2143 ipsum
468 2092 603 2131 referri
629 2093 763 2132 solere.
786 2094 911 2132 Porro
930 2091 1143 2130 audiendus
1171 2090 1413 2143 Capitolinus
1438 2089 1478 2128 in
1501 2089 1562 2130 Pii

90 2152 178 2202 vita,
198 2167 284 2206 pag.
321 2156 409 2205 132,
432 2155 493 2197 ed.
515 2157 609 2195 1661
633 2170 642 2195 ε
664 2175 678 2191 »ι
705 2157 964 2209 Perlcgatos,
984 2157 1130 2208 inquit,
1151 2169 1242 2195 suos
1271 2155 1437 2207 plurima
1460 2153 1561 2193 bella

88 2234 101 2250 κ
115 2219 238 2268 gessit.
258 2219 354 2258 Nam
374 2228 410 2258 et
430 2221 636 2260 Britannos
652 2235 719 2271 per
736 2222 902 2261 Lollium
921 2221 1108 2262 Urbicum
1124 2220 1290 2272 legatum
1313 2219 1423 2259 vicit.
1439 2246 1450 2258 .
1466 2247 1475 2258 .
1488 2247 1499 2267 ,
1522 2227 1564 2257 et

88 2282 264 2321 «Mauros
293 2284 341 2322 ad
372 2297 505 2336 pacem
539 2286 807 2337 postulandam
838 2287 981 2338 coegit,
1017 2294 1055 2325 et
1074 2286 1288 2325 Germanos
1311 2291 1350 2322 et
1376 2284 1501 2322 Dacos
1523 2290 1560 2322 et

86 2363 100 2380 «ι
117 2347 250 2386 multas
274 2358 405 2400 gentes
430 2358 545 2402 atque
569 2349 725 2390 Judaeos
749 2351 978 2390 rebellantes
1012 2350 1190 2390 contudit
1219 2362 1288 2402 per
1308 2347 1489 2401 praesides
1513 2360 1557 2386 ac

86 2427 100 2444 ιι
121 2411 274 2463 legatos.
292 2414 335 2452 In
351 2414 492 2453 Achaia
512 2416 625 2453 etiam
640 2426 756 2467 atque
769 2417 935 2468 AEgypto
958 2415 1183 2454 rebelliones
1203 2413 1396 2467 repressit.
1417 2412 1558 2451 Alanos

86 2489 100 2507 ι
124 2476 319 2516 molientes
352 2491 453 2530 saepe
479 2480 713 2521 refraenavit.
731 2498 747 2515 n
775 2475 921 2521 Similia
949 2481 996 2519 de
1029 2481 1095 2518 illo
1128 2478 1245 2518 tradit
1274 2476 1483 2518 Pausanias
1515 2474 1561 2515 in

85 2537 397 2593 Arcadicis,cap.
421 2542 484 2588 43.
514 2543 592 2582 Nec
620 2544 877 2583 omittendum
906 2545 944 2583 in
973 2543 1224 2595 inscriptione
1255 2541 1420 2593 quadam
1446 2540 1551 2591 apud

85 2600 199 2642 Orell.
214 2617 251 2643 n.
269 2605 359 2652 833,
379 2606 578 2655 pacificum
593 2607 700 2646 illum
717 2609 952 2646 Antoninum
969 2625 983 2642 e«
996 2607 1310 2659 subjugatorum»
1329 2603 1405 2642 dici
1422 2621 1437 2638 n
1449 2602 1555 2642 orbis

85 2680 98 2697 n
117 2672 300 2706 terrarum
316 2686 341 2706 ι.
365 2669 413 2707 Et
436 2678 527 2708 nota
549 2670 588 2708 in
618 2671 854 2709 devictarum
877 2671 926 2710 ab
946 2685 993 2711 eo
1022 2672 1191 2723 gentium
1223 2668 1423 2720 catalogo,
1449 2666 1553 2718 apud

83 2727 334 2780 Capitolinum
368 2746 486 2785 supra
521 2735 678 2772 citatum
691 2764 703 2784 ,
737 2736 760 2775 J
766 2736 895 2774 udoeos
929 2748 1084 2787 quoque
1135 2743 1172 2774 et
1207 2733 1408 2785 AEgyptios
1443 2743 1552 2770 com-

83 2793 286 2844 prehendi,
303 2797 404 2836 unde
422 2799 583 2837 fortasse
600 2798 738 2839 bellica
756 2800 838 2852 ejus
859 2801 962 2853 apud
988 2801 1089 2852 ipsos
1109 2800 1222 2840 sama.

131 2856 220 2897 Inde
241 2859 353 2899 etiam
382 2861 542 2901 fortasse
562 2862 719 2914 factum,
738 2872 778 2901 ut
800 2862 882 2914 ejus
905 2862 1181 2903 existimationi
1203 2861 1327 2903 minus
1349 2866 1551 2911 parcerent
