1752 3495
137 198 197 241 56
514 194 594 239 ΑΙ)
630 195 973 240 SIBYLLINOS
1007 193 1216 238 LIBROS

137 293 236 330 serio
255 305 332 330 rem
361 294 501 341 agere?
517 292 565 331 Et
581 292 629 330 de
647 292 718 329 hoc
740 292 824 343 ipso
846 293 928 330 loco
948 293 1039 330 alias
1054 293 1130 340 jam
1152 291 1389 341 conjecturas
1406 292 1596 330 emisimus

137 367 263 405 supra,
285 367 368 405 cap.
388 367 424 402 α,
439 367 526 406 pag.
552 361 607 399 14.
1283 366 1285 370 ·

189 419 246 456 De
275 418 396 469 patria
417 418 511 457 nihil
530 418 730 468 Virgilius,
761 418 842 456 sive
862 432 942 456 eam
975 419 1102 458 Cumis
1130 418 1347 469 indigenam
1374 418 1446 456 sibi
1467 419 1596 462 linxit,

134 482 213 520 sive
231 481 269 519 id
292 495 426 533 parum
443 482 601 520 curavit.
620 482 738 519 Paulo
762 484 979 533 expressior
998 482 1183 521 Ovidius:
1208 495 1292 519 nam
1316 490 1453 519 tenerae
1471 483 1596 520 adhuc

137 547 273 598 puellae
305 547 467 585 necdum
501 545 728 584 vaticinandi
763 547 917 597 peritae,
938 547 1107 584 nondum
1142 548 1257 598 igitur
1277 546 1430 596 Sibyllis
1455 560 1596 585 conso-

137 610 303 656 ciandae‚
329 611 540 662 Apollinem
562 609 716 647 adducit
735 609 786 648 ita
807 610 1047 660 loquentem,
1069 613 1219 650 Metam.
1235 611 1334 660 XlV,
1351 624 1387 651 v.
1414 610 1504 648 135:

395 676 523 725 Elige,
549 674 618 720 ait,
648 675 753 722 virgo
773 675 942 725 Cumaea,
967 675 1057 725 quid
1082 663 1202 725 optes.

133 740 235 778 unde
257 741 409 791 colligas
423 740 550 778 Cumis
570 752 651 776 eam
666 739 745 789 jam
767 748 844 776 tum
866 739 1066 777 habitasse.
1084 740 1156 777 Sed
1178 740 1416 778 Aristotelem
1435 739 1598 777 vidimus

132 804 306 854 Erythris
338 817 418 842 eam
457 812 727 850 accersentem3
757 812 794 840 et
827 804 879 840 sic
902 804 1055 842 Servius
1084 803 1141 840 bis
1161 804 1208 841 ad
1232 804 1356 854 ipsum
1378 804 1598 855 Virgilium,

131 869 270 907 citatus
283 869 361 920 jam
378 868 490 906 nobis
509 878 547 906 et
568 868 664 906 infra
684 868 870 906 citandus.

185 935 321 972 Mirum
344 947 435 971 vero
462 933 555 970 nihil
585 933 740 971 omniuo
767 932 953 971 delibasse
979 932 1176 983 Virgilium
1212 933 1258 970 de
1292 933 1477 984 Apollinis
1512 946 1598 970 cum

132 997 492 1048 Sibylla'amoribus‚
512 1011 578 1035 seu
593 997 639 1035 de
659 997 787 1035 oblato
803 997 1031 1048 virginitatis
1045 998 1180 1048 preti0‚
1208 997 1463 1048 longaevitate:
1485 1010 1596 1047 quam

132 1063 297 1101 fabulam
316 1063 534 1113 ingeniose,
554 1072 593 1100 ut
614 1063 722 1112 solet,
744 1063 910 1101 narravit
936 1062 1111 1111 Ovidius,
1135 1076 1201 1100 seu
1223 1063 1349 1113 potius
1370 1063 1490 1113 ipsam
1511 1075 1599 1099 nar-

132 1137 277 1166 rantem
300 1128 477 1177 induxit,
496 1128 653 1168 Metam.
677 1129 751 1168 loc.
771 1129 835 1166 cit.
858 1142 891 1167 v.
917 1130 1007 1172 130,
1026 1140 1131 1178 sqq.:

341 1195 416 1231 Nec
439 1193 509 1230 dea
530 1206 634 1239 sum,
653 1193 770 1240 dixit,
791 1207 861 1231 nec
883 1193 980 1230 sacri
1000 1193 1094 1232 turis
1112 1193 1259 1230 honore

340 1258 555 1294 Humanum
577 1256 733 1307 dignare
752 1266 866 1308 caput
888 1271 895 1294 :
920 1271 992 1294 neu
1010 1257 1159 1295 nescius
1178 1270 1297 1304 erres,

341 1321 423 1358 Lux
441 1327 582 1357 aeterna
602 1320 694 1357 mihi
713 1321 956 1370 carituraque
979 1322 1051 1358 line
1073 1321 1251 1370 (labatur,

336 1386 374 1422 Si
396 1398 477 1422 mea
497 1385 695 1435 virginitas
719 1384 866 1423 Phoebo
889 1385 1072 1435 patuisset
1097 1386 1251 1422 amanti.

343 1450 442 1486 Dum
464 1458 587 1486 tamen
610 1449 707 1486 hanc
727 1458 873 1500 sperat,
895 1448 986 1487 dum
1008 1461 1337 1500 praecorrumpere
1358 1448 1468 1486 donis

340 1515 400 1551 Me
416 1514 549 1564 cupita
573 1513 700 1563 Elige,
723 1514 800 1561 ait,
823 1515 933 1564 virgo
954 1515 1103 1552 (Jmnaea
1120 1544 1130 1562 ‚
1151 1513 1244 1564 quid
1265 1523 1400 1565 optes;

340 1577 490 1628 Optatis
512 1578 658 1628 potiere
679 1578 765 1617 tuis.
789 1578 868 1629 Ego
890 1579 1059 1628 pulveris
1075 1578 1198 1616 hausti

340 1641 554 1681 Ostendens
575 1642 768 1679 cumulum
781 1672 790 1688 ‚
809 1651 903 1692 quot
918 1641 1078 1679 haberet
1095 1656 1258 1693 corpora
1278 1643 1418 1693 pulvis,

340 1707 415 1743 Tot
436 1706 528 1743 mihi
553 1706 695 1744 natales
718 1707 944 1757 contingere
971 1720 1064 1744 vana
1083 1707 1225 1757 rogavi.

342 1771 492 1809 Excidit
511 1779 682 1821 optarem
696 1770 857 1821 juvenes
877 1784 1030 1821 quoque
1052 1772 1226 1822 protinus
1244 1784 1375 1809 anuos.

342 1836 418 1872 Hos
440 1843 561 1872 tamen
581 1835 644 1872 ille
665 1835 759 1873 mihi
778 1835 915 1882 dabat,
939 1834 1408 1886 aete1·namquejuventam
1424 1865 1434 1884 ,

340 1900 378 1937 Si
399 1899 583 1936 Venerem
605 1908 756 1950 paterer
773 1914 780 1937 ε
797 1908 1019 1952 contempto
1038 1914 1197 1938 munere
1217 1899 1354 1939 Phoebi
1367 1930 1375 1946 ‚

347 1963 492 2002 lnnuba
514 1977 732 2014 permaneo.

184 2028 258 2066 Sed
279 2029 360 2066 haec
383 2029 529 2074 omnia,
548 2028 601 2065 uti
618 2029 695 2076 jam
714 2028 876 2065 diximus
900 2042 1032 2079 supra,
1055 2042 1139 2079 cap.
1163 2042 1198 2075 2,
1218 2041 1304 2079 pag.
1334 2041 1428 2077 17‚e
1445 2028 1602 2066 Cassan-

133 2092 212 2131 drae
240 2092 433 2130 notissima
469 2091 626 2129 historia
658 2092 696 2128 in
717 2091 898 2142 Sibyllam
928 2092 1025 2129 male
1047 2094 1197 2145 detorta
1228 2100 1317 2130 sunt
1351 2092 1408 2129 vel
1445 2091 1494 2130 ab
1522 2092 1606 2143 ipso

132 2156 292 2204 Ovidio,
308 2156 368 2194 vel
386 2155 435 2193 ab
451 2156 580 2206 aliquo
600 2156 816 2206 antiquiore
836 2169 899 2194 seu
914 2169 1038 2207 graeco
1059 2150 1246 2207 scriptore
1265 2170 1330 2194 seu
1350 2156 1482 2194 latino.
1504 2184 1505 2187 η

185 2220 303 2259 llabet
323 2229 446 2258 tamen
477 2233 599 2271 prope
623 2220 753 2258 eadem
787 2221 940 2259 Servius
972 2221 1019 2258 ad
1054 2221 1196 2259 AEne'id.
1222 2221 1297 2266 vl,
1325 2221 1393 2257 321
1419 2221 1605 2267 :«Hanc,

132 2303 146 2318 ιι
178 2285 319 2335 inquit,
352 2285 489 2336 Apollo
525 2286 589 2335 pio
627 2298 758 2322 amore
784 2285 938 2331 dilexit,
975 2294 1011 2322 et
1035 2286 1068 2323 ei
1112 2285 1251 2323 obtulit
1288 2285 1470 2336 poscendi
1502 2285 1605 2335 quod

133 2367 147 2381 «ι
178 2350 289 2387 vellet
305 2348 518 2386 arbitrium.
536 2349 605 2386 llla
629 2349 752 2386 hausit
769 2348 921 2387 arenam
934 2377 943 2395 ,
961 2359 999 2387 et
1021 2358 1095 2387 tam
1119 2350 1269 2401 longam
1286 2350 1400 2386 vitam
1419 2349 1607 2399 poposcit.

136 2433 151 2447 a
180 2413 250 2452 Cui
265 2414 402 2464 Apollo
422 2412 640 2463 respondit,
664 2414 699 2451 id
725 2427 834 2465 posse
853 2415 931 2452 lieri
951 2444 962 2463 ,
984 2415 1015 2452 si
1037 2415 1274 2465 Erythraeam
1299 2414 1457 2451 insulam
1475 2415 1512 2450 in
1533 2426 1608 2464 qua

135 2497 149 2512 οι
180 2477 377 2515 habitabat
407 2478 638 2527 relinqueret
672 2487 709 2515 et
739 2492 820 2516 eam
853 2477 1048 2530 nunquam
1081 2479 1240 2516 videret.
1285 2478 1461 2516 Profecto
1495 2478 1609 2528 igitur

133 2562 148 2577 α
179 2544 316 2581 Cumas
338 2545 473 2581 tenuit.
490 2559 504 2574 u
522 2542 596 2580 Sed
617 2541 671 2580 ibi
694 2552 783 2580 nota
817 2542 850 2580 ιο
869 2545 974 2594 pium
993 2556 1162 2581 atnorem
1181 2541 1388 2592 Apollinis,
1409 2554 1484 2578 uon
1511 2554 1607 2590 qua-

132 2609 206 2646 lem
226 2609 401 2660 profecto
435 2611 594 2649 Ovidius
629 2608 884 2659 intelligebat3
907 2607 949 2644 2⁰
979 2608 1162 2658 Erythras
1193 2606 1307 2657 (male
1329 2606 1482 2644 Servius
1506 2606 1606 2655 Ery-

139 2674 293 2710 thraeam
330 2673 516 2718 insulam,
552 2674 622 2710 uisi
659 2673 904 2723 paeninsulam
935 2671 1063 2709 dicere
1091 2670 1227 2711 voluit)
1267 2672 1426 2707 natalem
1455 2668 1608 2719 Sibyllae

136 2735 262 2774 sedem
285 2735 431 2784 datam,
456 2737 566 2787 plane
592 2745 631 2774 ut
659 2737 759 2787 apud
785 2736 1042 2782 Aristotele-im
1064 2734 1106 2773 3⁰
1127 2734 1385 2772 conditionem
1413 2734 1536 2772 exsilii
1557 2733 1605 2771 ab

141 2801 318 2851 Apolline
341 2801 580 2851 impositam,
608 2801 655 2839 (le
683 2815 756 2852 qua
790 2810 926 2852 praeter
955 2801 1128 2839 Servium
1160 2813 1286 2845 nemo,
1317 2808 1502 2850 quantum
1529 2800 1604 2836 sci-

143 2880 223 2904 mus
238 2895 248 2913 ,
273 2866 479 2917 quidquam
500 2866 666 2904 tradidit.

734 2947 744 2962 Ι
