<?xml version="1.0" encoding="UTF-8"?>
<!DOCTYPE html PUBLIC "-//W3C//DTD XHTML 1.0 Transitional//EN"
    "http://www.w3.org/TR/xhtml1/DTD/xhtml1-transitional.dtd">
<html xmlns="http://www.w3.org/1999/xhtml" xml:lang="en" lang="en">
 <head>
  <title>
</title>
<meta http-equiv="Content-Type" content="text/html;charset=utf-8" />
  <meta name='ocr-system' content='tesseract 3.04.00' />
  <meta name='ocr-capabilities' content='ocr_page ocr_carea ocr_par ocr_line ocrx_word'/>
</head>
<body>
  <div class='ocr_page' id='page_1' title='image "./excursusadsibyll00alexuoft_0059.png"; bbox 0 0 1752 3495; ppageno 0'>
   <div class='ocr_carea' id='block_1_1' title="bbox 185 192 1252 240">
    <p class='ocr_par' dir='ltr' id='par_1_1' title="bbox 185 192 1252 240">
     <span class='ocr_line' id='line_1_1' title="bbox 185 192 1252 240; baseline -0.003 -1"><span class='ocrx_word' id='word_1_1' title='bbox 185 194 244 240; x_wconf 75' lang='lat'>50</span> <span class='ocrx_word' id='word_1_2' title='bbox 565 192 646 236; x_wconf 81' lang='lat' dir='ltr'>An</span> <span class='ocrx_word' id='word_1_3' title='bbox 678 192 1013 237; x_wconf 83' lang='lat' dir='ltr'>SlBYLLlNOS</span> <span class='ocrx_word' id='word_1_4' title='bbox 1039 192 1252 237; x_wconf 77' lang='lat' dir='ltr'>LIBROS</span> 
     </span>
    </p>
   </div>
   <div class='ocr_carea' id='block_1_2' title="bbox 168 285 1644 2907">
    <p class='ocr_par' dir='ltr' id='par_1_2' title="bbox 169 285 1644 1878">
     <span class='ocr_line' id='line_1_2' title="bbox 181 285 1644 341; baseline -0.001 -12"><span class='ocrx_word' id='word_1_5' title='bbox 181 289 341 329; x_wconf 77' lang='lat' dir='ltr'>nifestus</span> <span class='ocrx_word' id='word_1_6' title='bbox 361 297 419 327; x_wconf 84' lang='lat' dir='ltr'>est</span> <span class='ocrx_word' id='word_1_7' title='bbox 443 288 692 337; x_wconf 54' lang='lat' dir='ltr'>Aristotelen</span> <span class='ocrx_word' id='word_1_8' title='bbox 716 289 780 326; x_wconf 84' lang='lat' dir='ltr'>sed</span> <span class='ocrx_word' id='word_1_9' title='bbox 793 285 872 340; x_wconf 81' lang='lat' dir='ltr'>qu&#39;o</span> <span class='ocrx_word' id='word_1_10' title='bbox 891 289 1128 341; x_wconf 88' lang='lat' dir='ltr'>potissimum</span> <span class='ocrx_word' id='word_1_11' title='bbox 1146 297 1321 335; x_wconf 78' lang='lat' dir='ltr'>auctore,</span> <span class='ocrx_word' id='word_1_12' title='bbox 1341 288 1527 326; x_wconf 76' lang='lat' dir='ltr'>incertum</span> <span class='ocrx_word' id='word_1_13' title='bbox 1543 317 1554 334; x_wconf 93' lang='lat'>,</span> <span class='ocrx_word' id='word_1_14' title='bbox 1570 290 1644 327; x_wconf 81' lang='lat' dir='ltr'>nisi</span> 
     </span>
     <span class='ocr_line' id='line_1_3' title="bbox 183 353 1643 405; baseline -0.003 -13"><span class='ocrx_word' id='word_1_15' title='bbox 183 354 282 392; x_wconf 78' lang='lat' dir='ltr'>sorte</span> <span class='ocrx_word' id='word_1_16' title='bbox 297 353 454 405; x_wconf 76' lang='lat' dir='ltr'>Ephoro</span> <span class='ocrx_word' id='word_1_17' title='bbox 471 354 626 404; x_wconf 77' lang='lat' dir='ltr'>Cymaeo</span> <span class='ocrx_word' id='word_1_18' title='bbox 640 382 651 401; x_wconf 90' lang='lat'>,</span> <span class='ocrx_word' id='word_1_19' title='bbox 671 353 785 404; x_wconf 77' lang='lat' dir='ltr'>paulo</span> <span class='ocrx_word' id='word_1_20' title='bbox 804 362 892 391; x_wconf 80' lang='lat' dir='ltr'>ante</span> <span class='ocrx_word' id='word_1_21' title='bbox 911 354 1032 405; x_wconf 72' lang='lat' dir='ltr'>ipsum</span> <span class='ocrx_word' id='word_1_22' title='bbox 1047 353 1236 391; x_wconf 80' lang='lat' dir='ltr'><strong>scribente</strong></span> <span class='ocrx_word' id='word_1_23' title='bbox 1249 380 1260 400; x_wconf 96' lang='lat'>,</span> <span class='ocrx_word' id='word_1_24' title='bbox 1280 353 1346 403; x_wconf 75' lang='lat' dir='ltr'>qui</span> <span class='ocrx_word' id='word_1_25' title='bbox 1369 361 1525 404; x_wconf 85' lang='lat' dir='ltr'>propter</span> <span class='ocrx_word' id='word_1_26' title='bbox 1539 364 1643 390; x_wconf 79' lang='lat' dir='ltr'>com-</span> 
     </span>
     <span class='ocr_line' id='line_1_4' title="bbox 181 407 1639 468; baseline -0.001 -13"><span class='ocrx_word' id='word_1_27' title='bbox 181 429 334 455; x_wconf 84' lang='lat' dir='ltr'>munem</span> <span class='ocrx_word' id='word_1_28' title='bbox 353 415 538 468; x_wconf 80' lang='lat' dir='ltr'>originem</span> <span class='ocrx_word' id='word_1_29' title='bbox 561 430 620 455; x_wconf 86' lang='lat' dir='ltr'>res</span> <span class='ocrx_word' id='word_1_30' title='bbox 638 409 828 455; x_wconf 77' lang='lat' dir='ltr'>Cumanas</span> <span class='ocrx_word' id='word_1_31' title='bbox 856 416 1074 468; x_wconf 80' lang='lat' dir='ltr'>diligentius</span> <span class='ocrx_word' id='word_1_32' title='bbox 1101 415 1300 467; x_wconf 80' lang='lat' dir='ltr'>inquisisse</span> <span class='ocrx_word' id='word_1_33' title='bbox 1321 407 1494 463; x_wconf 75' lang='lat' dir='ltr'>videtur-3¹</span> <span class='ocrx_word' id='word_1_34' title='bbox 1526 428 1639 468; x_wconf 84' lang='lat' dir='ltr'>quem</span> 
     </span>
     <span class='ocr_line' id='line_1_5' title="bbox 176 479 1640 531; baseline 0 -13"><span class='ocrx_word' id='word_1_35' title='bbox 176 488 281 518; x_wconf 84' lang='lat' dir='ltr'>certe</span> <span class='ocrx_word' id='word_1_36' title='bbox 310 479 358 518; x_wconf 82' lang='lat' dir='ltr'>de</span> <span class='ocrx_word' id='word_1_37' title='bbox 385 479 590 518; x_wconf 80' lang='lat' dir='ltr'>Cumarum</span> <span class='ocrx_word' id='word_1_38' title='bbox 618 480 736 519; x_wconf 80' lang='lat' dir='ltr'>ltaliae</span> <span class='ocrx_word' id='word_1_39' title='bbox 765 480 839 518; x_wconf 85' lang='lat' dir='ltr'>situ</span> <span class='ocrx_word' id='word_1_40' title='bbox 866 494 910 518; x_wconf 84' lang='lat' dir='ltr'>ne</span> <span class='ocrx_word' id='word_1_41' title='bbox 933 481 980 519; x_wconf 89' lang='lat' dir='ltr'>de</span> <span class='ocrx_word' id='word_1_42' title='bbox 1008 480 1142 518; x_wconf 88' lang='lat' dir='ltr'>vicinis</span> <span class='ocrx_word' id='word_1_43' title='bbox 1173 480 1266 518; x_wconf 87' lang='lat' dir='ltr'>locis</span> <span class='ocrx_word' id='word_1_44' title='bbox 1295 479 1416 531; x_wconf 79' lang='lat' dir='ltr'>egisse</span> <span class='ocrx_word' id='word_1_45' title='bbox 1443 481 1548 518; x_wconf 87' lang='lat' dir='ltr'>testis</span> <span class='ocrx_word' id='word_1_46' title='bbox 1584 491 1640 518; x_wconf 83' lang='lat' dir='ltr'>est</span> 
     </span>
     <span class='ocr_line' id='line_1_6' title="bbox 178 542 1643 595; baseline -0.001 -13"><span class='ocrx_word' id='word_1_47' title='bbox 178 543 318 582; x_wconf 78' lang='lat' dir='ltr'>alicubi</span> <span class='ocrx_word' id='word_1_48' title='bbox 339 542 503 590; x_wconf 81' lang='lat' dir='ltr'>Strabo,</span> <span class='ocrx_word' id='word_1_49' title='bbox 526 542 595 582; x_wconf 87' lang='lat' dir='ltr'>lib.</span> <span class='ocrx_word' id='word_1_50' title='bbox 618 544 669 592; x_wconf 91' lang='lat' dir='ltr'>V,</span> <span class='ocrx_word' id='word_1_51' title='bbox 689 557 728 595; x_wconf 74' lang='lat' dir='ltr'>p,</span> <span class='ocrx_word' id='word_1_52' title='bbox 761 549 850 588; x_wconf 67' lang='lat'>244.</span> <span class='ocrx_word' id='word_1_53' title='bbox 879 544 979 583; x_wconf 89' lang='lat' dir='ltr'>Citat</span> <span class='ocrx_word' id='word_1_54' title='bbox 996 557 1150 595; x_wconf 86' lang='lat' dir='ltr'>quoque</span> <span class='ocrx_word' id='word_1_55' title='bbox 1175 543 1224 581; x_wconf 87' lang='lat' dir='ltr'>de</span> <span class='ocrx_word' id='word_1_56' title='bbox 1243 543 1315 581; x_wconf 80' lang='lat' dir='ltr'>hac</span> <span class='ocrx_word' id='word_1_57' title='bbox 1335 542 1480 593; x_wconf 78' lang='lat' dir='ltr'>Sibylla</span> <span class='ocrx_word' id='word_1_58' title='bbox 1499 545 1643 582; x_wconf 81' lang='lat' dir='ltr'>Pausa·</span> 
     </span>
     <span class='ocr_line' id='line_1_7' title="bbox 178 606 1643 658; baseline -0.001 -12"><span class='ocrx_word' id='word_1_59' title='bbox 178 608 259 646; x_wconf 79' lang='lat' dir='ltr'>nias</span> <span class='ocrx_word' id='word_1_60' title='bbox 279 607 546 658; x_wconf 75' lang='lat' dir='ltr'>ilyperochum</span> <span class='ocrx_word' id='word_1_61' title='bbox 565 607 775 646; x_wconf 71' lang='lat' dir='ltr'>Cumanum</span> <span class='ocrx_word' id='word_1_62' title='bbox 787 635 798 656; x_wconf 87' lang='lat'>‚</span> <span class='ocrx_word' id='word_1_63' title='bbox 814 608 934 644; x_wconf 79' lang='lat' dir='ltr'>aetatis</span> <span class='ocrx_word' id='word_1_64' title='bbox 950 607 1087 658; x_wconf 66' lang='lat' dir='ltr'>ignotae</span> <span class='ocrx_word' id='word_1_65' title='bbox 1101 607 1326 657; x_wconf 78' lang='lat' dir='ltr'>scriptorem</span> <span class='ocrx_word' id='word_1_66' title='bbox 1342 635 1352 653; x_wconf 84' lang='grc'><em>,</em></span> <span class='ocrx_word' id='word_1_67' title='bbox 1373 606 1438 644; x_wconf 82' lang='lat' dir='ltr'>sed</span> <span class='ocrx_word' id='word_1_68' title='bbox 1458 607 1522 657; x_wconf 92' lang='lat' dir='ltr'>qui</span> <span class='ocrx_word' id='word_1_69' title='bbox 1540 616 1643 645; x_wconf 80' lang='lat' dir='ltr'>certe</span> 
     </span>
     <span class='ocr_line' id='line_1_8' title="bbox 177 671 1641 717; baseline 0.001 -8"><span class='ocrx_word' id='word_1_70' title='bbox 177 671 256 709; x_wconf 81' lang='lat' dir='ltr'>dux</span> <span class='ocrx_word' id='word_1_71' title='bbox 284 684 361 709; x_wconf 87' lang='lat' dir='ltr'>non</span> <span class='ocrx_word' id='word_1_72' title='bbox 383 671 454 709; x_wconf 86' lang='lat' dir='ltr'>suit</span> <span class='ocrx_word' id='word_1_73' title='bbox 472 671 687 717; x_wconf 78' lang='lat' dir='ltr'>Aristoteli,</span> <span class='ocrx_word' id='word_1_74' title='bbox 703 671 854 708; x_wconf 84' lang='lat' dir='ltr'>diversa</span> <span class='ocrx_word' id='word_1_75' title='bbox 870 671 961 709; x_wconf 88' lang='lat' dir='ltr'>satis</span> <span class='ocrx_word' id='word_1_76' title='bbox 980 671 1028 709; x_wconf 81' lang='lat' dir='ltr'>ab</span> <span class='ocrx_word' id='word_1_77' title='bbox 1057 684 1102 710; x_wconf 85' lang='lat' dir='ltr'>eo</span> <span class='ocrx_word' id='word_1_78' title='bbox 1125 671 1303 711; x_wconf 81' lang='lat' dir='ltr'>tradenti.</span> <span class='ocrx_word' id='word_1_79' title='bbox 1331 671 1393 710; x_wconf 90' lang='lat' dir='ltr'>Sic</span> <span class='ocrx_word' id='word_1_80' title='bbox 1416 672 1517 709; x_wconf 86' lang='lat' dir='ltr'>enim</span> <span class='ocrx_word' id='word_1_81' title='bbox 1537 671 1641 710; x_wconf 80' lang='lat' dir='ltr'>Pau-</span> 
     </span>
     <span class='ocr_line' id='line_1_9' title="bbox 176 733 1642 788; baseline -0.001 -15"><span class='ocrx_word' id='word_1_82' title='bbox 176 735 321 782; x_wconf 79' lang='lat' dir='ltr'>sanias,</span> <span class='ocrx_word' id='word_1_83' title='bbox 339 734 493 774; x_wconf 81' lang='lat' dir='ltr'>Phocic.</span> <span class='ocrx_word' id='word_1_84' title='bbox 513 748 548 772; x_wconf 87' lang='lat' dir='ltr'>c.</span> <span class='ocrx_word' id='word_1_85' title='bbox 576 747 636 780; x_wconf 72' lang='grc' dir='ltr'>ια,</span> <span class='ocrx_word' id='word_1_86' title='bbox 657 734 741 771; x_wconf 89' lang='lat' dir='ltr'>loco</span> <span class='ocrx_word' id='word_1_87' title='bbox 756 747 855 785; x_wconf 71' lang='lat' dir='ltr'>saepe</span> <span class='ocrx_word' id='word_1_88' title='bbox 871 735 937 773; x_wconf 88' lang='lat' dir='ltr'>eit.</span> <span class='ocrx_word' id='word_1_89' title='bbox 954 748 963 772; x_wconf 77' lang='grc' dir='ltr'>ε</span> <span class='ocrx_word' id='word_1_90' title='bbox 984 733 1060 781; x_wconf 78' lang='grc' dir='ltr'>Τὴν</span> <span class='ocrx_word' id='word_1_91' title='bbox 1080 733 1117 772; x_wconf 82' lang='grc' dir='ltr'>δὲ</span> <span class='ocrx_word' id='word_1_92' title='bbox 1136 734 1192 772; x_wconf 73' lang='grc' dir='ltr'>ἐπὶ</span> <span class='ocrx_word' id='word_1_93' title='bbox 1209 736 1319 785; x_wconf 79' lang='grc' dir='ltr'>ταύτῃ</span> <span class='ocrx_word' id='word_1_94' title='bbox 1338 733 1402 788; x_wconf 79' lang='grc' dir='ltr'>[τῇ</span> <span class='ocrx_word' id='word_1_95' title='bbox 1424 735 1642 788; x_wconf 69' lang='grc' dir='ltr'>Μαρπησσίᾳ</span> 
     </span>
     <span class='ocr_line' id='line_1_10' title="bbox 174 791 1644 851; baseline 0 -15"><span class='ocrx_word' id='word_1_96' title='bbox 174 797 252 844; x_wconf 80' lang='grc' dir='ltr'>ἦτοι</span> <span class='ocrx_word' id='word_1_97' title='bbox 270 795 504 851; x_wconf 73' lang='grc' dir='ltr'>Μερμησσίᾳ]</span> <span class='ocrx_word' id='word_1_98' title='bbox 520 795 699 850; x_wconf 75' lang='grc' dir='ltr'>χρησμοὺς</span> <span class='ocrx_word' id='word_1_99' title='bbox 718 796 809 835; x_wconf 81' lang='grc' dir='ltr'>κατὰ</span> <span class='ocrx_word' id='word_1_100' title='bbox 825 801 935 835; x_wconf 83' lang='grc' dir='ltr'>ταῦτα</span> <span class='ocrx_word' id='word_1_101' title='bbox 954 798 1119 836; x_wconf 71' lang='grc' dir='ltr'>εἰποῦσαν</span> <span class='ocrx_word' id='word_1_102' title='bbox 1138 799 1177 835; x_wconf 81' lang='grc' dir='ltr'>ἐκ</span> <span class='ocrx_word' id='word_1_103' title='bbox 1201 791 1326 849; x_wconf 81' lang='grc' dir='ltr'>Κύμης</span> <span class='ocrx_word' id='word_1_104' title='bbox 1346 801 1409 843; x_wconf 81' lang='grc' dir='ltr'>τ’ἥς</span> <span class='ocrx_word' id='word_1_105' title='bbox 1427 799 1462 836; x_wconf 80' lang='grc' dir='ltr'>ἐν</span> <span class='ocrx_word' id='word_1_106' title='bbox 1482 798 1644 842; x_wconf 80' lang='grc' dir='ltr'>Ὀπῖκοις</span> 
     </span>
     <span class='ocr_line' id='line_1_11' title="bbox 173 854 1643 914; baseline 0.001 -15"><span class='ocrx_word' id='word_1_107' title='bbox 173 854 262 900; x_wconf 76' lang='grc' dir='ltr'>εἶναι</span> <span class='ocrx_word' id='word_1_108' title='bbox 276 893 285 908; x_wconf 83' lang='grc'>,</span> <span class='ocrx_word' id='word_1_109' title='bbox 305 862 485 899; x_wconf 79' lang='grc' dir='ltr'>καλεῖσθαι</span> <span class='ocrx_word' id='word_1_110' title='bbox 501 861 537 899; x_wconf 81' lang='grc' dir='ltr'>δὲ</span> <span class='ocrx_word' id='word_1_111' title='bbox 550 860 656 907; x_wconf 80' lang='grc' dir='ltr'>αὐτὴν</span> <span class='ocrx_word' id='word_1_112' title='bbox 671 858 798 910; x_wconf 82' lang='grc' dir='ltr'>Δημὼ,</span> <span class='ocrx_word' id='word_1_113' title='bbox 817 859 1028 914; x_wconf 78' lang='grc' dir='ltr'>συνέγραψεν</span> <span class='ocrx_word' id='word_1_114' title='bbox 1049 859 1241 914; x_wconf 79' lang='grc' dir='ltr'>Ὑπέροχος</span> <span class='ocrx_word' id='word_1_115' title='bbox 1257 860 1342 914; x_wconf 72' lang='grc' dir='ltr'>ἀνὴρ</span> <span class='ocrx_word' id='word_1_116' title='bbox 1363 862 1527 912; x_wconf 78' lang='grc' dir='ltr'>Κυμαῖος.</span> <span class='ocrx_word' id='word_1_117' title='bbox 1544 863 1643 914; x_wconf 79' lang='grc' dir='ltr'>Χρη-</span> 
     </span>
     <span class='ocr_line' id='line_1_12' title="bbox 174 918 1642 977; baseline 0 -14"><span class='ocrx_word' id='word_1_118' title='bbox 174 927 274 976; x_wconf 77' lang='grc' dir='ltr'>σμῶν</span> <span class='ocrx_word' id='word_1_119' title='bbox 290 923 327 963; x_wconf 76' lang='grc' dir='ltr'>δὲ</span> <span class='ocrx_word' id='word_1_120' title='bbox 340 927 372 962; x_wconf 79' lang='grc' dir='ltr'>οἱ</span> <span class='ocrx_word' id='word_1_121' title='bbox 391 926 548 975; x_wconf 83' lang='grc' dir='ltr'>Κυμαῖοι</span> <span class='ocrx_word' id='word_1_122' title='bbox 568 926 629 970; x_wconf 76' lang='grc' dir='ltr'>τῆς</span> <span class='ocrx_word' id='word_1_123' title='bbox 648 923 807 974; x_wconf 80' lang='grc' dir='ltr'>γυναικὸς</span> <span class='ocrx_word' id='word_1_124' title='bbox 828 923 955 971; x_wconf 81' lang='grc' dir='ltr'>ταύτης</span> <span class='ocrx_word' id='word_1_125' title='bbox 972 918 1093 962; x_wconf 68' lang='grc' dir='ltr'>οὐδένα</span> <span class='ocrx_word' id='word_1_126' title='bbox 1111 919 1203 977; x_wconf 74' lang='grc' dir='ltr'>εἶχον</span> <span class='ocrx_word' id='word_1_127' title='bbox 1220 924 1474 969; x_wconf 72' lang='grc' dir='ltr'>ἐπιδείξασθαι·</span> <span class='ocrx_word' id='word_1_128' title='bbox 1494 925 1589 963; x_wconf 79' lang='grc' dir='ltr'>λίθου</span> <span class='ocrx_word' id='word_1_129' title='bbox 1606 925 1642 963; x_wconf 73' lang='grc' dir='ltr'>δὲ</span> 
     </span>
     <span class='ocr_line' id='line_1_13' title="bbox 172 987 1642 1041; baseline -0.001 -14"><span class='ocrx_word' id='word_1_130' title='bbox 172 989 292 1041; x_wconf 74' lang='grc' dir='ltr'>ὑδρίαν</span> <span class='ocrx_word' id='word_1_131' title='bbox 308 990 343 1027; x_wconf 78' lang='grc' dir='ltr'>ἐν</span> <span class='ocrx_word' id='word_1_132' title='bbox 371 988 583 1033; x_wconf 79' lang='grc' dir='ltr'>Ἀπόλλωνος</span> <span class='ocrx_word' id='word_1_133' title='bbox 602 990 683 1041; x_wconf 80' lang='grc' dir='ltr'>ἱερῷ</span> <span class='ocrx_word' id='word_1_134' title='bbox 712 987 923 1027; x_wconf 78' lang='grc' dir='ltr'>δεικνύουσιν</span> <span class='ocrx_word' id='word_1_135' title='bbox 949 990 988 1027; x_wconf 83' lang='grc' dir='ltr'>οὗ</span> <span class='ocrx_word' id='word_1_136' title='bbox 1019 989 1195 1038; x_wconf 83' lang='grc' dir='ltr'>μεγάλην,</span> <span class='ocrx_word' id='word_1_137' title='bbox 1222 991 1285 1035; x_wconf 67' lang='grc' dir='ltr'>τῆς</span> <span class='ocrx_word' id='word_1_138' title='bbox 1304 989 1479 1036; x_wconf 70' lang='grc' dir='ltr'>Σιῧύλλης</span> <span class='ocrx_word' id='word_1_139' title='bbox 1498 991 1642 1028; x_wconf 75' lang='grc' dir='ltr'>ἐνταῦθα</span> 
     </span>
     <span class='ocr_line' id='line_1_14' title="bbox 173 1052 1643 1106; baseline 0 -16"><span class='ocrx_word' id='word_1_140' title='bbox 173 1056 308 1092; x_wconf 78' lang='grc' dir='ltr'>κεῖσθαι</span> <span class='ocrx_word' id='word_1_141' title='bbox 325 1052 472 1106; x_wconf 75' lang='grc' dir='ltr'>φάμενοι</span> <span class='ocrx_word' id='word_1_142' title='bbox 492 1052 536 1091; x_wconf 79' lang='grc' dir='ltr'>τὰ</span> <span class='ocrx_word' id='word_1_143' title='bbox 558 1053 662 1091; x_wconf 80' lang='grc' dir='ltr'>ὀστᾶ·</span> <span class='ocrx_word' id='word_1_144' title='bbox 683 1053 860 1106; x_wconf 72' lang='grc' dir='ltr'>ἐπεγράφη</span> <span class='ocrx_word' id='word_1_145' title='bbox 880 1052 915 1092; x_wconf 78' lang='grc' dir='ltr'>δὲ</span> <span class='ocrx_word' id='word_1_146' title='bbox 941 1053 1001 1092; x_wconf 80' lang='grc' dir='ltr'>καὶ</span> <span class='ocrx_word' id='word_1_147' title='bbox 1021 1053 1160 1106; x_wconf 78' lang='grc' dir='ltr'>ὕστερον</span> <span class='ocrx_word' id='word_1_148' title='bbox 1185 1056 1245 1099; x_wconf 70' lang='grc' dir='ltr'>τῆς</span> <span class='ocrx_word' id='word_1_149' title='bbox 1272 1055 1423 1104; x_wconf 79' lang='grc' dir='ltr'>Δημοῦς.</span> <span class='ocrx_word' id='word_1_150' title='bbox 1446 1054 1562 1092; x_wconf 79' lang='lat' dir='ltr'>vides</span> <span class='ocrx_word' id='word_1_151' title='bbox 1581 1055 1643 1092; x_wconf 80' lang='lat' dir='ltr'>hic</span> 
     </span>
     <span class='ocr_line' id='line_1_15' title="bbox 173 1118 1643 1171; baseline -0.001 -14"><span class='ocrx_word' id='word_1_152' title='bbox 173 1120 292 1157; x_wconf 82' lang='lat' dir='ltr'>multa</span> <span class='ocrx_word' id='word_1_153' title='bbox 308 1119 356 1157; x_wconf 79' lang='lat' dir='ltr'>ab</span> <span class='ocrx_word' id='word_1_154' title='bbox 379 1118 594 1157; x_wconf 79' lang='lat' dir='ltr'>Aristotelis</span> <span class='ocrx_word' id='word_1_155' title='bbox 612 1119 831 1157; x_wconf 80' lang='lat' dir='ltr'>narratione</span> <span class='ocrx_word' id='word_1_156' title='bbox 848 1119 1028 1166; x_wconf 76' lang='lat' dir='ltr'>dissei-re,</span> <span class='ocrx_word' id='word_1_157' title='bbox 1047 1119 1236 1171; x_wconf 85' lang='lat' dir='ltr'>praecipue</span> <span class='ocrx_word' id='word_1_158' title='bbox 1256 1132 1396 1157; x_wconf 84' lang='lat' dir='ltr'>nomen</span> <span class='ocrx_word' id='word_1_159' title='bbox 1414 1120 1539 1170; x_wconf 83' lang='lat' dir='ltr'>ipsum</span> <span class='ocrx_word' id='word_1_160' title='bbox 1558 1123 1643 1156; x_wconf 73' lang='lat' dir='ltr'>mu‘-</span> 
     </span>
     <span class='ocr_line' id='line_1_16' title="bbox 174 1183 1644 1235; baseline 0.001 -14"><span class='ocrx_word' id='word_1_161' title='bbox 174 1183 298 1229; x_wconf 83' lang='lat' dir='ltr'>lieris,</span> <span class='ocrx_word' id='word_1_162' title='bbox 315 1183 594 1235; x_wconf 54' lang='lat' dir='ltr'>quodyecepta</span> <span class='ocrx_word' id='word_1_163' title='bbox 613 1183 715 1234; x_wconf 75' lang='lat' dir='ltr'>apud</span> <span class='ocrx_word' id='word_1_164' title='bbox 735 1183 928 1222; x_wconf 79' lang='lat' dir='ltr'>Cumanos</span> <span class='ocrx_word' id='word_1_165' title='bbox 955 1183 1161 1222; x_wconf 84' lang='lat' dir='ltr'>traditione</span> <span class='ocrx_word' id='word_1_166' title='bbox 1183 1183 1295 1235; x_wconf 80' lang='grc' dir='ltr'>Δημώ</span> <span class='ocrx_word' id='word_1_167' title='bbox 1316 1185 1441 1230; x_wconf 79' lang='lat' dir='ltr'>fuisse,</span> <span class='ocrx_word' id='word_1_168' title='bbox 1462 1197 1538 1221; x_wconf 87' lang='lat' dir='ltr'>non</span> <span class='ocrx_word' id='word_1_169' title='bbox 1570 1185 1644 1223; x_wconf 83' lang='lat' dir='ltr'>Me-</span> 
     </span>
     <span class='ocr_line' id='line_1_17' title="bbox 172 1247 1644 1301; baseline 0 -15"><span class='ocrx_word' id='word_1_170' title='bbox 172 1247 407 1301; x_wconf 78' lang='grc' dir='ltr'>λάγχραιναν,</span> <span class='ocrx_word' id='word_1_171' title='bbox 425 1249 503 1296; x_wconf 87' lang='lat' dir='ltr'>jam</span> <span class='ocrx_word' id='word_1_172' title='bbox 527 1256 701 1292; x_wconf 84' lang='lat' dir='ltr'>constat,</span> <span class='ocrx_word' id='word_1_173' title='bbox 727 1248 957 1299; x_wconf 80' lang='lat' dir='ltr'>Hyperocho</span> <span class='ocrx_word' id='word_1_174' title='bbox 987 1256 1082 1286; x_wconf 90' lang='lat' dir='ltr'>teste</span> <span class='ocrx_word' id='word_1_175' title='bbox 1107 1249 1307 1298; x_wconf 75' lang='lat' dir='ltr'>indigena,</span> <span class='ocrx_word' id='word_1_176' title='bbox 1329 1249 1401 1286; x_wconf 89' lang='lat' dir='ltr'>uisi</span> <span class='ocrx_word' id='word_1_177' title='bbox 1424 1248 1471 1287; x_wconf 89' lang='lat' dir='ltr'>de</span> <span class='ocrx_word' id='word_1_178' title='bbox 1490 1249 1644 1287; x_wconf 90' lang='lat' dir='ltr'>nomine</span> 
     </span>
     <span class='ocr_line' id='line_1_18' title="bbox 170 1311 1644 1365; baseline 0.001 -15"><span class='ocrx_word' id='word_1_179' title='bbox 170 1313 332 1350; x_wconf 84' lang='lat' dir='ltr'>Cumani</span> <span class='ocrx_word' id='word_1_180' title='bbox 354 1325 509 1362; x_wconf 87' lang='lat' dir='ltr'>quoque</span> <span class='ocrx_word' id='word_1_181' title='bbox 535 1312 784 1357; x_wconf 80' lang='lat' dir='ltr'>haesitabant;</span> <span class='ocrx_word' id='word_1_182' title='bbox 802 1325 890 1351; x_wconf 80' lang='lat' dir='ltr'>nam</span> <span class='ocrx_word' id='word_1_183' title='bbox 915 1322 953 1350; x_wconf 92' lang='lat' dir='ltr'>et</span> <span class='ocrx_word' id='word_1_184' title='bbox 972 1313 1192 1351; x_wconf 68' lang='lat' dir='ltr'>Aristoteles</span> <span class='ocrx_word' id='word_1_185' title='bbox 1219 1311 1491 1365; x_wconf 79' lang='grc' dir='ltr'>Μελάγχραιναν</span> <span class='ocrx_word' id='word_1_186' title='bbox 1509 1315 1644 1352; x_wconf 88' lang='lat' dir='ltr'>vocari</span> 
     </span>
     <span class='ocr_line' id='line_1_19' title="bbox 171 1374 1643 1429; baseline 0.001 -15"><span class='ocrx_word' id='word_1_187' title='bbox 171 1376 264 1414; x_wconf 86' lang='lat' dir='ltr'>dicit</span> <span class='ocrx_word' id='word_1_188' title='bbox 288 1389 366 1415; x_wconf 91' lang='lat' dir='ltr'>non</span> <span class='ocrx_word' id='word_1_189' title='bbox 382 1375 431 1414; x_wconf 89' lang='lat' dir='ltr'>ab</span> <span class='ocrx_word' id='word_1_190' title='bbox 452 1374 649 1424; x_wconf 84' lang='lat' dir='ltr'>omnibus,</span> <span class='ocrx_word' id='word_1_191' title='bbox 672 1375 736 1413; x_wconf 81' lang='lat' dir='ltr'>sed</span> <span class='ocrx_word' id='word_1_192' title='bbox 761 1389 781 1414; x_wconf 89' lang='lat' dir='ltr'>a</span> <span class='ocrx_word' id='word_1_193' title='bbox 801 1375 1052 1427; x_wconf 88' lang='lat' dir='ltr'>quibusdam,</span> <span class='ocrx_word' id='word_1_194' title='bbox 1072 1375 1138 1414; x_wconf 75' lang='grc' dir='ltr'>ὑπό</span> <span class='ocrx_word' id='word_1_195' title='bbox 1158 1392 1294 1424; x_wconf 67' lang='lat' dir='ltr'>swam,</span> <span class='ocrx_word' id='word_1_196' title='bbox 1322 1386 1360 1415; x_wconf 88' lang='lat' dir='ltr'>et</span> <span class='ocrx_word' id='word_1_197' title='bbox 1390 1378 1643 1429; x_wconf 81' lang='lat' dir='ltr'>Hyperochus</span> 
     </span>
     <span class='ocr_line' id='line_1_20' title="bbox 171 1438 1642 1493; baseline 0.001 -14"><span class='ocrx_word' id='word_1_198' title='bbox 171 1453 311 1479; x_wconf 88' lang='lat' dir='ltr'>nomen</span> <span class='ocrx_word' id='word_1_199' title='bbox 334 1442 454 1479; x_wconf 90' lang='lat' dir='ltr'>Demo</span> <span class='ocrx_word' id='word_1_200' title='bbox 475 1440 613 1477; x_wconf 82' lang='lat' dir='ltr'>fatetur</span> <span class='ocrx_word' id='word_1_201' title='bbox 633 1440 784 1478; x_wconf 80' lang='lat' dir='ltr'>funebri</span> <span class='ocrx_word' id='word_1_202' title='bbox 804 1441 931 1478; x_wconf 91' lang='lat' dir='ltr'>loculo</span> <span class='ocrx_word' id='word_1_203' title='bbox 952 1441 1073 1479; x_wconf 87' lang='lat' dir='ltr'>serius</span> <span class='ocrx_word' id='word_1_204' title='bbox 1089 1468 1099 1485; x_wconf 90' lang='lat'>,</span> <span class='ocrx_word' id='word_1_205' title='bbox 1118 1438 1277 1493; x_wconf 71' lang='grc' dir='ltr'>ὕστερον,</span> <span class='ocrx_word' id='word_1_206' title='bbox 1297 1454 1377 1479; x_wconf 88' lang='lat' dir='ltr'>esse</span> <span class='ocrx_word' id='word_1_207' title='bbox 1396 1442 1642 1493; x_wconf 86' lang='lat' dir='ltr'>inscriptum,</span> 
     </span>
     <span class='ocr_line' id='line_1_21' title="bbox 171 1503 1641 1556; baseline 0.001 -14"><span class='ocrx_word' id='word_1_208' title='bbox 171 1504 276 1556; x_wconf 82' lang='lat' dir='ltr'>quod</span> <span class='ocrx_word' id='word_1_209' title='bbox 301 1504 444 1556; x_wconf 83' lang='lat' dir='ltr'>aliquid</span> <span class='ocrx_word' id='word_1_210' title='bbox 474 1503 512 1542; x_wconf 90' lang='lat' dir='ltr'>in</span> <span class='ocrx_word' id='word_1_211' title='bbox 550 1515 591 1542; x_wconf 86' lang='lat' dir='ltr'>se</span> <span class='ocrx_word' id='word_1_212' title='bbox 618 1503 735 1543; x_wconf 86' lang='lat' dir='ltr'>habet</span> <span class='ocrx_word' id='word_1_213' title='bbox 760 1504 1000 1556; x_wconf 78' lang='lat' dir='ltr'>suspicionis.</span> <span class='ocrx_word' id='word_1_214' title='bbox 1032 1504 1218 1543; x_wconf 81' lang='lat' dir='ltr'>Miramur</span> <span class='ocrx_word' id='word_1_215' title='bbox 1244 1505 1398 1544; x_wconf 88' lang='lat' dir='ltr'>interim</span> <span class='ocrx_word' id='word_1_216' title='bbox 1430 1505 1478 1543; x_wconf 92' lang='lat' dir='ltr'>de</span> <span class='ocrx_word' id='word_1_217' title='bbox 1504 1514 1641 1553; x_wconf 88' lang='lat' dir='ltr'>antro,</span> 
     </span>
     <span class='ocr_line' id='line_1_22' title="bbox 169 1567 1644 1621; baseline 0.001 -14"><span class='ocrx_word' id='word_1_218' title='bbox 169 1569 274 1621; x_wconf 80' lang='lat' dir='ltr'>quod</span> <span class='ocrx_word' id='word_1_219' title='bbox 293 1568 488 1620; x_wconf 81' lang='lat' dir='ltr'>praecipue</span> <span class='ocrx_word' id='word_1_220' title='bbox 505 1567 637 1606; x_wconf 87' lang='lat' dir='ltr'>Cumis</span> <span class='ocrx_word' id='word_1_221' title='bbox 658 1568 865 1616; x_wconf 85' lang='lat' dir='ltr'>visebatur,</span> <span class='ocrx_word' id='word_1_222' title='bbox 880 1568 972 1606; x_wconf 84' lang='lat' dir='ltr'>nihil</span> <span class='ocrx_word' id='word_1_223' title='bbox 991 1581 1013 1606; x_wconf 87' lang='lat' dir='ltr'>a</span> <span class='ocrx_word' id='word_1_224' title='bbox 1032 1569 1222 1608; x_wconf 82' lang='lat' dir='ltr'>Pausania</span> <span class='ocrx_word' id='word_1_225' title='bbox 1244 1569 1448 1616; x_wconf 88' lang='lat' dir='ltr'>traditum;</span> <span class='ocrx_word' id='word_1_226' title='bbox 1471 1571 1644 1620; x_wconf 87' lang='lat' dir='ltr'>loquitur</span> 
     </span>
     <span class='ocr_line' id='line_1_23' title="bbox 170 1632 1641 1685; baseline 0 -13"><span class='ocrx_word' id='word_1_227' title='bbox 170 1638 318 1672; x_wconf 75' lang='lat' dir='ltr'>tantum</span> <span class='ocrx_word' id='word_1_228' title='bbox 337 1633 386 1672; x_wconf 86' lang='lat' dir='ltr'>de</span> <span class='ocrx_word' id='word_1_229' title='bbox 403 1632 587 1684; x_wconf 83' lang='lat' dir='ltr'>Apollinis</span> <span class='ocrx_word' id='word_1_230' title='bbox 608 1634 767 1685; x_wconf 88' lang='lat' dir='ltr'>templo,</span> <span class='ocrx_word' id='word_1_231' title='bbox 785 1633 889 1684; x_wconf 91' lang='lat' dir='ltr'>quod</span> <span class='ocrx_word' id='word_1_232' title='bbox 909 1642 1021 1671; x_wconf 82' lang='lat' dir='ltr'>antro</span> <span class='ocrx_word' id='word_1_233' title='bbox 1039 1634 1257 1685; x_wconf 85' lang='lat' dir='ltr'>proximum</span> <span class='ocrx_word' id='word_1_234' title='bbox 1279 1634 1395 1672; x_wconf 86' lang='lat' dir='ltr'>fuisse</span> <span class='ocrx_word' id='word_1_235' title='bbox 1410 1634 1548 1672; x_wconf 83' lang='lat' dir='ltr'>scimus</span> <span class='ocrx_word' id='word_1_236' title='bbox 1569 1650 1576 1672; x_wconf 94' lang='lat'>:</span> <span class='ocrx_word' id='word_1_237' title='bbox 1595 1647 1641 1672; x_wconf 83' lang='lat' dir='ltr'>ex</span> 
     </span>
     <span class='ocr_line' id='line_1_24' title="bbox 170 1697 1641 1750; baseline -0.002 -12"><span class='ocrx_word' id='word_1_238' title='bbox 170 1698 391 1750; x_wconf 78' lang='lat' dir='ltr'>Hyperochi</span> <span class='ocrx_word' id='word_1_239' title='bbox 421 1710 512 1748; x_wconf 80' lang='lat' dir='ltr'>ergo</span> <span class='ocrx_word' id='word_1_240' title='bbox 539 1698 782 1745; x_wconf 83' lang='lat' dir='ltr'>narratione,</span> <span class='ocrx_word' id='word_1_241' title='bbox 810 1711 886 1749; x_wconf 85' lang='lat' dir='ltr'>qua</span> <span class='ocrx_word' id='word_1_242' title='bbox 912 1698 1045 1749; x_wconf 88' lang='lat' dir='ltr'>procul</span> <span class='ocrx_word' id='word_1_243' title='bbox 1072 1697 1192 1736; x_wconf 87' lang='lat' dir='ltr'>dubio</span> <span class='ocrx_word' id='word_1_244' title='bbox 1221 1698 1413 1749; x_wconf 82' lang='lat' dir='ltr'>designata</span> <span class='ocrx_word' id='word_1_245' title='bbox 1437 1699 1559 1736; x_wconf 86' lang='lat' dir='ltr'>suerat</span> <span class='ocrx_word' id='word_1_246' title='bbox 1578 1698 1641 1736; x_wconf 87' lang='lat' dir='ltr'>Si·</span> 
     </span>
     <span class='ocr_line' id='line_1_25' title="bbox 169 1761 1564 1813; baseline 0.001 -13"><span class='ocrx_word' id='word_1_247' title='bbox 169 1761 281 1813; x_wconf 81' lang='lat' dir='ltr'>byllae</span> <span class='ocrx_word' id='word_1_248' title='bbox 298 1761 429 1809; x_wconf 85' lang='lat' dir='ltr'>sedes,</span> <span class='ocrx_word' id='word_1_249' title='bbox 451 1775 572 1812; x_wconf 87' lang='lat' dir='ltr'>pauca</span> <span class='ocrx_word' id='word_1_250' title='bbox 593 1761 745 1800; x_wconf 86' lang='lat' dir='ltr'>videtur</span> <span class='ocrx_word' id='word_1_251' title='bbox 763 1770 800 1800; x_wconf 86' lang='lat' dir='ltr'>et</span> <span class='ocrx_word' id='word_1_252' title='bbox 823 1775 938 1812; x_wconf 87' lang='lat' dir='ltr'>parce</span> <span class='ocrx_word' id='word_1_253' title='bbox 956 1762 1070 1800; x_wconf 88' lang='lat' dir='ltr'>nimis</span> <span class='ocrx_word' id='word_1_254' title='bbox 1091 1762 1325 1813; x_wconf 81' lang='lat' dir='ltr'>excerpsisse</span> <span class='ocrx_word' id='word_1_255' title='bbox 1346 1763 1564 1801; x_wconf 84' lang='lat' dir='ltr'>Pausanias.</span> 
     </span>
     <span class='ocr_line' id='line_1_26' title="bbox 222 1825 1639 1878; baseline -0.001 -13"><span class='ocrx_word' id='word_1_256' title='bbox 222 1826 367 1865; x_wconf 87' lang='lat' dir='ltr'>Contra</span> <span class='ocrx_word' id='word_1_257' title='bbox 384 1826 433 1864; x_wconf 91' lang='lat' dir='ltr'>de</span> <span class='ocrx_word' id='word_1_258' title='bbox 446 1834 557 1864; x_wconf 87' lang='lat' dir='ltr'>antro</span> <span class='ocrx_word' id='word_1_259' title='bbox 576 1826 716 1864; x_wconf 87' lang='lat' dir='ltr'>multus</span> <span class='ocrx_word' id='word_1_260' title='bbox 742 1834 799 1865; x_wconf 86' lang='lat' dir='ltr'>est</span> <span class='ocrx_word' id='word_1_261' title='bbox 816 1826 1072 1878; x_wconf 84' lang='lat' dir='ltr'>Lycophron,</span> <span class='ocrx_word' id='word_1_262' title='bbox 1095 1826 1212 1877; x_wconf 84' lang='lat' dir='ltr'>idque</span> <span class='ocrx_word' id='word_1_263' title='bbox 1234 1825 1383 1864; x_wconf 89' lang='lat' dir='ltr'>videtur</span> <span class='ocrx_word' id='word_1_264' title='bbox 1407 1826 1639 1878; x_wconf 83' lang='lat' dir='ltr'>praecipuum</span> 
     </span>
    </p>

    <p class='ocr_par' dir='ltr' id='par_1_3' title="bbox 170 1890 1384 1942">
     <span class='ocr_line' id='line_1_27' title="bbox 170 1890 1384 1942; baseline 0.002 -14"><span class='ocrx_word' id='word_1_265' title='bbox 170 1904 191 1928; x_wconf 86' lang='lat' dir='ltr'>e</span> <span class='ocrx_word' id='word_1_266' title='bbox 211 1890 388 1930; x_wconf 85' lang='lat' dir='ltr'>Cumanis</span> <span class='ocrx_word' id='word_1_267' title='bbox 404 1890 676 1929; x_wconf 83' lang='lat' dir='ltr'>traditionibus</span> <span class='ocrx_word' id='word_1_268' title='bbox 696 1891 913 1940; x_wconf 86' lang='lat' dir='ltr'>retinuisse,</span> <span class='ocrx_word' id='word_1_269' title='bbox 934 1892 1058 1939; x_wconf 71' lang='lat' dir='ltr'>Alex„</span> <span class='ocrx_word' id='word_1_270' title='bbox 1080 1905 1116 1929; x_wconf 92' lang='lat' dir='ltr'>v.</span> <span class='ocrx_word' id='word_1_271' title='bbox 1143 1893 1252 1939; x_wconf 80' lang='lat'>1278,</span> <span class='ocrx_word' id='word_1_272' title='bbox 1274 1904 1355 1942; x_wconf 82' lang='lat' dir='ltr'>sqq.</span> <span class='ocrx_word' id='word_1_273' title='bbox 1375 1905 1384 1930; x_wconf 77' lang='lat' dir='ltr'><em>z</em></span> 
     </span>
    </p>

    <p class='ocr_par' dir='ltr' id='par_1_4' title="bbox 431 1954 1158 2010">
     <span class='ocr_line' id='line_1_28' title="bbox 431 1954 1158 2010; baseline 0.003 -18"><span class='ocrx_word' id='word_1_274' title='bbox 431 1955 633 2006; x_wconf 83' lang='grc' dir='ltr'>Ζωστηρίου</span> <span class='ocrx_word' id='word_1_275' title='bbox 651 1970 687 1993; x_wconf 89' lang='grc' dir='ltr'>τε</span> <span class='ocrx_word' id='word_1_276' title='bbox 706 1954 827 1995; x_wconf 74' lang='grc' dir='ltr'>κλιτὺν</span> <span class='ocrx_word' id='word_1_277' title='bbox 839 1985 850 2003; x_wconf 85' lang='grc'><strong><em>,</em></strong></span> <span class='ocrx_word' id='word_1_278' title='bbox 874 1954 953 1994; x_wconf 78' lang='grc' dir='ltr'>ἔνθα</span> <span class='ocrx_word' id='word_1_279' title='bbox 971 1955 1158 2010; x_wconf 83' lang='grc' dir='ltr'>παρθένου·</span> 
     </span>
    </p>

    <p class='ocr_par' dir='ltr' id='par_1_5' title="bbox 435 2018 1130 2073">
     <span class='ocr_line' id='line_1_29' title="bbox 435 2018 1130 2073; baseline 0 -15"><span class='ocrx_word' id='word_1_280' title='bbox 435 2018 588 2070; x_wconf 73' lang='grc' dir='ltr'>Στυγνὸν</span> <span class='ocrx_word' id='word_1_281' title='bbox 606 2019 778 2066; x_wconf 69' lang='grc' dir='ltr'>Σιὸύλλης</span> <span class='ocrx_word' id='word_1_282' title='bbox 798 2018 889 2058; x_wconf 79' lang='grc' dir='ltr'>ἐστὶν</span> <span class='ocrx_word' id='word_1_283' title='bbox 903 2021 1104 2073; x_wconf 68' lang='grc' dir='ltr'>ὀἰκητήριον</span> <span class='ocrx_word' id='word_1_284' title='bbox 1120 2049 1130 2066; x_wconf 88' lang='grc'>,</span> 
     </span>
    </p>

    <p class='ocr_par' dir='ltr' id='par_1_6' title="bbox 168 2082 1643 2650">
     <span class='ocr_line' id='line_1_30' title="bbox 446 2082 1176 2137; baseline 0.003 -17"><span class='ocrx_word' id='word_1_285' title='bbox 446 2082 572 2135; x_wconf 85' lang='grc' dir='ltr'>Γρώνῳ</span> <span class='ocrx_word' id='word_1_286' title='bbox 593 2083 742 2137; x_wconf 76' lang='grc' dir='ltr'>βερέΟρῳ</span> <span class='ocrx_word' id='word_1_287' title='bbox 757 2084 1014 2137; x_wconf 70' lang='grc' dir='ltr'>συγκατηρεφὲς</span> <span class='ocrx_word' id='word_1_288' title='bbox 1030 2084 1153 2136; x_wconf 77' lang='grc' dir='ltr'>στέγης</span> <span class='ocrx_word' id='word_1_289' title='bbox 1165 2112 1176 2130; x_wconf 87' lang='grc'>,</span> 
     </span>
     <span class='ocr_line' id='line_1_31' title="bbox 173 2147 1640 2201; baseline 0 -15"><span class='ocrx_word' id='word_1_290' title='bbox 173 2147 239 2187; x_wconf 90' lang='lat' dir='ltr'>ubi</span> <span class='ocrx_word' id='word_1_291' title='bbox 256 2147 456 2199; x_wconf 79' lang='lat' dir='ltr'>legendum</span> <span class='ocrx_word' id='word_1_292' title='bbox 480 2148 742 2201; x_wconf 74' lang='grc' dir='ltr'>συγκατηρεφὴς</span> <span class='ocrx_word' id='word_1_293' title='bbox 759 2148 882 2199; x_wconf 82' lang='grc' dir='ltr'>στέγη.</span> <span class='ocrx_word' id='word_1_294' title='bbox 903 2149 1112 2187; x_wconf 85' lang='lat' dir='ltr'>Zosterium</span> <span class='ocrx_word' id='word_1_295' title='bbox 1130 2148 1249 2187; x_wconf 85' lang='lat' dir='ltr'>verbo</span> <span class='ocrx_word' id='word_1_296' title='bbox 1267 2149 1487 2188; x_wconf 77' lang='lat' dir='ltr'>Scholiastae</span> <span class='ocrx_word' id='word_1_297' title='bbox 1503 2148 1640 2186; x_wconf 87' lang='lat' dir='ltr'>docent</span> 
     </span>
     <span class='ocr_line' id='line_1_32' title="bbox 170 2212 1640 2268; baseline 0 -18"><span class='ocrx_word' id='word_1_298' title='bbox 170 2212 278 2251; x_wconf 90' lang='lat' dir='ltr'>illum</span> <span class='ocrx_word' id='word_1_299' title='bbox 298 2213 421 2265; x_wconf 85' lang='lat' dir='ltr'>ipsum</span> <span class='ocrx_word' id='word_1_300' title='bbox 455 2222 537 2250; x_wconf 87' lang='lat' dir='ltr'>esse</span> <span class='ocrx_word' id='word_1_301' title='bbox 568 2222 737 2251; x_wconf 87' lang='lat' dir='ltr'>montem</span> <span class='ocrx_word' id='word_1_302' title='bbox 759 2213 796 2250; x_wconf 91' lang='lat' dir='ltr'>in</span> <span class='ocrx_word' id='word_1_303' title='bbox 829 2227 907 2263; x_wconf 87' lang='lat' dir='ltr'>quo</span> <span class='ocrx_word' id='word_1_304' title='bbox 927 2221 966 2250; x_wconf 87' lang='lat' dir='ltr'>et</span> <span class='ocrx_word' id='word_1_305' title='bbox 994 2213 1183 2268; x_wconf 77' lang='lat' dir='ltr'>Apollinis</span> <span class='ocrx_word' id='word_1_306' title='bbox 1213 2214 1395 2264; x_wconf 87' lang='lat' dir='ltr'>templum</span> <span class='ocrx_word' id='word_1_307' title='bbox 1421 2221 1458 2249; x_wconf 82' lang='lat' dir='ltr'>et</span> <span class='ocrx_word' id='word_1_308' title='bbox 1489 2221 1640 2251; x_wconf 85' lang='lat' dir='ltr'>antrum</span> 
     </span>
     <span class='ocr_line' id='line_1_33' title="bbox 173 2272 1642 2331; baseline -0.001 -16"><span class='ocrx_word' id='word_1_309' title='bbox 173 2276 328 2327; x_wconf 76' lang='lat' dir='ltr'>Sibyllae</span> <span class='ocrx_word' id='word_1_310' title='bbox 348 2276 430 2324; x_wconf 78' lang='lat' dir='ltr'>suit,</span> <span class='ocrx_word' id='word_1_311' title='bbox 447 2277 576 2315; x_wconf 79' lang='lat' dir='ltr'>Tzetz.</span> <span class='ocrx_word' id='word_1_312' title='bbox 594 2277 642 2317; x_wconf 87' lang='lat' dir='ltr'>ad</span> <span class='ocrx_word' id='word_1_313' title='bbox 655 2277 862 2328; x_wconf 82' lang='lat' dir='ltr'>Lycophr.,</span> <span class='ocrx_word' id='word_1_314' title='bbox 884 2278 906 2315; x_wconf 92' lang='lat' dir='ltr'>l.</span> <span class='ocrx_word' id='word_1_315' title='bbox 924 2278 990 2317; x_wconf 85' lang='lat' dir='ltr'>cit.</span> <span class='ocrx_word' id='word_1_316' title='bbox 1009 2291 1018 2316; x_wconf 71' lang='grc' dir='ltr'><strong>ε</strong></span> <span class='ocrx_word' id='word_1_317' title='bbox 1040 2275 1238 2330; x_wconf 66' lang='grc' dir='ltr'>Ζωστῆριον</span> <span class='ocrx_word' id='word_1_318' title='bbox 1262 2277 1338 2330; x_wconf 82' lang='grc' dir='ltr'>ὄρος</span> <span class='ocrx_word' id='word_1_319' title='bbox 1359 2277 1528 2322; x_wconf 84' lang='grc' dir='ltr'>Ἰταλίας,</span> <span class='ocrx_word' id='word_1_320' title='bbox 1556 2278 1590 2314; x_wconf 80' lang='grc' dir='ltr'>ἐν</span> <span class='ocrx_word' id='word_1_321' title='bbox 1612 2272 1642 2331; x_wconf 79' lang='grc' dir='ltr'><em>ᾧ</em></span> 
     </span>
     <span class='ocr_line' id='line_1_34' title="bbox 168 2338 1641 2394; baseline -0.001 -14"><span class='ocrx_word' id='word_1_322' title='bbox 168 2340 259 2394; x_wconf 73' lang='grc' dir='ltr'>ἱερὸν</span> <span class='ocrx_word' id='word_1_323' title='bbox 278 2339 480 2393; x_wconf 77' lang='grc' dir='ltr'>Ζωστηρίου</span> <span class='ocrx_word' id='word_1_324' title='bbox 495 2338 727 2384; x_wconf 72' lang='grc' dir='ltr'>Ἀπόλλωνος·</span> <span class='ocrx_word' id='word_1_325' title='bbox 746 2340 928 2394; x_wconf 54' lang='grc' dir='ltr'>φησι-(οῦν</span> <span class='ocrx_word' id='word_1_326' title='bbox 940 2341 993 2380; x_wconf 77' lang='grc' dir='ltr'>ὅτι</span> <span class='ocrx_word' id='word_1_327' title='bbox 1006 2342 1152 2379; x_wconf 78' lang='grc' dir='ltr'>ἐνταῦθα</span> <span class='ocrx_word' id='word_1_328' title='bbox 1168 2342 1283 2394; x_wconf 72' lang='grc' dir='ltr'>διῆγεν</span> <span class='ocrx_word' id='word_1_329' title='bbox 1302 2343 1324 2388; x_wconf 85' lang='grc' dir='ltr'>ἡ</span> <span class='ocrx_word' id='word_1_330' title='bbox 1340 2341 1497 2381; x_wconf 74' lang='grc' dir='ltr'>Σίὸυλλα</span> <span class='ocrx_word' id='word_1_331' title='bbox 1511 2342 1641 2393; x_wconf 83' lang='lat' dir='ltr'>(vulgo</span> 
     </span>
     <span class='ocr_line' id='line_1_35' title="bbox 170 2403 1643 2456; baseline 0 -13"><span class='ocrx_word' id='word_1_332' title='bbox 170 2405 316 2444; x_wconf 80' lang='lat' dir='ltr'>editum</span> <span class='ocrx_word' id='word_1_333' title='bbox 330 2404 447 2455; x_wconf 75' lang='grc' dir='ltr'>διῆγον</span> <span class='ocrx_word' id='word_1_334' title='bbox 466 2405 502 2442; x_wconf 81' lang='grc' dir='ltr'>αἱ</span> <span class='ocrx_word' id='word_1_335' title='bbox 521 2403 718 2456; x_wconf 70' lang='grc' dir='ltr'>Σίῦυλλαι).</span> <span class='ocrx_word' id='word_1_336' title='bbox 737 2406 794 2444; x_wconf 85' lang='lat' dir='ltr'>De</span> <span class='ocrx_word' id='word_1_337' title='bbox 808 2406 985 2456; x_wconf 78' lang='lat' dir='ltr'>Apolline</span> <span class='ocrx_word' id='word_1_338' title='bbox 1004 2407 1178 2444; x_wconf 87' lang='lat' dir='ltr'>Zosterio</span> <span class='ocrx_word' id='word_1_339' title='bbox 1193 2420 1269 2444; x_wconf 90' lang='lat' dir='ltr'>non</span> <span class='ocrx_word' id='word_1_340' title='bbox 1289 2416 1346 2445; x_wconf 89' lang='lat' dir='ltr'>est</span> <span class='ocrx_word' id='word_1_341' title='bbox 1361 2407 1422 2444; x_wconf 88' lang='lat' dir='ltr'>hic</span> <span class='ocrx_word' id='word_1_342' title='bbox 1443 2406 1549 2444; x_wconf 87' lang='lat' dir='ltr'>locus</span> <span class='ocrx_word' id='word_1_343' title='bbox 1564 2406 1643 2443; x_wconf 88' lang='lat' dir='ltr'>dis-</span> 
     </span>
     <span class='ocr_line' id='line_1_36' title="bbox 172 2468 1642 2523; baseline 0 -15"><span class='ocrx_word' id='word_1_344' title='bbox 172 2468 331 2521; x_wconf 82' lang='lat' dir='ltr'>putandi</span> <span class='ocrx_word' id='word_1_345' title='bbox 347 2483 356 2505; x_wconf 89' lang='lat'>:</span> <span class='ocrx_word' id='word_1_346' title='bbox 373 2481 513 2507; x_wconf 87' lang='lat' dir='ltr'>nomen</span> <span class='ocrx_word' id='word_1_347' title='bbox 531 2482 578 2507; x_wconf 89' lang='lat' dir='ltr'>ex</span> <span class='ocrx_word' id='word_1_348' title='bbox 604 2469 729 2508; x_wconf 78' lang='lat' dir='ltr'>Attica</span> <span class='ocrx_word' id='word_1_349' title='bbox 747 2482 814 2520; x_wconf 85' lang='lat' dir='ltr'>per</span> <span class='ocrx_word' id='word_1_350' title='bbox 835 2469 1018 2508; x_wconf 82' lang='lat' dir='ltr'>Euboeam</span> <span class='ocrx_word' id='word_1_351' title='bbox 1034 2480 1213 2521; x_wconf 85' lang='lat' dir='ltr'>venerat,</span> <span class='ocrx_word' id='word_1_352' title='bbox 1229 2484 1314 2522; x_wconf 85' lang='lat' dir='ltr'>quae</span> <span class='ocrx_word' id='word_1_353' title='bbox 1332 2471 1452 2523; x_wconf 84' lang='lat' dir='ltr'>prima</span> <span class='ocrx_word' id='word_1_354' title='bbox 1467 2470 1642 2520; x_wconf 77' lang='lat' dir='ltr'>Cymaeo-</span> 
     </span>
     <span class='ocr_line' id='line_1_37' title="bbox 173 2532 1641 2585; baseline 0.001 -14"><span class='ocrx_word' id='word_1_355' title='bbox 173 2546 257 2572; x_wconf 87' lang='lat' dir='ltr'>rum</span> <span class='ocrx_word' id='word_1_356' title='bbox 276 2532 400 2585; x_wconf 80' lang='lat' dir='ltr'>patria</span> <span class='ocrx_word' id='word_1_357' title='bbox 427 2533 514 2580; x_wconf 80' lang='lat' dir='ltr'>suit3</span> <span class='ocrx_word' id='word_1_358' title='bbox 531 2532 620 2569; x_wconf 89' lang='lat' dir='ltr'>inde</span> <span class='ocrx_word' id='word_1_359' title='bbox 647 2533 783 2570; x_wconf 87' lang='lat' dir='ltr'>Cumas</span> <span class='ocrx_word' id='word_1_360' title='bbox 803 2533 839 2570; x_wconf 93' lang='lat' dir='ltr'>in</span> <span class='ocrx_word' id='word_1_361' title='bbox 863 2535 1008 2572; x_wconf 81' lang='lat' dir='ltr'>ltaliam</span> <span class='ocrx_word' id='word_1_362' title='bbox 1029 2535 1265 2574; x_wconf 82' lang='lat' dir='ltr'>translatum.</span> <span class='ocrx_word' id='word_1_363' title='bbox 1287 2534 1428 2573; x_wconf 86' lang='lat' dir='ltr'>Confer</span> <span class='ocrx_word' id='word_1_364' title='bbox 1445 2535 1492 2572; x_wconf 89' lang='lat' dir='ltr'>de</span> <span class='ocrx_word' id='word_1_365' title='bbox 1510 2535 1580 2572; x_wconf 84' lang='lat' dir='ltr'>hac</span> <span class='ocrx_word' id='word_1_366' title='bbox 1603 2549 1641 2572; x_wconf 82' lang='lat' dir='ltr'>re</span> 
     </span>
     <span class='ocr_line' id='line_1_38' title="bbox 172 2590 1547 2650; baseline 0 -14"><span class='ocrx_word' id='word_1_367' title='bbox 172 2600 210 2636; x_wconf 87' lang='lat' dir='ltr'>in</span> <span class='ocrx_word' id='word_1_368' title='bbox 233 2596 363 2649; x_wconf 84' lang='lat' dir='ltr'>primis</span> <span class='ocrx_word' id='word_1_369' title='bbox 380 2596 511 2647; x_wconf 80' lang='lat' dir='ltr'>steph.</span> <span class='ocrx_word' id='word_1_370' title='bbox 529 2598 632 2647; x_wconf 67' lang='lat' dir='ltr'>Byz„</span> <span class='ocrx_word' id='word_1_371' title='bbox 653 2610 692 2636; x_wconf 87' lang='grc' dir='ltr'>ν.</span> <span class='ocrx_word' id='word_1_372' title='bbox 712 2596 870 2650; x_wconf 74' lang='grc' dir='ltr'>Ζωστήρ.</span> <span class='ocrx_word' id='word_1_373' title='bbox 889 2598 964 2637; x_wconf 86' lang='lat' dir='ltr'>Sed</span> <span class='ocrx_word' id='word_1_374' title='bbox 985 2600 1116 2637; x_wconf 87' lang='lat' dir='ltr'>rursus</span> <span class='ocrx_word' id='word_1_375' title='bbox 1130 2613 1198 2637; x_wconf 88' lang='lat' dir='ltr'>nos</span> <span class='ocrx_word' id='word_1_376' title='bbox 1218 2599 1263 2637; x_wconf 87' lang='lat' dir='ltr'>ad</span> <span class='ocrx_word' id='word_1_377' title='bbox 1285 2598 1481 2650; x_wconf 85' lang='lat' dir='ltr'>Sibyllam.</span> <span class='ocrx_word' id='word_1_378' title='bbox 1545 2590 1547 2593; x_wconf 17' lang='lat' dir='ltr'>V</span> 
     </span>
    </p>

    <p class='ocr_par' dir='ltr' id='par_1_7' title="bbox 228 2661 1640 2714">
     <span class='ocr_line' id='line_1_39' title="bbox 228 2661 1640 2714; baseline 0 -12"><span class='ocrx_word' id='word_1_379' title='bbox 228 2662 363 2702; x_wconf 82' lang='lat' dir='ltr'>Eadem</span> <span class='ocrx_word' id='word_1_380' title='bbox 393 2662 471 2699; x_wconf 82' lang='lat' dir='ltr'>fere</span> <span class='ocrx_word' id='word_1_381' title='bbox 500 2661 601 2700; x_wconf 89' lang='lat' dir='ltr'>illius</span> <span class='ocrx_word' id='word_1_382' title='bbox 633 2661 789 2713; x_wconf 81' lang='lat' dir='ltr'>vestigia</span> <span class='ocrx_word' id='word_1_383' title='bbox 820 2672 968 2701; x_wconf 79' lang='lat' dir='ltr'>servata</span> <span class='ocrx_word' id='word_1_384' title='bbox 997 2663 1034 2701; x_wconf 88' lang='lat' dir='ltr'>in</span> <span class='ocrx_word' id='word_1_385' title='bbox 1065 2664 1196 2702; x_wconf 88' lang='lat' dir='ltr'>iisdem</span> <span class='ocrx_word' id='word_1_386' title='bbox 1224 2663 1316 2702; x_wconf 87' lang='lat' dir='ltr'>locis</span> <span class='ocrx_word' id='word_1_387' title='bbox 1340 2662 1498 2702; x_wconf 70' lang='lat' dir='ltr'>Romani</span> <span class='ocrx_word' id='word_1_388' title='bbox 1527 2675 1640 2714; x_wconf 84' lang='lat' dir='ltr'>repe·</span> 
     </span>
    </p>

    <p class='ocr_par' dir='ltr' id='par_1_8' title="bbox 169 2725 1641 2907">
     <span class='ocr_line' id='line_1_40' title="bbox 171 2725 1640 2777; baseline 0.001 -13"><span class='ocrx_word' id='word_1_389' title='bbox 171 2734 397 2771; x_wconf 76' lang='lat' dir='ltr'>terant,uno</span> <span class='ocrx_word' id='word_1_390' title='bbox 421 2725 497 2763; x_wconf 81' lang='lat' dir='ltr'>fere</span> <span class='ocrx_word' id='word_1_391' title='bbox 527 2729 612 2776; x_wconf 85' lang='lat' dir='ltr'>&#39;post</span> <span class='ocrx_word' id='word_1_392' title='bbox 644 2725 935 2777; x_wconf 82' lang='lat' dir='ltr'>Lycophronem</span> <span class='ocrx_word' id='word_1_393' title='bbox 958 2728 1118 2775; x_wconf 74' lang='lat' dir='ltr'>saeculo,</span> <span class='ocrx_word' id='word_1_394' title='bbox 1148 2737 1191 2766; x_wconf 89' lang='lat' dir='ltr'>ut</span> <span class='ocrx_word' id='word_1_395' title='bbox 1216 2741 1237 2766; x_wconf 87' lang='lat' dir='ltr'>c</span> <span class='ocrx_word' id='word_1_396' title='bbox 1269 2727 1407 2774; x_wconf 75' lang='lat' dir='ltr'>Naevii,</span> <span class='ocrx_word' id='word_1_397' title='bbox 1435 2727 1583 2765; x_wconf 80' lang='lat' dir='ltr'>Pisonis</span> <span class='ocrx_word' id='word_1_398' title='bbox 1604 2735 1640 2765; x_wconf 74' lang='lat' dir='ltr'>et</span> 
     </span>
     <span class='ocr_line' id='line_1_41' title="bbox 170 2790 1641 2840; baseline 0.001 -13"><span class='ocrx_word' id='word_1_399' title='bbox 170 2791 289 2840; x_wconf 79' lang='lat' dir='ltr'>ipsius</span> <span class='ocrx_word' id='word_1_400' title='bbox 317 2790 497 2828; x_wconf 85' lang='lat' dir='ltr'>Varronis</span> <span class='ocrx_word' id='word_1_401' title='bbox 528 2791 753 2830; x_wconf 81' lang='lat' dir='ltr'>testimoniis</span> <span class='ocrx_word' id='word_1_402' title='bbox 783 2791 878 2828; x_wconf 77' lang='lat' dir='ltr'>infra</span> <span class='ocrx_word' id='word_1_403' title='bbox 909 2791 1140 2831; x_wconf 81' lang='lat' dir='ltr'>docebimus.</span> <span class='ocrx_word' id='word_1_404' title='bbox 1180 2793 1339 2831; x_wconf 81' lang='lat' dir='ltr'>Secutus</span> <span class='ocrx_word' id='word_1_405' title='bbox 1363 2791 1435 2830; x_wconf 83' lang='lat' dir='ltr'>hos</span> <span class='ocrx_word' id='word_1_406' title='bbox 1465 2800 1641 2829; x_wconf 79' lang='lat' dir='ltr'>auctores</span> 
     </span>
     <span class='ocr_line' id='line_1_42' title="bbox 169 2854 1639 2907; baseline -0.001 -13"><span class='ocrx_word' id='word_1_407' title='bbox 169 2854 373 2906; x_wconf 79' lang='lat' dir='ltr'>Virgilius,</span> <span class='ocrx_word' id='word_1_408' title='bbox 389 2863 495 2893; x_wconf 78' lang='lat' dir='ltr'>sexto</span> <span class='ocrx_word' id='word_1_409' title='bbox 516 2855 724 2906; x_wconf 63' lang='lat' dir='ltr'>praesertim</span> <span class='ocrx_word' id='word_1_410' title='bbox 746 2856 923 2894; x_wconf 82' lang='lat' dir='ltr'>AEnei&#39;dos</span> <span class='ocrx_word' id='word_1_411' title='bbox 942 2856 1055 2905; x_wconf 82' lang='lat' dir='ltr'>libro,</span> <span class='ocrx_word' id='word_1_412' title='bbox 1075 2871 1151 2894; x_wconf 86' lang='lat' dir='ltr'>non</span> <span class='ocrx_word' id='word_1_413' title='bbox 1170 2857 1292 2894; x_wconf 84' lang='lat' dir='ltr'>sulum</span> <span class='ocrx_word' id='word_1_414' title='bbox 1314 2869 1361 2894; x_wconf 86' lang='lat' dir='ltr'>ex</span> <span class='ocrx_word' id='word_1_415' title='bbox 1380 2856 1545 2907; x_wconf 80' lang='lat' dir='ltr'>antiquis</span> <span class='ocrx_word' id='word_1_416' title='bbox 1566 2856 1639 2894; x_wconf 80' lang='lat' dir='ltr'>illis</span> 
     </span>
    </p>
   </div>
  </div>
 </body>
</html>
