1686 3500
124 208 218 253 414
508 206 580 252 ΑΙ)
614 206 666 252 81
674 206 967 255 BYLLINOS
1002 208 1213 254 LIBROS

124 306 217 354 Quae
235 304 265 344 si
284 304 502 345 Lactantius
522 304 782 356 cognovisset,
801 306 941 345 mirum
962 319 1052 344 sane
1079 305 1151 344 nisi
1172 305 1313 344 alicubi
1335 305 1385 354 ad,
1410 305 1514 345 illam
1534 307 1597 346 Si-

124 370 237 422 byllae
252 381 329 410 suae
348 377 424 408 tam
449 377 620 408 veterem
646 378 800 422 tamque
819 379 988 409 sanctam
1010 370 1231 422 prosapiam
1251 371 1497 423 respexisset!
1522 373 1599 412 Nec

84 479 88 483 .
121 447 212 481 sane
228 422 276 472 de
293 434 357 472 illa
373 433 532 472 muliere
551 434 767 486 scripturus
786 444 881 482 crat,
900 434 968 474 lib.
985 434 1018 483 Ι,
1031 447 1115 486 cap.
1133 435 1156 472 6
1174 449 1182 473 :
1207 453 1223 469 «ι
1237 436 1364 482 Quum
1391 444 1489 475 esset
1515 445 1599 475 orta

120 498 335 550 Babylone3
357 516 373 532 u
409 498 476 537 sed
506 498 719 551 profectam
752 499 949 550 Babylone
962 528 973 546 ,
1002 511 1078 536 non
1110 507 1236 537 ortam
1268 499 1441 539 dixisset.
1472 500 1598 548 Quare

119 564 326 617 opinamur
343 563 424 601 haec
443 576 598 614 quoque
618 564 759 615 epilogi
777 572 945 602 extrema
961 561 1011 600 ab
1028 563 1285 614 epitomatore
1312 564 1473 603 conficta
1493 576 1575 603 esse
1588 594 1598 613 ,

120 638 200 668 tum
221 641 339 680 quum
361 628 513 667 tertium
542 627 682 666 librum
703 635 949 666 retractatum
969 627 1138 666 secundo
1165 627 1375 680 adjungere
1394 629 1597 667 meditare·

118 702 194 742 tur,
218 701 259 732 ut
277 692 466 739 diximus3
498 701 627 744 postea
655 699 799 730 mutato
829 691 1013 739 consilio,
1047 699 1171 729 tamen
1201 693 1344 744 scripta
1375 694 1595 744 reliquisse,

47 763 51 768 ’
116 770 202 809 quae
230 757 446 808 scripserat.

168 824 224 860 Ae
242 821 331 859 licet
347 832 462 872 supra
476 819 682 858 dixerimus
698 829 776 855 non
794 818 916 857 videri
940 818 1054 857 nobis
1077 819 1271 858 hominem
1288 821 1403 859 istum
1428 822 1596 862 metrieae

115 885 172 925 rei
193 893 268 924 tam
300 885 463 937 peritum
494 891 537 921 ut
556 882 697 921 multos
711 893 846 920 versus
878 882 926 920 de
954 896 1024 921 suo
1043 883 1203 922 adderet
1224 892 1290 923 aut
1311 898 1485 937 magnam
1506 886 1594 925 libri

113 951 277 1000 alicujus
295 957 442 1002 partem
460 947 587 986 denuo
603 946 791 997 reficeret,
819 947 1012 987 credimus
1038 955 1163 987 tamen
1192 962 1324 988 versus
1347 950 1523 989 undecim
1545 952 1594 990 sa4

114 1016 186 1055 cile
213 1015 263 1054 ab
287 1027 334 1054 eo
355 1012 511 1052 confieri
536 1013 724 1063 potuisse,
745 1012 955 1063 praesertim
978 1012 1239 1065 undequaque
1259 1027 1448 1056 corraSOS.
1467 1016 1592 1055 Porro

113 1080 274 1132 primam
293 1078 408 1130 liujus
428 1077 503 1115 loci
522 1076 752 1115 sententiam
779 1089 800 1114 e
820 1075 922 1116 libro
947 1076 964 1115 1
985 1076 1188 1117 desumere
1204 1080 1358 1131 potuit,
1380 1080 1419 1119 in
1438 1093 1517 1134 quo
1533 1081 1591 1120 le-

112 1153 243 1197 gerat,
266 1157 301 1182 v.
322 1142 410 1190 287,
430 1152 516 1192 sqq.
541 1152 551 1178 ε

265 1200 317 1247 1Ὠ
336 1207 455 1259 γενεῆς
474 1204 576 1252 ἕκτης
595 1206 733 1256 πρῶτον
751 1203 870 1258 γένος,
888 1198 917 1245 ὦ
931 1204 1022 1259 μέγα
1042 1205 1188 1261 χάρμα,

262 1265 331 1315 ‘Hc
348 1271 476 1323 ἔλαχον
499 1267 709 1321 μετέπειτα,
723 1267 775 1307 ὅτ’
796 1268 945 1322 ἔκφυγον
965 1270 1070 1309 αἰπὺν
1090 1270 1255 1325 ὄλεθρον,

262 1334 386 1375 Πολλὰ
405 1333 665 1373 κλυδωνισθεῖσ’
684 1333 746 1385 ἅμ’
764 1334 841 1386 ἐμῷ
860 1333 964 1373 πόσει
981 1333 1041 1373 καὶ
1058 1335 1239 1388 δαέρεσσιν
1253 1366 1267 1388 ‚

263 1399 342 1439 Ἠδ’
364 1401 476 1452 ἐχυρῷ
492 1399 522 1436 θ’
543 1399 649 1451 ἐκυρῇ
668 1413 728 1446 τε,
748 1413 781 1436 κ.
804 1413 838 1439 τ.
859 1400 897 1439 λ.

107 1465 232 1506 Etiam
249 1478 367 1517 quum
388 1470 559 1502 notasset
571 1461 608 1501 id
627 1462 730 1513 quod
745 1462 824 1514 jam
841 1463 1019 1512 diximus,
1034 1464 1160 1515 primo
1176 1464 1276 1504 libro
1292 1474 1379 1505 ante
1392 1467 1584 1507 diluvium

104 1538 143 1570 et
159 1543 278 1582 usque
296 1529 343 1567 ad
371 1536 514 1567 sextam
529 1527 814 1579 generationem
829 1528 974 1578 omnia,
996 1528 1101 1566 velut
1119 1539 1239 1582 gesta,
1260 1531 1433 1579 narrari;
1452 1540 1583 1584 poste-

103 1595 228 1643 riora,
247 1595 353 1633 velut
373 1593 502 1631 futura
515 1622 525 1640 ,
545 1590 703 1643 praedici
718 1605 729 1644 3
743 1592 896 1644 scripsit
911 1591 1000 1631 inde
1024 1607 1110 1645 quae
1128 1602 1349 1646 sequuntur
1373 1611 1381 1633 z

250 1656 325 1702 ,⁶05
343 1657 410 1710 γὰρ
433 1656 509 1708 ἐμοὶ
529 1656 684 1703 δήλωσεν
698 1655 720 1693 ἃ
735 1655 816 1709 πρὶν
830 1659 1030 1710 γενετῆρσιν
1045 1659 1179 1709 ἐμοῖσιν
1196 1690 1206 1708 ,

253 1723 375 1765 Ὄσσα
393 1738 430 1762 τε
447 1722 558 1776 πρῶτ’
575 1720 752 1774 ἐγένοντο,
772 1719 816 1760 τὰ
839 1722 899 1773 μοὶ
913 1721 1003 1767 Θεὸς
1020 1722 1224 1776 ἐγκατέλεξε
1241 1739 1249 1748 ·

255 1789 339 1829 Τῶν
359 1777 546 1840 μετέπειτά
563 1784 600 1825 δὲ
619 1785 734 1826 πάντα
753 1785 842 1831 Θεὸς
857 1786 926 1841 νόῳ
946 1788 1178 1839 ἐγκατέθηκεν
1187 1818 1201 1841 ‚

252 1851 370 1893 Ὥστε
388 1850 637 1907 προφητεύειν,
656 1867 690 1890 κ.
707 1866 740 1890 τ.
758 1852 792 1891 λ.

96 1920 210 1961 Vides
225 1920 325 1959 idem
345 1917 623 1972 praeteritorum
645 1916 942 1969 futurorumque
961 1918 1180 1961 discrimen.
1197 1920 1240 1959 ld
1263 1933 1357 1961 vero
1372 1935 1487 1974 quam
1503 1923 1580 1962 im-

95 1985 224 2039 pedite
249 1983 359 2032 dixit,
386 1994 501 2035 quan]
523 1981 695 2030 confuse,
717 1994 831 2033 quam
855 1983 1112 2035 negligenter!
1142 1985 1175 2023 T
1177 1983 1199 2023 ὰ
1232 1985 1291 2037 μοὶ
1316 1986 1406 2031 Θεὸς
1430 1988 1580 2038 ἐγκατέ-

94 2050 188 2097 λεξε,
210 2058 250 2089 et
273 2048 399 2088 statim
427 2046 516 2090 Θεὸς
544 2045 612 2100 νόῳ
643 2045 885 2097 ε’γκατέοηκεν.
920 2048 1035 2095 Quod
1065 2057 1192 2088 tamen
1220 2050 1346 2103 ipsum
1367 2051 1579 2106 desumpsit

94 2129 117 2156 e
142 2115 244 2155 libro
272 2114 374 2162 vul,
408 2126 447 2152 v.
471 2112 561 2163 359,
588 2110 653 2150 ubi
675 2110 837 2163 legitur:
1113 2124 1120 2131 ·

252 2178 362 2222 Αὐτός
375 2192 435 2229 μοι
448 2176 530 2216 τάδε
549 2176 666 2217 πάντα
687 2177 776 2221 Θεὸς
795 2176 863 2232 νόῳ
878 2177 1094 2229 ἑγκατέδειξε
1109 2211 1120 2228 ,

93 2246 124 2284 si
149 2244 321 2283 codicem
341 2246 371 2282 Α
402 2255 626 2294 sequamur;
646 2242 704 2281 sin
726 2242 843 2291 alios,
867 2242 1046 2289 κατέλεξε.
1075 2245 1138 2284 Sic
1158 2254 1197 2284 et
1223 2258 1387 2298 sequens
1414 2260 1546 2288 versus
1565 2264 1574 2287 :

92 2307 208 2349 Ὥστε
224 2305 516 2362 προφητεύεινμ.
531 2322 565 2347 τ.
582 2308 637 2357 λ.,
650 2306 792 2359 partim
810 2315 868 2346 est
885 2321 933 2346 ex
950 2309 1034 2360 ipso
1047 2309 1150 2348 libro
1170 2311 1246 2359 111,
1268 2325 1306 2352 v.
1328 2313 1418 2361 811,
1433 2314 1573 2365 partim

93 2387 141 2413 ex
165 2375 342 2412 Homero.
367 2372 575 2423 Sequentia
608 2371 656 2410 de
683 2371 830 2410 diluvio
863 2386 906 2410 ac
938 2373 986 2411 de
1016 2374 1163 2414 Noemo
1196 2375 1328 2416 forsan
1353 2377 1444 2416 olim
1477 2377 1573 2417 lecta

93 2439 206 2478 fuisse
235 2437 368 2477 credas
397 2437 508 2476 initio
529 2436 618 2476 libri
643 2437 735 2486 vll,
767 2436 834 2476 ubi
863 2450 986 2489 pauca
1015 2439 1063 2477 de
1087 2439 1163 2479 hoe
1193 2452 1421 2493 argumento
1453 2443 1571 2482 fracta

93 2504 302 2556 mutilaque
321 2511 608 2549 remanserunt,
629 2515 666 2542 v.
687 2503 733 2551 8,
754 2515 837 2554 sqq.
857 2514 868 2549 3

245 2567 325 2607 Nffis'
342 2582 393 2610 τις
411 2567 449 2606 ἐκ
466 2565 608 2604 πάντων
630 2569 755 2618 μοῦνος
774 2566 883 2619 φυγὰς
901 2566 1029 2614 ἤλυθεν
1047 2569 1184 2621 ἀνδρῶν
1196 2598 1206 2617 ,

246 2695 398 2736 Πλεῦσει
414 2697 481 2746 γῆ,
501 2694 644 2733 πλεύσει
661 2693 697 2733 δὲ
712 2694 797 2746 ὄρη,
817 2711 856 2744 κ,
873 2710 904 2733 τ.
924 2696 962 2736 λ.

88 2763 255 2805 Ultimus
283 2760 449 2812 denique
472 2758 620 2810 epilogi
647 2759 757 2797 simul
783 2768 821 2796 et
841 2758 930 2797 libri
953 2773 1085 2799 versus
1115 2775 1159 2800 ex
1191 2771 1327 2803 octavo
1348 2763 1448 2803 libro
1472 2778 1564 2816 pro-

86 2829 177 2878 diit,
202 2825 410 2878 etquidem
433 2836 481 2862 ex
501 2822 586 2861 loco
608 2823 688 2874 jam
708 2837 824 2875 supra
840 2824 980 2874 citato,
1003 2839 1038 2863 v.
1061 2826 1136 2864 360
1159 2840 1166 2864 :

245 2890 316 2931 Καὶ
336 2890 379 2929 δι’
398 2890 482 2939 ἐμοῦ
499 2887 669 2938 στόματος
682 2886 726 2926 τὰ
740 2888 933 2940 λελεγμένα
951 2888 1064 2929 πάντα
1080 2889 1249 2931 τελέσσει.
