1752 3495
141 242 197 286 10
511 240 591 284 AD
626 237 965 283 SlBYLLINOS
995 236 1204 281 LIBROS

131 336 307 389 jubebat.
343 336 433 374 Erat
465 335 621 386 Delphis
650 336 871 384 inscriptum
899 334 971 371 hoc
1000 333 1181 380 exordio,
1209 330 1309 382 apud
1335 331 1583 376 Clementem,

135 403 275 441 Strom.
291 399 356 440 lib.
378 401 414 448 l,
432 414 474 452 p.
496 401 568 445 384
585 432 595 448 ,
615 400 673 438 ed.
695 400 789 438 Ox.:

341 459 395 503 Ὦ
414 463 553 516 Δελφοὶ,
571 463 771 516 Θεράποντες
790 459 959 506 ἑκηὸόλου
980 459 1213 506 Ἀπό)λωνος,

341 520 472 567 ιιἨλθον
494 527 560 579 ἐγὼ
577 529 751 580 χρήσουσα
770 524 849 569 Διὸς
867 523 943 563 νόον
966 524 1133 575 αἰγιόχοιο
1145 553 1157 570 ,

124 642 131 648 ⁵
346 591 636 642 Αὐτοκασιγνήτῳ
653 587 874 641 κεχολωμένη
893 585 1097 626 Ἀπόλλωνι.

137 655 178 692 ln
207 655 283 693 fine
297 667 358 702 se,
377 664 575 706 postquam
601 653 729 691 decem
750 652 1012 703 generationes
1038 650 1203 689 vivendo
1228 656 1410 702 aequasset
1424 677 1434 696 ,
1449 646 1591 697 sagittis

137 719 354 758 confossum
382 720 428 758 iri
449 718 676 771 praedicebat
703 717 752 755 ab
778 718 860 767 ipso
887 716 1088 767 Apolline,
1123 714 1320 753 divinandi
1343 722 1460 752 artem
1487 711 1589 749 invi-

137 783 252 822 dente
266 812 277 830 ,
296 797 340 822 ac
363 797 410 822 ne
426 784 478 821 sic
497 781 650 833 quidem
679 789 766 832 post
785 789 942 818 mortem
964 792 984 816 a
1004 778 1194 818 vaticiniis
1210 785 1451 816 cessaturam.
1470 775 1592 814 Locus

139 857 194 886 est
212 848 312 899 apud
329 848 574 898 Phlegontem
586 875 596 893 ,
613 846 660 884 de
677 847 875 897 Longaevis
887 874 896 892 ,
914 855 996 896 cap.
1014 849 1033 888 Ι.
1053 859 1061 882 2

345 910 448 950 Ἀλλὰ
465 910 499 949 τί
517 910 558 957 δὴ
576 910 783 962 πανόδυρτος
795 940 806 958 ,
828 926 860 948 κ.
879 925 916 950 τ.
934 910 966 947 λ.

189 974 262 1013 Sed
292 975 330 1012 in
361 974 525 1012 decursu
562 975 738 1013 carminis
767 976 927 1026 patriam
961 974 1141 1025 Erythras
1171 969 1400 1022 agnoscebat
1417 998 1427 1017 ‚
1454 969 1594 1007 citante

140 1038 324 1076 Pausania
337 1067 348 1086 ,
370 1039 488 1077 Phoc.
508 1052 593 1089 cap.
627 1052 671 1075 ια
689 1053 699 1075 e

347 1101 435 1151 Εἰμὶ
457 1102 486 1139 δ’
507 1101 574 1152 ἐγὼ
591 1106 735 1152 γεγαυῖα
751 1101 854 1153 μέσον
873 1103 996 1147 θνητοῦ
1010 1115 1049 1138 τε
1071 1103 1148 1142 θεᾶς
1162 1114 1219 1147 τε,

347 1165 494 1218 Νύμφης
512 1166 542 1203 δ’
563 1166 734 1212 ἀθανάτης
747 1195 758 1215 ,
781 1164 910 1217 πατρὸς
925 1165 955 1201 δ’
971 1159 1014 1202 αὖ
1031 1163 1254 1217 κητοφάγοιο,

347 1229 528 1282 Μητρόθεν
551 1228 740 1279 Ἰδογενὴς,
760 1228 885 1282 πατρὶς
904 1227 941 1267 δέ
959 1228 1020 1280 μοί
1038 1229 1129 1266 ἔστιν
1150 1225 1319 1279 Ἐρυθρή.

140 1292 202 1330 Sic
221 1292 372 1343 quidem
392 1293 544 1344 vulgata
568 1303 649 1332 erat
671 1294 801 1341 lectio,
825 1294 909 1330 aliis
929 1293 1016 1330 licet
1030 1293 1211 1330 acerrime
1231 1289 1594 1334 contradicentibus,

141 1357 392 1408 ultimumque
414 1358 694 1396 hemistichium
724 1358 871 1396 diverse
893 1355 1253 1409 interpretantibus,
1269 1369 1406 1406 nempe
1425 1354 1473 1392 de
1494 1355 1597 1392 Mer-

141 1433 283 1467 messo,
311 1422 471 1460 Troadis
499 1422 617 1471 urbe,
644 1436 719 1460 non
756 1422 803 1460 de
835 1422 1010 1472 Erythris
1039 1421 1155 1459 loniae
1178 1433 1193 1458 .-
1229 1433 1303 1471 qua
1329 1419 1376 1456 de
1398 1419 1460 1456 lite
1490 1430 1595 1468 quae-

142 1498 304 1535 cumque
324 1486 474 1525 demum
505 1488 690 1525 sententia
718 1501 804 1525 mox
841 1486 994 1524 ferenda
1031 1486 1077 1524 sit
1111 1486 1256 1536 (confer
1285 1483 1401 1530 infra,
1427 1496 1509 1533 cap.
1537 1482 1599 1531 3),

141 1559 285 1588 certum
304 1559 360 1589 est
377 1552 427 1589 ita
443 1552 566 1590 locum
587 1553 700 1598 hunc,
721 1561 762 1590 ut
781 1551 958 1598 diximus,
978 1564 999 1588 a
1022 1551 1213 1602 plerisque
1230 1550 1367 1587 lectum
1387 1556 1424 1585 et
1452 1546 1598 1584 intelle-

142 1625 242 1653 ctum
261 1616 395 1663 fuisse,
411 1626 525 1668 atque
547 1618 634 1655 inde
653 1618 807 1668 antiqua
833 1615 1036 1653 traditione
1055 1614 1156 1665 apud
1185 1615 1337 1652 Graecos
1362 1611 1475 1661 vulgo
1496 1623 1601 1648 reee-

142 1686 270 1730 ptum,
290 1688 332 1717 ut
352 1689 544 1718 auctorem
564 1681 739 1719 carminis
758 1681 858 1718 illius
877 1679 1059 1730 Sibyllam
1078 1678 1269 1729 Erythris,
1289 1676 1385 1716 Asiae
1401 1675 1517 1719 urbe,
1537 1688 1602 1711 01·-

145 1752 218 1781 tam
233 1745 444 1784 crederent.
464 1746 559 1783 Hinc
575 1754 611 1783 et
624 1745 765 1796 Sibylla
784 1744 979 1795 Erythraea
995 1744 1108 1796 vulgo
1125 1743 1239 1790 dicta,
1261 1750 1297 1780 et
1310 1754 1461 1781 carmen
1479 1739 1600 1791 ipsum

143 1808 380 1857 Erythraeum
400 1809 533 1857 passim
551 1823 571 1847 a
589 1809 700 1847 nobis
721 1809 930 1847 vocabitur.

195 1872 270 1909 Nec
281 1880 405 1910 tamen
420 1873 627 1911 diffitemur
642 1874 827 1924 originem
838 1874 941 1910 illam
951 1886 997 1911 ex
1015 1871 1202 1923 ErythriS,
1215 1871 1293 1924 sive
1302 1869 1388 1920 quis
1398 1869 1602 1907 Mermesso

143 1934 268 1979 malit.
297 1948 344 1973 ex
375 1937 460 1974 Asia
483 1945 585 1975 certe
616 1940 762 1975 minore
789 1937 963 1985 ductam,
991 1937 1088 1974 male
1120 1949 1207 1974 cum
1235 1933 1410 1972 carminis
1445 1931 1602 1970 exordio

144 2001 357 2046 convenire,
375 2001 413 2039 in
432 2015 509 2052 quo
520 2002 661 2053 Sibylla
681 2003 832 2040 videtur
848 2016 894 2040 ex
911 2002 1090 2040 Helicone
1109 2001 1235 2052 potius
1250 1998 1476 2037 descendere
1489 2009 1602 2047 quam

145 2076 191 2101 ex
210 2064 328 2102 altero
347 2066 566 2104 continente
581 2066 731 2105 advehi.
749 2068 840 2105 ltem
860 2065 963 2117 quod
991 2065 1206 2117 Apollinem
1224 2065 1376 2102 fratrem
1397 2069 1508 2099 vocat
1525 2088 1534 2103 .

352 2130 641 2183 Αὖτοκασιγνήτῳ
660 2119 883 2182 κεχολωμένη
900 2129 1110 2176 Ἀπόλλωνι,

144 2203 221 2228 non
239 2190 335 2231 bene
350 2194 515 2232 cohaeret
532 2208 618 2232 cum
638 2195 701 2232 illa
720 2204 919 2246 parentum
937 2194 1152 2232 mentione:
1210 2219 1217 2224 -

354 2257 501 2311 Νύμφης
517 2259 546 2297 δ’
562 2260 734 2306 ἀθανάτης
747 2289 757 2307 ,
774 2259 902 2311 πατρὸς
921 2259 951 2296 δ’
968 2252 1012 2296 αὖ
1030 2257 1254 2311 κητοφάγοιο.

146 2319 279 2370 ltaque
299 2323 461 2373 primum
491 2325 651 2362 intuenti
677 2325 865 2362 succurrit
891 2324 968 2362 duo
995 2323 1050 2362 ibi
1079 2325 1198 2362 inesse
1229 2321 1418 2368 carmina,
1443 2319 1602 2357 alterum

146 2384 372 2436 Delphicum
387 2417 398 2436 ,
430 2388 587 2426 alterum
632 2389 890 2439 Erythraeum,
918 2397 1032 2439 atque
1068 2388 1156 2426 inde
1190 2387 1283 2424 duas
1312 2384 1492 2434 sibyllas,
1527 2394 1604 2419 non

148 2461 258 2486 unam
277 2464 357 2489 esse
374 2453 664 2503 agnoscendam.
682 2453 753 2492 Sed
773 2453 974 2491 Pausanias
996 2452 1043 2490 de
1067 2453 1137 2490 hac
1160 2465 1201 2490 re
1226 2448 1496 2488 disertissimus
1524 2454 1602 2484 est:

149 2512 258 2551 Καλεῖ
277 2514 312 2552 δὲ
331 2516 392 2554 οὐκ
416 2516 603 2570 Ἡροφίλην
624 2517 740 2568 μόνον,
757 2517 846 2555 ἀλλὰ
863 2517 921 2555 καὶ
940 2516 1102 2569 Ἄρτεμιν
1128 2517 1162 2554 ἐν
1189 2519 1259 2557 τοῖς
1278 2512 1392 2551 ἔπεσιν
1409 2509 1528 2556 αὐτὴν,
1545 2508 1604 2546 καὶ

147 2575 358 2625 Ἀπόλλωνος
377 2580 460 2630 γυνὴ
477 2581 612 2634 γαμετὴ
626 2611 636 2630 ,
655 2582 732 2620 τότε
747 2581 783 2620 δὲ
799 2580 928 2633 ἀδελφὴ
941 2611 952 2630 ,
970 2580 1030 2618 καὶ
1049 2575 1143 2622 αὖθις
1166 2578 1317 2628 Θυγάτηρ
1346 2573 1449 2627 φησὶν
1466 2567 1601 2611 εἶναῑω

148 2640 287 2694 ἑτέρωθι
304 2642 338 2681 δὲ
357 2638 434 2683 εἶπε
451 2648 520 2683 τῶν
539 2648 708 2699 χρησμῶν
725 2648 772 2689 ὡς
784 2645 913 2698 μητρὸς
932 2644 993 2695 μὲν
1012 2642 1196 2691 ἀθανάτης,
1214 2642 1334 2679 κ.τ.λ.
1356 2640 1474 2678 Unam
1489 2636 1606 2687 igitur

150 2706 343 2746 mulierem
363 2711 532 2760 agnoscit
543 2741 552 2758 ‚
572 2725 674 2750 nunc
688 2710 936 2763 llerophilam
953 2723 991 2748 se
1007 2717 1228 2754 vocantem,
1243 2719 1342 2743 nunc
1356 2701 1524 2743 Artemin
1539 2712 1605 2738 seu

148 2770 330 2817 Dianam3
351 2782 386 2811 et
402 2775 515 2813 modo
538 2789 576 2813 se
601 2775 789 2827 Apollinis
811 2788 991 2822 uxorem,
1018 2773 1132 2812 modo
1152 2784 1343 2816 sororem,
1363 2766 1476 2806 modo
1492 2765 1603 2802 filiam

150 2834 439 2886 praedicantem3
471 2852 598 2878 rursus
620 2840 702 2878 aliis
733 2838 953 2891 parentibus
982 2840 1168 2890 genitam,
1197 2834 1290 2874 nihil
1316 2832 1363 2871 ad
1393 2829 1603 2881 Apollinem

151 2899 425 2946 pertinentibus
445 2931 453 2949 ‚
486 2903 656 2954 Nymphai
680 2917 812 2953 nempe
845 2903 906 2941 illa
942 2911 978 2940 et
1016 2902 1203 2952 piscatore
1219 2928 1228 2946 ,
1269 2895 1453 2948 κητοφάγῳ
1486 2909 1495 2932 t
1522 2907 1605 2944 flu-“e
