1686 3500
656 211 956 257 excussus
991 213 1071 257 vt.
1353 202 1360 213 ‘
1488 213 1576 258 52t

108 308 233 362 phetis
250 321 364 360 saepe,
381 316 605 360 usurpatum
627 309 819 360 reperitur
847 308 922 347 alio
951 322 1081 358 sensu,
1098 307 1146 348 de
1171 310 1271 361 justa
1289 311 1358 350 Dei
1380 309 1524 349 ultione
1543 310 1583 347 in

109 373 218 413 terris
251 372 446 422 saeviente,
480 375 685 424 praesertim
715 387 836 425 quum
861 373 1016 412 Messias
1036 373 1241 413 adveniens
1275 388 1432 427 regnum
1451 373 1582 426 justo-

107 451 205 485 rum,
217 437 409 489 oppressis
420 436 695 494 debellatisque
706 438 847 488 impiis,
859 437 1126 489 auspicabitur
1136 451 1153 488 ς·
1163 452 1285 490 eoque
1299 452 1409 478 sensu
1426 438 1584 477 omnino

106 501 334 554 capiendum
353 510 433 551 est,
453 501 520 542 lib.
541 502 592 540 ΠΙ
606 532 616 548 ,
636 515 670 540 v.
690 503 790 550 670:

853 565 925 605 Καὶ
943 565 1053 619 κρίσις
1074 567 1190 608 αὐτοῖς

262 626 434 670 Ι’[ἶσσετιιιι
455 631 494 670 ἐκ
513 630 677 682 μεγάλοιο
695 632 807 680 Θεοῦ,
828 631 887 670 καὶ
905 630 1031 675 πάντες
1051 632 1209 670 ὀλοῧνται

265 693 390 748 Χειρὸς
409 696 468 733 ἀπ’
486 695 683 735 ἀθανάτοιο.

107 762 197 799 ltem
217 759 378 808 ibidem,
395 773 431 797 v.
453 760 543 808 686,
569 774 654 812 sqq.
677 775 686 798 ι

472 824 559 864 ”Οτι
577 825 635 864 τὸν
656 824 760 878 νόμον
781 827 842 865 οὐκ
862 824 1016 877 ἔγνωσαν

259 888 352 929 Οὐδὲ
369 888 481 941 κρίσιν
502 890 666 939 μεγάλοιο
686 891 799 929 Θεοῦ.
816 918 826 928 .
843 918 852 929 .

260 953 329 993 Καὶ
349 954 459 1007 κρίνει
476 953 609 997 πάντας
627 953 772 1007 πολέμῳ
790 954 898 1002 Θεὸς,
914 953 977 1002 ἠδὲ
996 954 1156 1009 μαχαίρῃ
1168 985 1178 1003 ,

259 1018 331 1058 Καὶ
349 1017 433 1072 πυρὶ
453 1018 512 1056 καὶ
532 1020 644 1071 ὓετῷ,
664 1035 698 1057 κ.
719 1035 755 1059 τ.
776 1020 809 1058 λ.

99 1082 281 1123 Similiter
302 1091 341 1122 et
371 1083 488 1135 paulo
519 1085 615 1122 infra
629 1115 639 1133 ,
671 1084 736 1122 ubi
758 1099 858 1123 nunc
879 1084 1026 1123 editum
1045 1094 1114 1132 est,
1135 1098 1171 1124 v.
1188 1091 1279 1133 741,
1298 1097 1409 1137 sqq.:

259 1148 417 1189 Ὁππότε
435 1147 476 1197 δὴ
499 1149 558 1188 καὶ
578 1153 679 1190 τοῦτο
697 1149 790 1203 λοίὸῃ
809 1150 906 1194 τέλος
928 1149 1068 1201 αἴσιμον
1089 1144 1186 1203 ἦμαρ
1201 1162 1210 1172 ·

258 1213 360 1259 Ἥξει
377 1214 432 1253 ἐπ’
450 1214 651 1268 ἀνθρώπους
666 1214 812 1265 ἀγαθοὺς
834 1214 997 1267 μεγάλοιο
1012 1216 1089 1254 κατ’
1107 1214 1217 1269 ἀρχήν
1229 1244 1241 1265 ,

102 1281 212 1319 aliter
231 1280 382 1332 legebat
399 1280 620 1319 Lactantius
636 1295 645 1321 :

262 1344 356 1393 Αὕτη
379 1345 444 1399 γὰρ
466 1346 630 1397 μεγάλοιο
649 1347 743 1385 Θεοῦ
766 1346 876 1400 κρίσις
891 1346 952 1394 ἠδὲ
976 1346 1138 1401 καταρχή
1154 1376 1165 1398 ,

101 1410 161 1448 vel
177 1409 239 1457 ἠδὲ
259 1409 318 1448 καὶ
339 1411 448 1463 ἀρχή.
470 1411 564 1457 Quae
590 1411 718 1448 omnia
738 1411 785 1449 de
808 1411 977 1449 terrestri
1003 1411 1150 1449 Messiae
1171 1411 1341 1450 adventu
1360 1412 1462 1462 capi,
1481 1411 1582 1449 adeo

101 1487 179 1512 non
198 1483 255 1514 est
273 1474 427 1525 mirum,
446 1484 489 1513 ut
520 1476 556 1513 in
584 1476 719 1514 eodem
737 1475 837 1514 libro
854 1474 982 1514 eadem
1003 1475 1050 1514 de
1081 1475 1192 1527 Cyri,
1222 1485 1402 1528 tanquam
1433 1475 1583 1515 Messiae

100 1539 310 1592 cujusdam,
324 1541 494 1579 adventu
513 1541 656 1593 scripta
674 1541 861 1593 legantur,
880 1555 917 1580 v.
937 1541 1027 1587 286,
1047 1554 1102 1592 sq.
1123 1556 1130 1578 :

257 1605 326 1644 Καὶ
345 1604 424 1644 τότε
444 1606 484 1652 δὴ
500 1606 588 1648 Θεὸς
609 1607 788 1659 οὐρανόθεν
804 1606 937 1660 πέμψει
957 1607 1131 1658 βασιλῆα,

260 1670 379 1724 Κρίνει
400 1671 430 1709 δ’
449 1670 554 1723 ἄνδρα
572 1671 717 1709 ἕκαστον
739 1673 772 1710 ἐν
793 1670 917 1724 αἵματι
937 1671 996 1710 καὶ
1015 1671 1121 1725 πυρὸς
1139 1673 1241 1725 αὐγῇ.

153 1736 227 1775 Ista
253 1735 356 1787 apud
385 1736 540 1775 Judaeos
561 1745 597 1775 et
625 1737 863 1774 Christianos
887 1737 1143 1774 diversissima
1164 1736 1402 1788 duojudicia
1418 1764 1428 1784 ,
1450 1737 1578 1788 aliqua

100 1808 227 1838 tamen
246 1812 292 1838 ex
316 1808 424 1851 parte
444 1800 599 1848 similia,
622 1813 730 1851 paene
750 1800 883 1839 iisdem
905 1799 1009 1852 apud
1031 1809 1213 1851 utrosque
1232 1799 1427 1839 coloribus
1444 1800 1580 1852 depin-

99 1864 302 1916 gebantur,
324 1873 363 1902 ut
383 1865 550 1902 diximus
577 1881 585 1902 :
609 1873 789 1915 tantaque
819 1864 890 1902 suit
921 1865 967 1902 de
990 1873 1155 1915 utraque
1187 1877 1226 1902 re
1252 1863 1462 1902 similitudo
1493 1877 1580 1902 sen·

99 1930 302 1967 tentiarum
324 1937 360 1966 et
379 1928 610 1974 verborum,
633 1938 675 1966 ut
695 1929 776 1966 haec
792 1929 870 1979 ipsa
896 1928 1083 1979 Sibyllina
1105 1928 1279 1966 vaticinia
1299 1940 1320 1964 e
1341 1928 1452 1966 tertio
1479 1927 1580 1966 libro

99 1994 298 2045 desumpta
321 2002 358 2032 et
383 1993 431 2031 ad
456 1993 677 2032 Judaeorun·
698 2003 861 2032 mentem
881 1994 1128 2045 pertinentia,
1144 2001 1226 2032 tuto
1244 1993 1579 2045 potuer-intortlio-

100 2058 191 2096 doxi
221 2058 353 2095 Patres
377 2057 423 2094 ad
451 2057 688 2095 Christianos
718 2071 852 2095 sensus
884 2057 1098 2097 deflectere.
1126 2058 1182 2095 Eo
1210 2057 1327 2108 magis
1352 2057 1578 2102 millenarii,

98 2121 259 2159 inultum
277 2120 324 2159 de
339 2121 535 2172 judaismo
551 2122 757 2159 retinentes
772 2152 782 2167 ,
809 2122 1018 2160 miscebant
1038 2130 1075 2160 et
1094 2121 1380 2160 confundebant
1395 2121 1578 2173 imagines

97 2187 296 2238 utriusque
310 2187 466 2238 judicii,
486 2201 550 2225 seu
570 2188 697 2238 potius
715 2201 831 2225 unum
847 2201 867 2225 e
887 2187 1037 2226 duobus
1057 2187 1293 2236 conflabant,
1312 2201 1391 2239 quo
1404 2188 1580 2227 Christus

98 2252 254 2290 Messias
276 2253 441 2303 primum
457 2252 494 2290 in
510 2261 631 2291 terras
648 2252 826 2304 delapsus
842 2251 1035 2303 judaicam
1051 2262 1199 2303 gentem
1216 2252 1397 2304 erigebat,
1415 2253 1580 2304 novique

99 2316 208 2367 regni
238 2316 392 2354 initium
427 2316 614 2367 faciebat3
645 2317 785 2355 deinde
806 2318 1125 2369 consurgentibus
1145 2317 1326 2355 adversus
1354 2331 1394 2356 se
1413 2331 1579 2369 suosque

101 2381 228 2432 impiis
252 2381 471 2419 nationibus
499 2395 542 2419 ac
567 2381 735 2433 regibus,
760 2383 863 2420 ultor
884 2383 1035 2420 demum
1052 2395 1167 2420 sacrae
1188 2382 1310 2433 gentis
1329 2382 1374 2420 ad
1389 2382 1577 2433 judicium

100 2455 313 2483 extremum
338 2446 671 2497 progrediebatur.
704 2447 808 2484 Hanc
828 2446 1056 2497 opinionum
1078 2447 1342 2485 confusionem
1373 2447 1576 2498 praesertim

101 2510 200 2548 libro
220 2512 318 2558 vlu,
339 2515 358 2559 S
386 2525 419 2559 1,
439 2512 698 2550 dominantem
716 2511 961 2549 ostendemus
983 2512 1104 2558 infra,
1128 2525 1211 2564 cap.
1234 2525 1297 2551 aa.

153 2576 284 2613 Tertia
301 2589 391 2614 vero
412 2576 582 2626 ejusdem
602 2576 708 2614 verbi
729 2576 960 2627 significatio
983 2577 1084 2627 apud
1111 2576 1325 2626 Sibyllistas
1357 2591 1433 2616 non
1462 2575 1575 2615 semel

100 2639 290 2686 occurrit,
309 2653 352 2677 ac
372 2640 604 2690 praesertim,
627 2640 688 2678 lib.
706 2640 817 2686 Vlll,
835 2654 871 2677 v.
894 2640 995 2678 256:

258 2702 349 2741 Οὐδὲ
366 2702 431 2755 γὰρ
448 2705 481 2741 ἐν
500 2703 598 2755 δόξῃ,
620 2704 698 2741 ἀλλ’
717 2705 761 2746 ὡς
782 2701 900 2756 βροτὸς
916 2705 962 2747 εἷς
980 2704 1092 2755 κρίσιν
1111 2704 1206 2751 ἥξει,

101 2775 134 2803 et
154 2766 296 2805 ibidem
311 2797 320 2814 ,
341 2781 379 2808 v.
407 2769 509 2818 269:

259 2831 406 2882 Γνώμης
421 2826 478 2869 οὖν
496 2831 621 2881 ταύτης
647 2832 865 2884 μεμνημένος
885 2835 933 2878 εἰς
949 2832 1062 2886 κρίσιν
1079 2834 1151 2882 ἥξει
1163 2864 1173 2882 ,

261 2895 457 2934 ’Λντίτυπον
481 2896 624 2947 μίμημα
643 2896 752 2949 φέρων
777 2898 821 2941 εἷς
842 2896 1020 2950 Παρθένον
1041 2897 1169 2949 ἁγνήν,
