1752 3495
119 209 212 255 238
504 209 582 253 AD
616 206 960 253 SIBYLLINOS
995 206 1204 252 LIBROS

119 306 190 344 ista
215 305 436 343 literarum:
468 303 1582 347 ΟῘΙ)ΑΝΟΠΙΣΘΟΜΑΦΥΠΛΣΕΙΣΤΟΠΟΝΕΛΘΙΠΠΩῙ

119 367 1301 409 ΛΓΑΛΙΙΟΜΕΝΟΣΠΑΛΙΝΑΥΚΟΝΙΞΙΣΕΝΟΝῘΙΞΕῘΑΪὝΛ
1321 396 1330 414 ,
1354 367 1454 406 unde
1472 370 1584 408 Klau-

77 480 84 488 ι
118 434 242 473 senius
267 433 498 473 existimavit
526 441 602 472 tres
631 446 760 471 versus
788 445 853 471 seu
882 445 1060 471 versuum
1091 432 1271 484 reliquias
1299 433 1382 471 erui
1410 446 1519 484 posse
1547 436 1584 474 in

118 499 218 536 hunc
237 498 391 536 modum
410 512 419 535 t

326 560 375 602 Οἵ
391 563 421 615 ῥ’
439 560 479 600 ἂν
498 561 612 600 ὄπισθ’
630 558 699 611 ὁμὰ
719 559 827 612 φύσας
835 588 952 600 .....
964 548 969 553 .

325 627 387 670 Εἰς
404 625 510 664 τόπον
529 625 598 663 ἔλθ’
611 624 712 678 ἵππῳ
733 624 966 677 ἀγαλλόμενος
985 625 1090 663 πάλιν
1110 623 1228 664 αὖτὸν’

328 691 388 734 Εἷς
407 689 441 728 ἓν
460 689 497 728 ὃν
515 689 588 737 ἥξει
604 688 690 727 αὗταί
700 717 816 729 .....

117 755 289 802 Quorum
309 755 431 793 media
450 755 656 792 certissima
676 762 784 802 sunt,
812 753 981 805 exceptis
1002 754 1132 805 paucis
1157 752 1334 804 syllabis;
1357 752 1478 804 prima
1499 766 1585 793 vero

117 828 156 858 et
183 820 313 857 ultima
342 828 522 869 corrupta
538 831 649 856 sensu
670 827 819 864 carent,
839 819 1030 868 variisque
1053 818 1282 870 conjecturis
1301 825 1510 868 utcumque
1529 831 1586 856 re-

118 885 179 922 lici
204 892 383 935 possunt,
412 883 512 920 nulla
545 882 727 920 hactenus
759 881 1033 933 satisfaciente3
1053 895 1123 920 nos
1142 883 1292 920 interim
1310 882 1440 934 priora
1460 882 1584 921 saltem

117 949 170 986 ita
185 948 419 998 suspicamur
438 946 672 984 emendanda
691 959 701 985 τ

323 1009 389 1055 Ὃς
409 1009 472 1061 μὲν
490 1010 606 1049 ὄπισθ’
628 1009 694 1049 ἀνὰ
712 1011 802 1062 φῦλα
821 1025 842 1049 σ
851 1039 967 1050 .....

328 1077 391 1119 Εἷς
405 1075 509 1114 τόπον
525 1075 594 1114 ἔλθ’
613 1074 770 1114 ἵπποισιν
790 1074 1023 1126 ἀγαλλόμενος
1040 1075 1146 1113 πάλιν
1165 1073 1267 1113 αὐτόν
1279 1104 1290 1120 ,

327 1142 388 1183 Εἰς
405 1140 440 1178 ὃν
451 1168 567 1180 .....

119 1208 211 1246 Nam
227 1202 266 1244 in
288 1207 411 1258 primo
430 1219 542 1244 versu
562 1206 626 1243 vix
646 1213 796 1256 poterat
815 1205 856 1243 ἂν
877 1205 923 1243 ad
943 1205 1137 1245 Klausenii
1155 1213 1319 1243 mentem
1338 1205 1482 1243 servari
1498 1218 1586 1256 pro-

120 1279 205 1321 pter
221 1270 315 1318 ἔλθ’,
335 1271 375 1308 id
404 1280 477 1319 est,
510 1264 608 1318 ἦλθε,
642 1270 746 1321 quod
772 1270 965 1320 sequitur;
993 1283 1063 1308 nec
1091 1268 1199 1322 φύσας
1215 1283 1301 1307 cum
1328 1269 1484 1319 reliquis
1513 1270 1585 1307 ullo

120 1335 233 1374 modo
251 1336 421 1373 construi
455 1344 594 1386 potest,
630 1343 668 1373 et
701 1344 825 1372 metro
854 1343 1056 1385 repugnat.
1078 1335 1118 1374 Iu
1149 1334 1321 1373 secundo
1347 1333 1585 1372 scribendum

119 1409 217 1440 esset
234 1393 312 1447 ἦλθ’
336 1409 486 1438 assueto
518 1413 647 1447 more,
674 1399 739 1437 sed
768 1398 837 1437 ἔλθ’
863 1400 1016 1451 antiqua
1044 1400 1115 1438 suit
1135 1408 1171 1437 et
1191 1413 1277 1437 vera
1298 1399 1421 1437 lectio.
1444 1399 1585 1437 Deinde

120 1474 280 1503 metrum
301 1473 388 1516 post
402 1462 682 1502 hemistichium
700 1463 914 1508 laborabat,
932 1477 1002 1501 nec
1017 1465 1214 1514 antiquum
1235 1463 1362 1514 potuit
1378 1476 1458 1501 esse
1473 1460 1585 1515 ἵππῳ,

118 1530 300 1581 quoniam
317 1529 518 1579 singularis
538 1542 718 1568 numerus
738 1528 856 1580 epicis
873 1528 1048 1580 moribus
1064 1528 1286 1566 adversatur
1305 1542 1312 1565 :
1330 1528 1465 1566 heroes
1492 1529 1583 1566 enim

119 1594 167 1631 de
187 1607 316 1640 curru,
342 1606 418 1630 non
450 1606 498 1631 ex
523 1606 624 1644 equo
648 1593 881 1645 pugnabant.
906 1593 993 1631 Fuit
1027 1593 1116 1631 olim
1152 1593 1334 1645 scriptum
1362 1590 1519 1643 ἵπποισι,
1543 1606 1584 1631 cx

118 1672 196 1711 quo
209 1688 220 1706 ,
238 1659 378 1697 ultimis
397 1658 512 1696 literis
529 1659 658 1709 erasis,
673 1659 832 1696 sortasse
850 1667 1082 1697 remanserat
1100 1660 1219 1704 ἵπποι,
1236 1659 1463 1710 interpretes
1480 1656 1585 1697 ἵππωι

120 1725 305 1776 legerunt.
323 1727 371 1763 At
386 1725 424 1762 iu
446 1723 558 1762 tertio
583 1737 694 1762 versu
714 1723 831 1762 dubia
850 1732 939 1763 sunt
961 1725 1102 1772 omnia,
1121 1738 1192 1763 nec
1208 1724 1416 1776 quidquam
1436 1724 1584 1763 velimus

118 1802 285 1828 asserere
302 1797 368 1827 aut
388 1802 620 1840 proponere,
639 1789 760 1827 donec
780 1788 993 1840 probabilia
1014 1799 1234 1841 suppetant.

172 1854 284 1901 Quod
316 1854 346 1892 si
377 1853 423 1891 ad
457 1853 734 1892 emendandum
766 1854 870 1892 hunc
902 1854 1027 1893 locum
1061 1868 1211 1893 necesse
1246 1855 1316 1893 fuit
1347 1864 1383 1893 et
1415 1854 1524 1893 nobis
1552 1862 1586 1892 et

122 1918 328 1958 Klausenio
345 1918 516 1956 nonnihil
534 1917 583 1956 ab
603 1918 739 1969 integri
757 1918 936 1956 carminis
957 1920 1193 1957 acrostichiis
1212 1920 1418 1969 discedere,
1446 1934 1491 1958 ne
1508 1920 1586 1970 quis

118 1983 169 2021 ob
189 1996 270 2021 eam
294 1996 371 2021 rem
391 1991 618 2021 succenseat.
636 1984 745 2022 Patet
761 1983 858 2021 enim
881 1983 1117 2022 decemviros
1137 1998 1318 2022 eorumve
1336 1984 1526 2023 ministros
1545 1998 1586 2021 ex

121 2047 322 2086 obliterata
342 2047 520 2098 Sibyllini
542 2047 629 2086 libri
655 2048 842 2099 scriptura
866 2048 969 2099 quod
991 2056 1203 2100 potuerunt
1222 2062 1407 2097 servasse,
1428 2062 1471 2086 ac
1495 2060 1586 2098 saepe

120 2114 286 2165 antiquis
305 2121 419 2164 atque
432 2113 592 2151 insolitis
611 2113 760 2164 apicum
777 2113 955 2152 ductibus
972 2114 1008 2152 in
1024 2106 1192 2152 errorem
1214 2122 1353 2152 tractos
1373 2127 1462 2152 esse.

173 2181 282 2218 Patet
296 2179 409 2217 etiam
425 2179 463 2216 in
480 2179 544 2217 illo
563 2178 661 2216 libro
678 2179 811 2217 factam
830 2179 946 2217 fuisse
963 2180 1192 2218 mentionem
1209 2179 1404 2218 bellatoris
1423 2178 1587 2230 alicujus,

121 2244 188 2295 qui
210 2257 279 2294 per
290 2244 482 2281 consertos
498 2243 746 2294 pugnantium
763 2243 928 2293 ordines,
946 2243 1010 2282 ἀνὰ
1026 2245 1132 2298 φῦλα,
1151 2258 1266 2282 curru
1289 2254 1327 2283 et
1346 2246 1453 2296 equis
1469 2256 1589 2294 super-

123 2308 247 2355 biens,
266 2307 422 2347 ἵπποισιν
441 2308 692 2360 ἀγαλλόμενος,
719 2310 758 2346 in
780 2310 956 2347 eumdem
978 2311 1381 2349 locum‘reverteretur
1401 2310 1499 2348 unde
1518 2311 1587 2347 im-

124 2382 251 2423 petum
276 2381 439 2424 ceperat.
456 2373 556 2411 Nihil
574 2372 636 2411 hic
655 2374 701 2411 ad
722 2375 985 2425 androgynum
998 2404 1008 2422 ,
1027 2375 1121 2412 nihil
1139 2375 1185 2413 ad
1206 2375 1417 2424 Romanos,
1435 2375 1527 2413 nihil
1542 2372 1584 2410 ad

122 2450 229 2475 sacra
248 2451 319 2489 pro
337 2437 489 2488 publica
512 2438 630 2476 salute
651 2439 835 2476 facienda.
857 2441 944 2477 llaec
968 2439 1083 2490 igitur
1097 2440 1227 2477 omnia
1245 2453 1266 2477 a
1284 2437 1587 2490 quindecimviris

124 2502 182 2540 vel
204 2516 335 2539 eorum
357 2502 537 2540 ministris
561 2504 773 2554 excogitata
792 2512 829 2542 et
855 2504 891 2542 in
914 2517 1094 2543 numeros
1114 2505 1280 2555 redacta,
1308 2507 1359 2543 ita
1379 2513 1422 2543 ut
1443 2515 1585 2542 sensum

125 2566 236 2616 plane
264 2579 405 2604 novum
424 2566 636 2614 efficerent,
661 2568 819 2606 servatis
842 2567 1035 2607 veteribus
1054 2569 1262 2617 elementis,
1288 2569 1326 2607 id
1347 2569 1450 2620 quod
1478 2579 1586 2617 supra

124 2628 372 2679 conjectando
391 2637 758 2681 praesum‘pseramus.

177 2696 243 2734 Est
254 2695 357 2733 aliud
372 2696 472 2746 apud
486 2685 748 2746 phlegontem,
760 2695 807 2734 de
819 2696 1029 2747 Lougaevis,
1039 2710 1125 2748 cap.
1143 2702 1182 2744 4,
1197 2698 1450 2747 etZ0simum,
1462 2695 1523 2734 lib.
1540 2693 1585 2741 ll,

121 2762 142 2806 5
163 2759 200 2805 3,
221 2758 445 2808 Sibyllinum
462 2772 689 2810 responsum
707 2760 883 2798 Romanis
899 2760 1028 2798 datum
1046 2761 1093 2799 de
1111 2762 1211 2800 ludis
1227 2761 1476 2801 Saecularibus
1492 2760 1589 2797 insti-

125 2823 292 2871 tuendis,
318 2823 491 2862 versibus
511 2824 603 2862 illud
626 2838 779 2875 quoque
805 2826 988 2877 scriptum
1006 2827 1169 2865 heroicis
1183 2856 1193 2875 ‚
1215 2827 1280 2878 qui
1299 2840 1428 2865 omues
1456 2836 1587 2862 xxxvu

124 2895 231 2936 sunt,
249 2887 315 2925 sed
334 2888 415 2926 sine
431 2888 509 2925 ullo
527 2889 787 2927 acrostichidis
805 2890 964 2941 vestigio
978 2921 987 2939 ‚
1010 2892 1109 2929 unde
1130 2892 1264 2930 salsum
1292 2900 1328 2928 ct
1356 2888 1586 2941 suppositum
