1686 3500
536 337 537 340 ¹
594 375 604 382 ,
660 324 942 371 *xcuasus
977 326 1054 370 vl.
1411 294 1419 306 ¹
1461 328 1550 374 ωε

90 424 222 463 nielem
242 422 438 462 inducitur
453 415 528 463 sub
551 423 732 475 allegoria
759 436 878 462 cornu
909 423 1104 476 cujusdam
1135 424 1285 475 parvuli
1315 433 1402 476 post
1426 426 1560 466 decem

91 489 159 527 alia
177 488 451 528 succrescentis
461 496 520 539 ‚et
538 487 660 527 tribus
676 488 830 527 illorum
843 489 986 527 eversis
1003 489 1039 527 in
1056 488 1322 528 incredibilem
1340 490 1556 542 snperbiam

89 552 340 603 assurgentis,
358 566 443 603 cap.
464 566 504 603 7,
525 565 562 590 v.
586 553 623 596 8.
649 565 745 603 sqq,
775 566 861 604 quae
880 553 934 591 sic
961 553 1127 605 Angelus
1155 553 1439 604 interpretatur,
1458 554 1556 596 ibid.

88 631 120 656 v.
139 617 202 663 23,
216 629 274 667 sq.
292 630 301 654 τ
317 633 334 651 α
351 617 474 655 Bestia
492 624 627 668 quarta
639 629 798 668 regnum
815 625 992 668 quartum
1005 618 1078 656 erit
1091 618 1127 655 in
1140 625 1239 656 terra
1252 616 1387 672 [Syriae
1397 631 1556 671 regnum

88 699 102 715 a
119 677 316 734 intellige],
331 680 436 732 quod
451 678 572 730 majus
582 680 654 718 erit
668 679 859 719 omnibus.
875 681 1000 719 Porro
1014 694 1158 719 cornua
1172 681 1301 719 decem
1317 681 1435 733 ipsius
1449 685 1557 733 regni

87 764 102 780 ι
114 745 244 783 decem
261 757 367 796 reges
376 753 487 783 erunt
501 742 646 799 [decem
658 758 797 797 nempe
810 746 930 796 Syriae
946 759 1065 798 reges,
1076 746 1263 784 numerati
1277 745 1326 784 ab
1341 747 1558 786 Alexandro

88 827 102 842 ι
118 808 276 860 ejusque
296 809 577 848 suecessoribus
596 810 742 848 Aridaeo
756 819 794 848 et
815 809 925 862 AEgo,
947 823 1068 861 usque
1091 810 1137 848 ad
1158 810 1356 848 Seleucum
1375 811 1559 863 Philopa-

87 892 101 907 ι
117 871 271 927 torem}
297 875 341 912 Et
362 875 459 913 alius
480 883 684 927 consurget
703 883 791 926 post
811 887 876 913 eos
895 874 1126 927 [Antiochus
1147 873 1402 929 Epiphanes],
1421 883 1458 913 ct
1476 876 1557 927 ipse.

86 956 101 972 a
120 938 315 989 potentior
334 939 406 977 erit
423 938 643 991 prioribus,
665 948 703 977 et
727 949 800 977 tres
822 952 928 991 reges
950 938 1168 977 humiliabit
1185 937 1274 993 [tres
1297 953 1436 991 nempe
1451 941 1559 992 prio-

86 1016 172 1041 ·res
194 1003 268 1042 sibi
295 1004 542 1056 cognomines
569 1004 793 1052 Antiochus,
818 1004 959 1056 quihus
978 1006 1060 1057 ipse
1086 1003 1209 1057 major
1234 1018 1418 1043 evasurus
1444 1005 1557 1058 erat]‚

85 1085 99 1101 α
114 1075 151 1105 et
168 1080 361 1106 sermones
391 1077 524 1106 contra
548 1069 747 1107 Excelsnm
771 1069 968 1120 loquetur,
989 1077 1026 1106 et
1046 1078 1197 1106 sanctos
1219 1069 1396 1107 Altissimi
1414 1069 1467 1121 [id
1488 1078 1557 1117 est,

85 1149 99 1165 n
117 1131 288 1183 Jndaeos]
303 1140 485 1170 conteret.
497 1150 513 1166 υ
529 1133 688 1184 Reliqua
704 1133 842 1171 deiude
859 1133 905 1171 ad
924 1133 1162 1185 Epiphanem
1179 1134 1300 1185 gentis
1313 1142 1350 1172 et
1362 1133 1558 1185 religionis

80 1196 244 1250 judaicae
256 1206 535 1249 persecutorem
550 1199 651 1237 haud
665 1199 828 1239 obscure
842 1200 1044 1251 pertinent.
1056 1200 1150 1247 Qnae
1163 1208 1285 1238 tamen
1298 1199 1424 1238 omnia
1434 1199 1556 1239 Judaei

87 1262 337 1310 recentiores,
358 1263 447 1314 quia
469 1272 637 1303 extrema
665 1264 777 1316 hujus
803 1264 1040 1316 prophetiae,
1063 1278 1146 1316 cap.
1176 1278 1237 1315 ια,
1257 1263 1304 1302 de
1318 1263 1467 1315 judicio
1488 1265 1558 1303 Dei

86 1326 217 1365 futuro
234 1335 321 1378 post
335 1327 441 1365 illum
459 1328 607 1367 hostem
624 1328 867 1376 debellatum,
885 1329 930 1367 ad
950 1329 1190 1380 Epiphanem
1210 1328 1342 1366 referri
1360 1342 1468 1379 posse
1480 1342 1555 1367 non

85 1390 314 1430 videbantur
337 1391 422 1445 (nee
458 1393 618 1442 mirum,
640 1402 798 1446 propter
823 1394 1013 1445 ingentem
1038 1407 1164 1432 rerum
1193 1393 1366 1432 lacunam
1396 1407 1481 1445 quae
1504 1392 1557 1431 lbi

87 1464 189 1506 patet
218 1456 317 1495 intm·
335 1458 461 1510 capita
490 1472 530 1494 11
555 1466 593 1496 et
618 1461 694 1510 12),
713 1464 773 1505 ea,
789 1459 961 1509 inquam,
982 1458 1110 1496 omnia
1136 1459 1244 1496 novis
1269 1458 1559 1496 commentatio-

86 1519 196 1559 nibus
214 1522 252 1559 in
274 1535 415 1560 novum
439 1536 590 1560 sensum
615 1522 782 1571 detorta,
811 1537 831 1561 a
849 1523 1052 1575 praeteritis
1073 1522 1118 1560 ad
1143 1523 1271 1561 sutura
1292 1526 1569 1569 retraxerunt;‘'

86 1593 122 1622 et
145 1597 214 1634 pro
238 1586 429 1624 Antiocho
460 1595 613 1625 mortuo
644 1587 817 1637 nullique
843 1588 920 1638 jain
942 1587 1138 1634 timendo,
1168 1586 1327 1637 impium
1353 1585 1557 1637 quemdam

86 1663 127 1687 ac
150 1649 414 1690 detestabilem
446 1652 640 1690 hominem
675 1652 889 1690 novissimis
920 1652 1050 1690 mundi
1079 1651 1317 1703 temporibus
1335 1660 1557 1700 venturum,

86 1713 193 1765 qu'us
208 1715 430 1767 Epiphanes
449 1717 566 1767 iigura
585 1725 728 1755 tantum
750 1716 896 1763 suisset,
916 1725 1137 1767 exspectare
1156 1723 1373 1767 coeperunt.

138 1777 210 1817 Ubi
226 1792 317 1816 vero
331 1779 523 1818 increbuit
536 1780 598 1818 illa
615 1793 713 1820 nova
728 1779 896 1818 Danielis
910 1779 1186 1831 interpretatio,
1202 1789 1279 1817 tum
1293 1780 1388 1818 alios
1402 1793 1558 1830 quoque

84 1842 290 1895 Scripturae
306 1845 410 1883 locos
424 1845 557 1884 eodem
578 1845 802 1897 pertrahere
815 1845 942 1882 conati
959 1854 1064 1894 sunt,
1080 1845 1224 1883 utillud
1241 1845 1378 1884 Geues.
1391 1858 1476 1897 cap.
1494 1849 1559 1895 49,

85 1921 121 1945 ν.
149 1922 191 1956 ¹7
215 1922 224 1946 ε
244 1926 259 1942 κ
278 1908 361 1947 Fiat
383 1911 465 1948 Dan
493 1910 653 1949 coluber
678 1910 715 1948 in
743 1911 826 1956 via,
854 1906 1019 1948 cerastes
1049 1911 1087 1948 in
1111 1911 1245 1948 semita
1277 1909 1455 1948 mordens
1487 1923 1558 1948 un·

86 1990 99 2005 κ
116 1972 221 2023 gulas
243 1973 355 2024 equi,
386 1974 553 2013 utcadat
573 1988 751 2012 ascensor
781 1974 863 2026 ejus
883 1983 1003 2015 retro.
1030 1992 1044 2009 »a
1072 1975 1120 2013 Et
1140 1983 1261 2013 totum
1282 1974 1440 2013 Davidis
1460 1974 1559 2026 psal·

86 2050 188 2075 mum
208 2050 229 2075 2
251 2053 260 2076 x
279 2055 295 2072 ἰ
313 2038 699 2085 Quarefremuerunt
718 2047 866 2090 gentes,
888 2047 961 2076 etc.
981 2056 996 2072 ι·
1018 2039 1065 2078 Et
1083 2039 1182 2077 lsaiae
1198 2040 1322 2077 locum
1342 2038 1389 2077 <le
1406 2039 1558 2078 Christo

85 2102 235 2149 Messia‚
251 2116 339 2154 cap.
357 2117 371 2141 x
385 2118 418 2148 x.
433 2117 472 2143 v.
496 2109 515 2148 l,
536 2117 544 2141 :
564 2121 579 2136 e«
596 2103 739 2154 Spiritu
758 2103 946 2142 labiorum
965 2117 1120 2142 suornm
1136 2104 1338 2142 interficiet
1355 2103 1514 2155 impium
1529 2120 1556 2141 ι.

87 2168 135 2206 Et
151 2181 236 2218 quae
253 2168 432 2219 praedixit
453 2168 627 2208 Ezechiel
643 2169 690 2207 de
706 2170 790 2220 Gog
806 2177 844 2208 et
858 2169 1008 2220 Magog,
1021 2182 1106 2221 cap.
1123 2169 1186 2220 38,
1201 2182 1256 2220 sq.
1277 2168 1412 2209 Omnia
1433 2176 1556 2207 tamen

86 2231 197 2270 nimis
210 2232 400 2270 violenter
414 2233 488 2271 huc
507 2234 663 2271 intrusa.
678 2234 772 2272 Nam
796 2234 987 2271 Geneseos
1009 2233 1113 2271 locus
1133 2234 1190 2271 vel
1212 2234 1295 2284 ipso
1316 2232 1447 2284 priore
1468 2245 1557 2269 ver-

87 2296 206 2334 siculo
220 2296 451 2349 interpretes
468 2310 556 2336 suos
575 2298 656 2336 falsi
679 2298 817 2349 arguit,
838 2297 905 2335 ubi
925 2297 977 2335 sic
993 2297 1143 2348 legitur,
1169 2310 1204 2336 v.
1232 2298 1275 2334 16
1295 2311 1303 2335 τ
1320 2315 1335 2330 ιι
1360 2295 1561 2347 Danjudi-

87 2361 188 2399 rabit
211 2362 396 2414 populum
415 2376 539 2411 suum,
559 2363 657 2400 sicut
671 2362 802 2401 et'alia
822 2361 945 2400 tribus
968 2363 1005 2400 in
1028 2363 1143 2401 lsrael
1163 2380 1197 2410 u,
1222 2360 1324 2414 quod
1348 2370 1423 2399 tam
1445 2361 1559 2412 louge

87 2426 134 2462 ab
152 2426 370 2464 Antichristi
385 2427 542 2465 notione
559 2427 689 2474 distat,
713 2435 753 2464 ut
766 2426 879 2465 nobis
893 2427 1047 2478 quidem
1061 2427 1235 2465 videntur
1245 2439 1408 2477 sequens
1427 2438 1559 2464 versus

86 2490 179 2528 nihil
196 2490 299 2529 aliud
317 2505 430 2542 qnam
447 2490 612 2529 indolem
631 2492 855 2530 Danitarum
877 2492 1047 2539 innuere,
1062 2492 1205 2530 vasi-am
1223 2490 1395 2529 videlicet
1408 2499 1444 2529 et
1460 2498 1558 2528 astu-

89 2563 177 2594 tam.
205 2556 404 2595 Secundus
431 2556 597 2607 psalmus
619 2555 665 2594 ad
693 2556 840 2595 Messiae
859 2557 993 2594 laudes
1018 2557 1228 2608 pertinens,
1255 2556 1346 2593 (lum
1368 2555 1406 2593 in
1429 2554 1558 2592 hostes

87 2621 166 2672 ejus
183 2620 390 2667 invehitur,
413 2621 828 2672 Antichristi-pers'onae
844 2621 938 2659 nihil
960 2622 1161 2672 proprium
1182 2620 1310 2659 habet.
1337 2620 1442 2659 Isaiae
1460 2632 1559 2670 quo-

88 2698 162 2735 que
178 2686 297 2732 locus,
318 2687 388 2724 etsi
410 2686 570 2736 figurate
589 2685 636 2723 de
653 2685 724 2723 hac
739 2699 780 2723 re
797 2698 817 2724 a
840 2685 930 2724 ‹livo
953 2687 1072 2725 Paulo
1084 2685 1383 2738 usurpatus,ln¹c
1401 2683 1559 2736 proprie
1611 2682 1614 2685 ’

88 2762 162 2786 non
190 2751 374 2801 pertinct3
400 2750 559 2802 impium
590 2749 735 2802 quippe
769 2750 980 2801 quemlibet
1009 2750 1146 2802 tangit,
1177 2764 1253 2789 non
1281 2748 1556 2787 Antichristum

90 2813 222 2851 solum.
238 2814 286 2852 Et
303 2815 423 2852 multo
440 2814 564 2852 minus
581 2814 627 2852 ad
646 2814 718 2852 hoc
733 2824 1001 2865 argumentum
1024 2814 1233 2853 referendae
1247 2822 1333 2852 sunt
1347 2811 1558 2865 prophetiae

90 2876 136 2914 de
163 2878 247 2929 (ἷος,ν
274 2886 312 2915 et
335 2878 491 2929 Magog,
516 2891 602 2929 quae
622 2891 700 2916 non
730 2878 806 2915 alio
830 2877 1038 2930 respiciunt
1064 2892 1177 2930 quam
1196 2878 1243 2916 ad
1264 2877 1490 2928 Scytharum
1515 2875 1573 2932 in·

91 2951 227 2981 terrani
244 2952 411 2980 sanctam
430 2943 680 2995 irruptioneS.
1202 2986 1205 2990 ,

140 3008 224 3057 (ing
240 3006 337 3044 enim
359 3008 540 3045 Getarum
562 3022 624 3045 sen
652 3006 878 3057 Scytharum
899 3016 1064 3058 gentem,
1092 3008 1227 3059 Magog
1247 3016 1369 3047 nutem
1391 3004 1555 3060 populo-5

203 3178 218 3191 Ν
902 3176 908 3183 ι
1041 3169 1062 3183 Δ
