1737 3495
167 257 258 301 :322
547 254 627 298 AD
662 253 999 300 SIBYLLINOS
1033 252 1245 298 LIBROS

162 352 210 390 de
228 350 376 389 decima
404 351 649 402 generatione.
672 359 710 389 et
727 350 775 389 de
802 351 954 390 Saturni
972 363 1060 389 cum
1079 350 1216 389 Titane
1234 348 1350 397 bello,
1373 363 1459 401 quae
1477 352 1557 402 ipsa
1573 354 1624 394 le-

161 424 302 466 guntur
317 428 355 452 tu
378 414 478 451 libro
495 422 646 462 nostro,
667 428 700 452 v.
726 416 810 462 108,
827 427 935 464 sqq.:

369 477 439 521 Καὶ
455 477 531 516 τότε
550 476 591 525 δὴ
614 478 740 524 δεκάτη
756 476 855 529 γενεὴ
873 476 1034 530 μερόπων
1049 475 1248 529 ἀνθρώπων.

374 568 1227 582 .................................

367 604 436 643 Καὶ
457 605 639 656 βασίλευσε
659 603 809 657 Κρόνος,
828 605 886 644 καὶ
903 603 1030 654 Τιτὰν,
1050 604 1204 648 Ἰαπετός
1223 620 1280 652 τε,

371 696 540 708 .......
566 669 625 706 καὶ
643 666 843 719 μαχέσαντο
863 668 991 720 Κρόνος
1007 667 1117 706 Τέταν
1136 682 1174 705 τε
1190 667 1273 720 πρὸς
1288 662 1424 711 ἀὐτούς

157 733 280 771 Porro
308 731 550 782 Abydcmus,
579 732 642 782 qui
668 733 866 782 Assyriaca
897 732 1123 782 scripserat,
1155 731 1203 770 ab
1223 731 1391 770 Eusebio
1415 745 1514 784 saepe
1536 734 1621 773 cita-

158 806 228 844 tus,
245 810 315 835 nec
331 796 622 835 confundendus
641 810 726 834 cum
750 795 971 847 Palaepliato
988 795 1175 847 Abydeno
1193 797 1403 835 Aristotelis
1424 797 1620 848 discipulo,

154 860 324 900 secundo
345 862 401 898 vel
424 860 548 909 primo
563 870 649 898 ante
665 861 856 899 Christum
875 861 1012 898 saeculo
1028 861 1167 898 vixisse
1187 861 1369 909 creditur,
1388 870 1430 900 ut
1447 869 1484 899 et
1500 862 1622 914 Eupo-

155 927 297 972 lemus,
333 934 500 963 ceterum
527 926 694 975 ignotus,
726 925 922 976 antiquior
961 933 1085 963 tamen
1108 925 1324 962 Alexandro
1368 925 1618 976 Polyhistore,

153 991 264 1040 Syltae
294 1003 433 1028 cuaevo.
463 990 547 1028 Jam
572 998 651 1027 tum
686 990 803 1041 igitur
827 990 885 1027 vel
918 990 965 1027 iis
998 989 1186 1027 ambobus
1211 990 1269 1027 vel
1291 990 1420 1027 saltem
1450 990 1618 1030 alterutri

153 1054 372 1091 innotuerat
393 1054 525 1091 tertius
555 1061 685 1090 noster
702 1053 910 1103 SibleInus
926 1053 1036 1099 liber,
1051 1054 1131 1091 sive
1149 1066 1192 1091 ea
1206 1062 1308 1091 certe
1326 1066 1411 1104 pars
1430 1053 1556 1104 inqua
1574 1056 1618 1093 de

155 1119 251 1156 turri
271 1117 443 1156 uabeliea
459 1118 595 1168 agitur.
613 1117 823 1169 Josephum
840 1132 930 1156 vero
950 1132 996 1156 ex
1013 1118 1106 1168 ipsis
1120 1118 1339 1169 Sibyltisxis‚
1355 1131 1430 1155 non
1449 1124 1490 1156 ut
1510 1119 1618 1159 alicui

153 1181 274 1219 videri
298 1181 442 1232 possit,
471 1194 517 1218 ex
538 1180 725 1230 Abydeno
746 1182 803 1219 vel
836 1182 1048 1232 Eupolemo
1080 1195 1146 1220 sua
1172 1181 1446 1232 desumpsisse,
1481 1183 1617 1222 indicio

153 1257 233 1282 esse
253 1252 377 1295 potest
397 1244 501 1295 quod
523 1245 603 1295 ipse
619 1243 799 1295 Sibyllam
820 1245 908 1283 citet
928 1255 1146 1293 auctorem,
1168 1246 1302 1284 ceteris
1324 1246 1581 1286 reticentibus.

204 1308 258 1346 Ex
286 1308 350 1346 illa
381 1316 508 1347 vetere
530 1308 668 1346 horum
700 1309 909 1347 carminum
935 1310 1032 1348 sama
1064 1317 1313 1347 manaverunt
1334 1311 1467 1360 procul
1501 1310 1615 1349 dubio

149 1372 276 1410 omnia
297 1385 382 1423 quae
402 1372 450 1410 de
473 1372 628 1410 Hebraea
652 1386 717 1410 seu
743 1373 902 1412 Juda'ica
921 1387 987 1412 scu
1021 1373 1195 1414 Chaldaea
1217 1373 1377 1424 Sibylla,
1406 1374 1614 1421 Pausauiae,

149 1437 275 1475 Suidae
306 1438 544 1488 aliorumque
576 1437 792 1476 testimonia
825 1439 1055 1488 protulimus
1076 1439 1113 1476 iu
1140 1439 1232 1477 Exc.
1247 1439 1288 1485 1,
1311 1452 1395 1489 cap.
1424 1440 1467 1477 15
1491 1454 1498 1477 :
1520 1440 1614 1477 unde

151 1501 248 1538 male
276 1501 466 1539 interdum
500 1501 667 1552 ejusdem
697 1502 946 1553 prophetissae
973 1515 1111 1540 nomen
1132 1502 1182 1540 ‘ad
1215 1511 1360 1540 ceteros
1379 1516 1532 1553 quoque
1557 1503 1613 1541 Si-

149 1565 311 1616 byllinos
329 1566 446 1604 libros
465 1567 676 1605 traductum
694 1576 762 1605 est.
790 1570 912 1618 Atque
934 1577 975 1605 ut
1001 1567 1182 1606 addamus
1200 1569 1372 1619 ipsorum
1397 1567 1611 1617 Sibyllista-

148 1643 231 1668 rum
252 1631 449 1682 suffragia,
467 1631 646 1669 videntur
671 1632 845 1682 plerique
868 1631 914 1669 ad
938 1631 1002 1669 lias
1026 1631 1113 1670 libri
1133 1633 1234 1670 tertii
1258 1642 1384 1683 partes
1403 1646 1611 1670 accommo-

146 1695 254 1733 dasse
285 1695 428 1745 poesim
459 1708 575 1734 suam.
610 1696 739 1746 Neque
759 1696 858 1734 enim
884 1695 1046 1734 dubium
1078 1696 1167 1734 liint:
1194 1696 1312 1747 petita
1344 1710 1423 1734 esse
1457 1697 1610 1747 quaede

146 1760 241 1798 turri
267 1759 378 1797 Babel
399 1773 441 1797 ac
462 1759 508 1798 de
535 1760 749 1810 linguarum
767 1759 1003 1811 dispersione
1023 1760 1082 1798 vel
1100 1760 1305 1799 traduntur
1327 1761 1384 1798 vel
1405 1762 1610 1799 innuuntur

143 1823 247 1875 apud
262 1823 435 1874 Nostros,
457 1823 523 1862 lib.
540 1817 642 1872 VIII,
664 1830 700 1869 l„
720 1837 820 1875 sqq.;
839 1824 906 1872 XI,
932 1831 995 1875 49,
1020 1825 1112 1870 1163
1137 1825 1225 1862 item
1246 1824 1293 1862 de
1319 1825 1530 1875 primorum
1547 1826 1608 1863 im-

145 1888 338 1938 periorum
364 1888 622 1936 successione,
645 1888 709 1926 lib.
731 1889 793 1936 lv,
824 1893 886 1939 49,
905 1901 1007 1939 sqq.;
1037 1888 1143 1935 VIII,
1176 1890 1215 1938 6,
1235 1900 1340 1939 sqq.;
1367 1889 1413 1939 V,
1436 1895 1479 1935 4,
1509 1902 1606 1940 sqq.;

143 1952 214 1997 XI,
237 1964 301 1997 20,
321 1965 423 2002 sqq.;
446 1951 533 1989 item
551 1951 598 1990 de
613 1951 836 1991 ,Iudaeorum
854 1965 919 1990 seu
936 1951 1237 1991 Christianorum
1259 1951 1449 1997 laudibus,
1471 1952 1607 2000 lib.1v‚

147 2021 208 2062 24,
225 2029 332 2066 sqq.;
359 2016 405 2063 V,
428 2022 519 2065 402,
540 2029 622 2067 sqq.
639 2017 723 2066 Ipse
739 2015 836 2054 liber
853 2017 886 2054 V
907 2016 1106 2054 manifesto
1127 2014 1172 2054 ad
1195 2014 1336 2054 librum
1365 2016 1515 2054 tertium
1547 2030 1606 2053 nos

146 2081 315 2126 remittit,
340 2093 456 2131 quum
476 2080 631 2120 Judaeos
650 2080 756 2131 prius
776 2094 794 2117 a
816 2093 855 2118 se
875 2079 1047 2118 laudatos
1069 2088 1264 2132 memorat,
1290 2094 1324 2118 v.
1355 2081 1427 2118 150
1453 2095 1461 2117 ε
1483 2079 1606 2122 “Occu:

145 2143 282 2196 ὕμνησα
303 2143 456 2187 δικαίως.
1139 2136 1144 2141 .

195 2209 401 2247 Senserunt
420 2208 500 2246 baec
520 2208 647 2246 omnia
661 2216 698 2246 et
720 2208 852 2246 saltem
867 2207 1051 2258 pleraque
1066 2216 1295 2246 notaverunt
1312 2208 1384 2246 viri
1404 2208 1604 2259 gravissimi

143 2282 180 2312 et
200 2273 408 2311 doctissimi
423 2273 488 2324 qui
508 2272 556 2310 de
573 2272 647 2310 hoc
665 2280 888 2323 argumento
905 2280 993 2309 ante
1013 2285 1082 2309 nos
1098 2281 1257 2323 egerunt
1277 2274 1463 2324 Bit-eitius,
1493 2275 1603 2311 Theoi.

141 2337 331 2384 zeitschr„
350 2335 472 2374 Berol.
497 2338 686 2386 1819·20;
702 2336 920 2379 GfroreruS,
935 2336 1094 2372 Kriu'sclc
1110 2337 1327 2384 Gesclticltl„
1343 2337 1483 2388 Stuttg.
1503 2337 1603 2382 1831;

145 2400 384 2445 Klausenius,
417 2402 505 2438 AEn.
527 2400 607 2435 und
627 2401 688 2435 die
705 2401 852 2445 Penne„
876 2397 1010 2436 IIaml).
1031 2408 1069 2436 et
1088 2399 1203 2437 Goth.
1234 2399 1344 2448 1839.
1364 2401 1504 2438 Verum
1526 2398 1603 2436 abs-

144 2477 219 2514 que
250 2463 401 2501 illorum
433 2462 604 2500 virorum
620 2462 778 2513 judicio,
805 2471 860 2500 tot
878 2471 1050 2501 veterum
1084 2463 1299 2501 testimonia
1321 2472 1375 2502 tot
1398 2465 1480 2502 aliis
1498 2478 1602 2515 argu-

145 2528 279 2565 mentis
295 2527 390 2565 sulta
410 2527 475 2565 vix
494 2527 619 2564 locum
639 2526 845 2565 dubitandi
870 2527 1090 2578 relinquunt
1113 2541 1121 2565 ε
1141 2535 1182 2566 ut
1197 2528 1276 2579 jam
1291 2540 1600 2579 supervacaneum

143 2593 192 2629 sit
216 2590 482 2629 minutioribus
513 2590 688 2628 insistere
719 2590 897 2629 dictionis
927 2599 1040 2642 atque
1070 2599 1272 2641 syntaxeos
1303 2591 1474 2640 indiciis,
1508 2604 1601 2640 quse,

144 2655 322 2707 quoniam
353 2654 399 2692 ad
421 2669 498 2692 rem
532 2655 817 2706 grammaticam
853 2656 1066 2707 pertinent,
1101 2655 1233 2693 melius
1255 2665 1291 2693 et
1312 2655 1543 2694 commodius
1568 2653 1599 2690 ia

145 2722 356 2760 Excursum
374 2719 443 2757 VII
472 2719 778 2759 reservabuntur.

193 2784 320 2823 Unum
351 2782 555 2830 addemus,
579 2783 675 2821 adeo
697 2784 867 2821 vivacem
892 2783 1005 2820 fuisse
1034 2783 1081 2821 de
1102 2783 1204 2822 tertii
1223 2783 1310 2822 libri
1330 2797 1394 2822 seu
1420 2784 1543 2835 potius
1558 2781 1599 2818 de

140 2851 276 2888 harum
297 2847 461 2899 partium
483 2843 708 2898 antiquitate
725 2847 981 2893 traditionem,
1005 2856 1043 2886 ut
1065 2861 1178 2886 nemo
1194 2861 1346 2887 carmen
1366 2848 1439 2886 hoc
1456 2847 1598 2885 dubim-

142 2922 198 2953 ret
219 2911 422 2964 Erythraea:
441 2910 607 2962 Sibyllae,
625 2919 802 2963 tanquam
823 2912 993 2949 omnium
1009 2912 1292 2963 antiquissimae,
1314 2912 1494 2961 tribuere.
1512 2911 1597 2948 ltine
