1686 3500
647 196 952 243 EXCURSUS
988 199 1064 245 vt.
1162 229 1170 234 .
1370 192 1378 204 ⁸
1500 200 1591 245 523

278 293 436 347 Σάλπιγξ
451 295 481 333 δ’
501 294 681 348 οὐρανόθεν
703 293 819 347 φωνὴν
838 293 1052 348 πολύθρηνον
1071 293 1198 348 ἀφήσει
1209 324 1222 346 ,

275 358 452 413 Ὠρύουσαι
466 356 574 410 μύσος
589 356 721 408 μελέων
737 358 794 396 καὶ
812 356 962 408 πήματα
981 357 1129 408 κόσμου.

119 428 205 473 Quo
230 437 328 464 sono
349 432 551 463 commotae
578 423 716 461 inferni
745 423 883 460 domus
912 432 1110 474 patescunt
1135 423 1321 471 funditus,
1343 433 1381 463 et
1408 425 1595 463 inclusam

118 494 194 528 suis
208 488 368 528 latebris
389 488 589 527 hominum
613 487 897 526 multitudinem
919 487 965 525 ad
979 487 1170 540 judicium
1195 488 1390 539 emittunt,
1406 489 1504 528 sicut
1518 488 1594 528 ibi-

118 556 203 594 dem
225 556 351 594 statim
372 554 546 602 additur,
566 555 667 602 Vlll,
685 567 723 594 v.
745 560 815 599 πίῃ
830 581 840 600 ,
860 567 945 605 sqq.
967 569 975 592 :

275 619 477 673 Ταρτάρων
501 617 538 657 δὲ
559 618 646 671 χάος
665 617 742 656 τότε
762 617 862 663 δείξει
881 623 964 669 γαῖα
984 622 1152 670 χανοῦσα.

275 683 424 729 Ἥξουσι
444 682 472 721 δ’
492 682 550 721 ἐπὶ
569 684 666 734 βῆμα
687 683 782 721 Θεοῦ
796 712 806 730 ,
826 697 857 719 κ.
879 697 914 722 τ.
936 683 969 720 λ.

174 749 261 786 Haee
281 755 406 785 tamen
426 747 641 798 periculum
663 755 717 783 est
735 760 783 783 ne
804 759 880 783 non
901 746 992 783 satis
1006 735 1197 796 Sibyllino
1213 759 1324 785 sensu
1348 746 1600 798 accipiantur,

120 812 191 851 nisi
216 812 310 864 quid
341 812 449 863 prius
473 811 522 850 de
557 819 798 848 mortuorum
827 819 913 849 ante
935 810 1127 861 judicium
1160 818 1259 850 statu
1288 810 1431 850 dictum
1469 811 1598 852 suerit.

119 876 346 927 Sibyllinam
371 876 419 914 de
444 888 484 914 ea
515 889 552 912 re
582 884 747 912 mentem
773 882 862 925 apte
878 875 989 912 nobis
1010 875 1162 912 videtur
1187 875 1418 925 expressisse
1437 875 1600 914 Lactan-

121 942 195 980 tius
209 970 220 991 ‚
242 941 289 979 de
322 941 401 980 div.
433 941 547 987 lnst.,
566 939 632 978 lib.
649 941 740 986 Vll,
765 952 851 990 cap.
884 953 949 988 21,
963 939 1040 990 jam
1056 941 1196 978 citato:
1214 958 1229 973 a
1247 941 1324 980 Nec
1351 948 1474 979 tamen
1492 940 1600 991 quis-

118 1019 256 1056 -quam
289 1014 394 1056 putet
413 1005 558 1043 animas
582 1013 667 1055 post
688 1012 849 1042 mortem
873 1004 1052 1054 protinus
1074 1003 1255 1055 judicari.
1280 1006 1374 1045 Nam
1401 1018 1532 1043 omnes
1560 1004 1599 1043 in

118 1088 132 1103 a
150 1084 224 1108 una
247 1071 520 1121 communique
536 1069 710 1107 custodia
730 1069 967 1116 detinentur,
993 1069 1115 1107 donec
1132 1078 1279 1120 tempus
1300 1070 1505 1117 adveniat,
1522 1083 1601 1121 qun
1653 1067 1660 1075 ’

120 1153 134 1168 n
155 1135 341 1174 maximus
368 1134 489 1186 judex
520 1134 744 1172 meritorum
775 1133 887 1171 saciat
920 1146 1127 1172 examen».
1159 1133 1282 1179 Quam
1308 1134 1548 1182 sententiam,
1569 1135 1601 1172 si

117 1195 398 1250 Sibyllistartun
416 1207 559 1236 tautum
581 1206 646 1236 aut
668 1198 697 1235 si
715 1197 823 1235 unius
845 1197 1032 1235 Laetantii
1047 1198 1275 1236 auctoritate
1290 1197 1486 1245 niteretur,
1497 1198 1602 1236 haud

121 1264 245 1316 magni
274 1264 484 1303 faciendam
510 1265 727 1302 fateremur.
746 1263 819 1302 Sed
841 1272 1015 1301 auctores
1035 1261 1188 1313 habuit,
1210 1276 1324 1313 quam
1355 1263 1497 1301 multos
1525 1276 1601 1301 non

119 1327 310 1376 dicemus,
344 1329 433 1379 quia
452 1328 561 1366 locus
585 1328 647 1365 ille
669 1337 726 1365 est
761 1341 779 1364 a
809 1326 994 1378 theologis
1017 1340 1118 1377 saepe
1146 1335 1328 1365 tractatus
1354 1341 1363 1364 t
1386 1326 1602 1378 praecipuos

121 1400 269 1430 tantum
298 1392 606 1438 nominabimus,
635 1393 829 1431 „lustinum
853 1401 890 1429 et
919 1392 1123 1438 lrenaeum,
1154 1405 1267 1442 quam
1293 1401 1443 1430 sanctos
1475 1392 1601 1429 viros!

120 1457 325 1508 Origenem
339 1487 349 1505 ,
369 1471 483 1508 quam
507 1458 662 1495 doctum
676 1457 962 1508 Scripturarum
985 1457 1254 1507 interpretem!
1275 1456 1353 1494 Nee
1373 1456 1526 1503 mirum,
1549 1469 1602 1494 re·

121 1521 326 1560 ticentibus
343 1523 458 1560 sacris
479 1522 606 1565 libris,
627 1522 692 1559 diu
714 1522 751 1559 in
772 1521 938 1560 Ecclesia
962 1534 1221 1572 perseverasse
1241 1522 1349 1559 istam
1372 1521 1601 1567 doctrinam,

119 1600 233 1637 quam
256 1588 334 1625 l'ere
350 1587 524 1625 eamdem
542 1596 630 1625 ante
651 1596 793 1624 nostrae
813 1586 1007 1638 religionis
1026 1596 1152 1625 ortum
1170 1587 1209 1623 in
1232 1587 1449 1625 Pliarisa'ica
1469 1585 1602 1624 schola

121 1651 297 1689 floruisse
316 1660 465 1690 constat
483 1651 643 1702 Jos‹·phi
667 1651 887 1688 testimonio
901 1680 911 1698 ‚
931 1651 1062 1702 Antiq.
1082 1651 1147 1689 lib.
1169 1651 1289 1690 xvln
1303 1680 1312 1698 ,
1330 1664 1416 1702 cap.
1438 1664 1460 1688 a
1479 1650 1604 1690 εἈθά-

119 1715 221 1753 νατόν
241 1732 277 1755 τε
297 1715 399 1769 ἰσχὺν
426 1722 502 1761 ταῖς
516 1715 651 1769 ’ψυχαῖς
681 1717 795 1758 πίστις
820 1717 934 1758 αὐτοῖς
962 1709 1072 1762 εἶναι,
1102 1716 1161 1753 καὶ
1181 1716 1247 1754 ὑπὸ
1268 1716 1388 1768 χθονὸς
1408 1716 1603 1759 δικαιώσεις

120 1796 156 1820 τε
176 1781 235 1819 καὶ
255 1780 360 1833 τιμὰς
377 1775 431 1825 αἶς
449 1783 573 1833 ἀρετῆς
588 1781 610 1829 ἢ
628 1782 752 1825 κακίας
767 1780 982 1827 ἐπιτήδευσις
1001 1782 1035 1818 ἕν
1057 1783 1106 1834 τῷ
1128 1781 1192 1833 βίῳ
1211 1780 1352 1832 γέγονε,
1372 1780 1431 1819 καὶ
1445 1787 1521 1826 ταῖς
1537 1781 1602 1833 μὲν

121 1846 261 1900 εἱργμὸν
282 1846 389 1885 ἀΐδιον
415 1846 664 1899 προτίθεσθαι,
689 1852 764 1888 ταῖς
788 1845 821 1883 δὲ
852 1845 1032 1899 ῥᾳστώνην
1054 1849 1112 1884 τοῦ
1136 1845 1311 1884 ἀναῧιοῧν.
1331 1846 1444 1892 Quod
1476 1847 1526 1884 ita
1543 1848 1603 1884 in-

122 1912 387 1962 telligendum,
404 1913 555 1960 animas
574 1925 707 1949 omnes
728 1919 813 1963 post
833 1920 994 1948 mortem
1013 1910 1084 1948 sub
1103 1919 1201 1949 terra
1225 1909 1387 1949 detineri
1409 1912 1600 1950 communi

122 1977 159 2015 in
180 1978 348 2029 regione,
366 1977 542 2016 discretis
566 1985 690 2015 tamen
709 1976 864 2015 sedibus
883 1992 890 2015 :
913 1976 1058 2028 quippe
1074 1977 1280 2028 impiorum
1299 1976 1443 2015 animas
1464 1977 1502 2026 inv
1521 1990 1604 2014 ear·

121 2057 207 2081 cere
233 2043 332 2081 duro
351 2043 514 2081 detineri
546 2051 732 2083 aeternum
763 2041 816 2080 ibi
834 2055 1066 2088 'mansuras-3
1093 2042 1220 2093 justos
1248 2043 1284 2080 in
1307 2043 1446 2081 suturae
1479 2056 1605 2081 resur·

121 2109 302 2147 rectionis
327 2123 434 2161 spem
463 2108 671 2156 reservari,
695 2108 898 2154 habentes,
918 2116 959 2146 ut
993 2108 1152 2159 Joseplii
1175 2107 1302 2146 verbis
1334 2117 1508 2157 utamur,
1540 2110 1603 2162 ῥᾳ-

121 2172 258 2220 στώνην
277 2177 337 2212 τοῦ
360 2172 538 2212 ἀναέιοῦν.
558 2173 617 2212 Ab
639 2174 702 2212 illa
733 2173 1013 2212 Pharisaeorum
1041 2174 1232 2219 sententia
1250 2187 1325 2211 non
1348 2175 1505 2212 multum
1524 2175 1604 2212 dis·

122 2248 357 2290 crepuerunt
374 2248 520 2277 veteres
539 2239 606 2286 illi,
625 2240 672 2278 de
692 2239 832 2290 quibus
855 2239 971 2276 modo
992 2239 1157 2276 diximus
1172 2268 1182 2285 ,
1203 2239 1422 2278 Christiani.

175 2306 274 2343 Cave
302 2312 428 2342 tamen
458 2305 559 2343 illam
591 2304 828 2353 doctrinam,
851 2305 938 2342 lieet
961 2318 1029 2355 per
1054 2304 1131 2341 duo
1161 2305 1240 2343 sere
1271 2305 1402 2342 saecula
1423 2319 1443 2342 a
1474 2304 1603 2342 multis

122 2369 348 2408 orthodoxis
374 2369 431 2406 vel
450 2369 644 2407 defensam
666 2369 726 2406 vel
750 2370 970 2416 toleratam,
998 2382 1238 2406 communem
1263 2369 1446 2406 universis
1465 2369 1603 2414 suisse;

123 2436 280 2472 alteram
299 2448 405 2482 vero,
421 2447 507 2485 quae
524 2433 639 2472 hodie
655 2434 734 2472 sola
753 2442 881 2471 nostra
899 2442 968 2479 est,
984 2433 1152 2484 ignotam
1168 2446 1328 2484 prorsus
1348 2433 1497 2472 illorum
1515 2442 1605 2471 tem·

124 2512 259 2549 porum
275 2498 494 2536 hominibus
507 2508 572 2536 aut
586 2498 744 2536 alienam
763 2498 875 2536 fuisse
893 2506 1017 2549 putes,
1037 2498 1201 2535 Damnat
1215 2497 1368 2548 quidem
1387 2499 1552 2536 irenaeus
1564 2506 1603 2536 et

124 2577 247 2614 prope
264 2564 537 2602 Valentinianis
556 2572 801 2611 annumerat,
821 2562 885 2600 lib.
908 2564 950 2609 V,
971 2576 1056 2613 cap.
1083 2564 1144 2610 31,
1163 2576 1229 2600 eos
1244 2564 1309 2614 qui
1323 2563 1516 2614 justorum
1534 2576 1603 2614 pu·

126 2637 206 2666 tant
226 2627 274 2665 ab
297 2629 379 2679 ipso
400 2629 484 2665 vitae
507 2628 620 2679 liujus
634 2628 738 2666 exitu
756 2628 974 2665 continuam
994 2628 1073 2665 sore
1093 2628 1306 2666 felicitatem
1326 2643 1334 2665 :
1354 2627 1418 2666 sed
1438 2629 1497 2665 vel
1513 2628 1601 2666 ideo

125 2693 176 2730 sie
196 2693 339 2731 sentire
363 2692 573 2744 quosdam,
596 2693 713 2744 etqui
732 2693 801 2730 scit
815 2706 929 2743 quam
949 2693 1115 2730 multos?
1135 2696 1315 2743 agnoscit.
1331 2694 1444 2732 Certe
1458 2694 1535 2742 jam
1551 2693 1601 2732 ab

126 2758 218 2808 ipsis
239 2757 413 2796 Ecclesiae
441 2757 560 2796 initiis
579 2758 693 2808 vulgo
714 2757 901 2795 creditum
919 2757 1004 2802 suit,
1032 2766 1217 2808 martyres
1235 2758 1382 2807 saltem,
1401 2766 1600 2808 exemptos

126 2823 319 2861 eommuni
346 2824 446 2875 lege,
471 2823 597 2862 statim
628 2831 716 2874 post
736 2832 895 2861 mortem
914 2837 933 2861 e
952 2823 1064 2860 terris
1085 2824 1120 2860 in
1139 2824 1271 2861 caelum
1295 2832 1358 2861 aut
1382 2823 1599 2874 paradisum

127 2887 292 2927 evolare.
313 2887 351 2926 ld
380 2889 457 2938 ipsc
479 2887 568 2925 alias
596 2888 765 2938 agnoseit
798 2889 983 2937 lrenaeus,
1011 2887 1076 2926 lib.
1104 2889 1164 2932 lv,
1195 2902 1276 2938 cap.
1297 2890 1358 2936 33,
1378 2890 1398 2938 S
1424 2903 1460 2940 9,
1481 2902 1500 2925 a
1523 2901 1599 2938 quo
