1686 3500
88 156 181 202 608
468 156 546 201 AD
578 156 846 203 SlssYLLlN
856 157 928 203 OS
963 157 1175 202 LIBROS

137 249 295 289 vocales
321 263 410 289 vero
437 250 474 288 iu
503 263 644 289 caesuru
665 251 932 303 producuntur
948 265 1023 291 uon
1052 265 1106 290 eae
1136 260 1283 290 tantum
1303 266 1388 304 quae
1412 267 1542 294 vocem

84 315 283 360 claudunt,
303 313 367 353 sed
384 314 499 353 etiam
521 328 605 365 quae
621 329 828 354 consonam
853 326 1073 368 sequentem
1097 316 1257 364 habent,
1279 325 1320 355 ut
1339 318 1426 367 ΗΓ,
1458 320 1546 367 173.

81 379 180 430 νέφος
193 378 331 426 ἥξουσι,
347 366 411 417 vel
430 378 566 426 ἄξουσι,
585 388 623 417 et
641 379 782 419 ibidem
804 383 892 429 213,
912 379 1087 419 εὖσεὸἐσιν
1102 379 1198 429 ἥξει,
1220 388 1258 419 et
1279 381 1369 433 536,
1393 382 1543 422 οἴσουσιν

81 435 254 495 ε’χῦροῑσι,
275 451 313 481 et
333 442 424 488 550,
448 441 554 486 σέὸας
573 442 648 495 ἔχε,
668 452 704 482 et
725 445 817 492 726,
837 444 1018 497 τέρψωμεν
1047 442 1183 496 ὕμνοισι
1197 457 1208 491 3
1223 445 1330 492 Vffl,
1351 459 1413 494 27,
1431 447 1543 498 γάμος

79 510 175 562 ἅμα,
195 509 428 560 44,λίΘινοςῆ
447 510 615 563 χάλκεος,
638 521 673 550 et
693 514 757 561 87,
773 514 854 552 ὅταν
872 513 973 564 ἔλθῃ,
994 521 1033 550 et
1053 513 1117 560 88,
1132 512 1260 552 ὁπόταν
1276 513 1352 561 ἐπί,
1374 516 1420 563 V,
1451 529 1538 563 177,

76 575 274 628 Ταρτάρων
285 574 437 622 οἴκησαν,
451 583 489 613 et
507 576 594 624 178,
610 574 728 625 πάλιν,
748 576 919 627 Αἴγυπτε,
941 585 978 614 et
999 590 1083 626 192,
1101 576 1245 616 κοπετὸν
1263 577 1409 630 ’ὄψονται
1421 607 1432 626 ,
1450 581 1543 617 mul-

79 647 192 689 taque
208 639 296 689 alia,
317 652 415 690 quas,
433 638 472 676 in
493 640 661 679 Homero
682 649 756 678 tam
775 640 1001 692 frequentia,
1028 641 1218 678 nescimus
1238 655 1308 680 cur
1325 643 1427 694 apud
1448 644 1541 681 alios

76 713 206 755 poetas
227 703 340 741 hodie
359 704 591 755 reprehendi
611 706 768 743 soleant.

125 768 246 806 Etiam
267 767 524 819 diphthongos
540 784 575 806 αι
592 777 628 807 et
645 783 694 816 οι,
714 768 781 807 ubi
797 776 883 806 sunt
902 776 1038 807 natura
1059 767 1210 818 breves,
1234 769 1270 807 in
1291 783 1434 809 caesura
1453 779 1539 809 ante

73 831 240 869 vocalem
259 831 479 882 producunt
496 833 716 883 sibyllis-tae,
737 841 776 871 ut
798 832 885 879 ΗΡ,
902 847 993 883 790,
1016 831 1180 885 φάγεται,
1201 842 1237 872 et
1259 836 1350 884 798,
1375 834 1540 888 ἐννύχιαι,

71 904 111 934 ct
128 897 216 945 703,
237 895 516 949 εὐφραινόμενος
543 898 622 945 Vll,
648 910 731 944 127,
757 894 957 947 καιόμενοι;
986 897 1091 944 Vlll,
1118 903 1179 945 14,
1199 897 1324 949 μύλοι,
1344 908 1417 937 etc.
1437 901 1536 947 Quid

72 960 232 1006 mirum,
252 974 368 1011 quum
394 963 507 999 etiam
536 961 704 999 vocalem
725 960 878 999 brevem
907 968 995 999 aute
1018 961 1175 999 alteram
1198 963 1369 1000 vocalem
1396 965 1535 1014 passim

70 1025 298 1075 producant,
319 1034 360 1063 ut
379 1024 465 1072 111⁴,
491 1039 578 1073 700,
607 1025 678 1063 οὐδ’
697 1023 923 1071 ἀτελεύτητα,
946 1023 999 1063 ὅτι
1016 1040 1096 1071 κεν,
1123 1034 1233 1063 aucta
1254 1038 1344 1063 sane
1364 1026 1401 1063 in
1429 1026 1537 1077 pejus

72 1089 223 1127 llomeri
245 1089 415 1137 licentia,
437 1087 502 1139 q'ui
521 1090 746 1140 scripserat,
763 1090 868 1128 Iliad.
887 1091 914 1137 l,
930 1090 1017 1138 527,
1039 1089 1110 1128 οὐδ’
1129 1088 1376 1144 ἀτελεύτητον,
1394 1089 1448 1128 ὅτι
1466 1105 1537 1128 κεν.

67 1153 140 1193 Sed
160 1153 231 1191 hoc
245 1153 323 1204 jam
340 1162 510 1204 spectare
527 1153 678 1190 videtur
696 1154 743 1191 ad
763 1153 867 1192 aliud
893 1154 973 1191 vitii
994 1167 1132 1205 genus,
1148 1153 1195 1191 ad
1218 1153 1365 1192 hiatum
1384 1168 1536 1206 nempe,

67 1217 114 1256 de
137 1230 214 1268 quo
236 1231 337 1255 nunc
358 1216 502 1268 aliquid
526 1216 729 1255 dicendum
751 1225 819 1257 est.

118 1285 246 1323 Hiatus
261 1285 415 1337 proprie
430 1285 622 1323 vocandus
641 1292 697 1322 cst
714 1284 750 1322 iu
769 1284 876 1336 poesi
891 1297 1031 1334 graeca,
1048 1299 1165 1336 quum
1183 1285 1220 1324 in
1238 1286 1312 1324 line
1332 1286 1435 1325 vocis
1447 1296 1535 1325 aute

64 1350 225 1400 primam
245 1348 354 1388 verbi
377 1350 568 1401 sequentis
588 1349 758 1388 vocalem
779 1347 904 1387 brevis
921 1349 1061 1387 vocalis
1077 1363 1154 1387 uon
1173 1349 1328 1388 eliditur
1340 1358 1405 1389 aut
1421 1351 1533 1402 longa

64 1428 139 1452 nou
160 1415 379 1467 corripitur.
400 1414 511 1466 Apud
530 1416 734 1453 llomerum
752 1413 866 1466 hujus
888 1415 1048 1453 licentiae
1061 1415 1186 1453 nullus
1208 1415 1287 1454 sere
1309 1417 1368 1454 vel
1388 1417 1534 1468 parcis-

63 1479 179 1517 simus
197 1493 286 1517 usus
301 1488 378 1527 est,
395 1480 468 1517 nisi
487 1479 676 1530 digammo
691 1479 960 1526 intercedente,
975 1479 1078 1530 quod
1095 1492 1195 1531 saepe
1215 1480 1267 1517 fit.
1280 1479 1354 1519 Sed
1367 1482 1432 1531 qui
1450 1481 1533 1518 llo-

63 1557 205 1581 merum
221 1544 338 1582 secuti
352 1553 461 1590 sunt,
478 1544 687 1595 praesertirn
703 1552 904 1595 postquam
922 1543 1091 1582 abolevit
1107 1543 1288 1595 digammi
1307 1545 1404 1582 ratio
1419 1555 1533 1596 atque

61 1609 139 1660 ipsa
154 1622 260 1661 paene
280 1609 475 1656 memoria,
495 1609 640 1655 talium,
662 1618 705 1646 ut
725 1608 966 1655 videbantur,
983 1608 1154 1646 hiatuum
1172 1609 1407 1647 innumeram
1425 1618 1532 1660 pae'ne

61 1674 207 1725 copiam
225 1673 328 1725 apud
349 1675 556 1713 Homerum
578 1673 830 1725 reperientes,
858 1673 958 1712 salsis
983 1673 1150 1724 vestigiis
1176 1672 1344 1724 decepti,
1365 1674 1403 1711 in
1422 1687 1531 1726 aper·

62 1748 136 1778 tam
160 1739 256 1777 viam
276 1740 487 1792 praecipitcs
506 1739 646 1778 icrunt.

113 1807 190 1844 llos
207 1804 429 1856 Sibyllistae,
448 1804 494 1843 ad
514 1803 726 1856 quamlibet
754 1804 946 1843 licentiam
981 1803 1114 1855 proni,
1152 1802 1319 1842 libenter
1338 1803 1378 1842 in
1398 1803 1470 1843 hac
1490 1817 1531 1843 re

58 1868 195 1907 imitati
207 1878 316 1916 sunt;
336 1878 451 1920 atque
470 1869 558 1908 inde
576 1869 670 1907 nihil
691 1868 927 1920 frequentius
939 1867 1043 1920 apud
1055 1881 1121 1906 eos
1133 1881 1246 1919 quam
1263 1868 1324 1906 isti
1340 1869 1527 1907 vocalium

57 1934 272 1974 conflictus.
292 1934 441 1981 Quibus
458 1942 581 1972 tamen
604 1934 840 1972 accensenda
857 1947 933 1971 non
954 1942 1132 1985 putamus
1152 1932 1233 1970 loca
1249 1933 1313 1971 illa
1332 1933 1371 1971 in
1389 1933 1531 1985 quibus

56 1998 172 2037 hodie
197 2000 237 2037 fit
256 1999 403 2037 collisio
427 2008 515 2037 ante
534 1993 569 2037 οἵ
594 2012 808 2049 pronomen
824 2007 890 2036 aut
909 1997 991 2049 ἔργα
1015 2005 1081 2035 aut
1103 1997 1196 2035 alias
1217 1997 1401 2048 quasdam
1417 2011 1530 2037 voces

57 2062 264 2113 frequentis
284 2076 374 2101 usus
391 2076 434 2101 ac
451 2076 556 2114 paene
575 2062 772 2114 perpetui,
795 2075 879 2113 quae
898 2075 1015 2113 quum
1031 2060 1122 2098 olim
1142 2060 1333 2113 digammo
1352 2070 1530 2100 notaren-

56 2134 133 2175 tur,
156 2127 320 2179 ideoque
339 2127 443 2180 apud
461 2129 669 2167 Homerum
691 2129 916 2180 plerumque
934 2141 1021 2166 cum
1038 2128 1145 2166 hiatu
1161 2129 1428 2180 procederent,
1445 2142 1528 2166 mos

56 2192 154 2230 idem
189 2192 293 2244 apud
324 2193 454 2245 epicos
473 2193 718 2241 recentiores,
738 2193 825 2233 licet
849 2206 947 2232 verae
974 2207 1096 2232 causae
1116 2193 1269 2245 ignaros
1283 2224 1293 2242 ,
1315 2195 1525 2245 praevaluit.

56 2256 214 2295 Lenitur
237 2258 349 2295 etiam
385 2257 510 2295 hiatus
536 2271 655 2308 quum
688 2258 838 2309 virgula
857 2258 917 2296 vel
937 2257 1060 2309 major
1087 2257 1281 2295 distinctio
1304 2259 1527 2306 intercedit,

55 2323 107 2360 uti
127 2337 228 2374 saepe
246 2337 335 2362 casu
353 2324 493 2362 evenit.
519 2323 593 2362 Sed
625 2331 663 2361 ct
682 2323 762 2362 sine
787 2323 991 2374 (ligamine,
1016 2323 1095 2361 sine
1116 2323 1382 2374 distinctione,
1401 2324 1526 2362 hiatus

53 2387 161 2425 multi
181 2388 307 2427 minus
333 2388 477 2426 serendi
503 2388 682 2426 lectorem
700 2387 902 2426 offendunt
925 2388 982 2425 vel
1004 2388 1042 2425 in
1071 2387 1344 2439 antiquissimis
1367 2388 1526 2439 Sibylli-

51 2466 188 2490 norum
206 2452 390 2504 partibus,
409 2467 545 2505 nempe
571 2452 669 2492 libro
695 2454 782 2503 111',
809 2458 828 2501 §
856 2467 878 2491 2
907 2461 945 2491 et
977 2458 1013 2498 4,
1039 2466 1075 2490 ν.
1096 2466 1186 2500 227,
1203 2459 1294 2499 240,
1319 2453 1407 2501 553,
1435 2455 1524 2503 563,

51 2519 143 2569 643,
167 2519 258 2565 650,
285 2519 372 2566 672.
409 2520 563 2566 Quanto
595 2520 723 2571 plures
752 2520 789 2557 in
818 2519 955 2557 ceteris
980 2517 1111 2563 libris,
1138 2517 1204 2568 qui
1228 2526 1265 2556 et
1293 2520 1525 2558 recentiores

49 2591 157 2630 sunt,
173 2591 211 2622 et
230 2581 403 2634 plerique
423 2584 546 2622 minus
565 2584 782 2635 diligentes!
802 2585 856 2623 Ac
874 2582 1086 2621 notandum
1108 2582 1146 2619 id
1172 2582 1349 2621 libentius
1369 2584 1407 2621 in
1425 2597 1524 2635 prae-

50 2647 305 2699 positionibus
330 2648 431 2697 lieri,
450 2657 492 2686 ut
511 2649 598 2697 ΠΡ,
618 2650 706 2696 715,
724 2647 774 2686 ἐνὶ
804 2647 945 2698 ὕμνοις;
973 2648 1002 2697 1,
1025 2647 1124 2693 269,
1156 2645 1213 2684 ἐπὶ
1231 2646 1343 2698 ᾐόνος,
1365 2656 1401 2685 et
1434 2649 1522 2697 261,

49 2711 105 2750 ἐπὶ
133 2711 311 2765 ἠπείροιο,
336 2721 374 2750 et
395 2711 568 2762 394,lnrb
587 2712 741 2764 ἀνδρῶν;
762 2712 813 2759 ll,
839 2724 926 2761 190,
945 2710 992 2749 ἐνὶ
1009 2710 1133 2762 ἤματι,
1156 2709 1231 2752 etc.

102 2777 291 2814 llactenus
315 2789 407 2814 vcro
427 2776 600 2827 exempla
621 2784 768 2814 tantum
799 2776 1015 2814 notavimus
1036 2775 1223 2813 vocalium
1243 2774 1417 2814 brevium
1441 2788 1519 2814 non

4 2835 9 2841 ’
47 2841 238 2881 elisarum.
260 2842 366 2880 Nunc
388 2841 435 2879 ad
456 2842 616 2881 alterum
636 2842 806 2880 liiatuum
838 2855 957 2893 genus
992 2840 1263 2879 transeundum
1291 2849 1371 2890 est,
1397 2855 1515 2893 quum
