1752 3495
562 202 867 248 EXCURSUS
903 203 979 247 ΙΙΙ.
1414 204 1496 248 171

47 320 77 357 p.
97 303 156 347 38,
178 300 236 339 ed.
267 297 385 350 Leyd.
405 308 416 338 ε
441 315 455 332 ⁶·
483 297 521 337 Si
546 298 671 345 Bacis,
692 298 723 336 si
744 299 933 346 Helenus,
963 298 994 336 si
1020 298 1178 343 Martius
1197 298 1267 351 [sic
1288 300 1384 338 :nale
1404 299 1504 338 scri-

48 364 208 419 «ptum]‚
237 363 377 413 aliique
405 361 578 400 similiter
604 370 707 400 vates
731 362 966 400 hariolantes
999 370 1126 400 essent
1147 363 1224 401 vita
1249 371 1287 401 et
1317 364 1400 402 luce
1423 363 1506 415 pri-

48 431 135 476 vati,
157 437 228 467 etc.
246 444 260 460 υ
283 426 504 464 Ammianus
524 426 788 472 Marcellinus,
809 425 878 463 lib.
901 425 1001 476 XIV,
1023 426 1045 475 §
1063 427 1251 465 ncvelut
1271 427 1501 478 Amphiarao

48 496 219 536 referente
237 499 301 528 aut
331 490 469 536 Martio
490 489 596 542 [sic],
624 490 819 541 quondam
836 489 988 529 vatibus
1019 490 1188 541 inclytis.
1208 507 1224 524 u
1243 491 1374 530 Festus
1405 493 1502 539 imo,

49 575 78 599 v.
105 561 331 608 Negumate‚
351 567 570 606 praenomen
593 554 739 592 nomini
766 554 894 592 subdit
917 568 926 591 ε
946 556 1020 593 «In
1045 555 1233 600 carmine,
1257 555 1401 605 inquit,
1425 556 1497 594 Cn.

50 621 196 663 «Marcii
230 620 339 657 vatis.
363 637 379 653 ιι
411 619 483 658 Sed
513 619 648 658 Cicero
684 618 779 656 nihil
815 618 948 657 definit
979 632 1124 670 :quum
1152 619 1254 657 enim
1296 619 1343 656 de
1369 620 1498 658 Divin.

50 689 104 728 lib.
122 688 155 732 1,
177 689 195 732 5
213 685 274 729 50,
294 683 407 722 nnius
429 683 644 721 meminisse
665 683 838 721 videatur
857 698 865 721 ε
886 684 1114 732 «Similiter,
1135 684 1268 735 inquit,
1288 683 1451 721 Marcius
1465 693 1502 722 et

51 774 62 788 ,ι
76 750 259 791 Publicius
287 758 389 787 vates
413 749 594 787 cecinisse
624 749 818 794 seruntur,
836 766 852 782 υ
885 749 982 787 idem
1010 758 1125 800 atque
1153 749 1192 787 in
1219 748 1353 787 eodem
1386 761 1503 800 opere

50 819 142 858 uliam
162 814 315 853 videtur
338 813 581 852 traditionem
611 813 742 864 sequi,
764 813 812 851 de
840 813 971 853 Divin.
998 813 1065 852 lib.
1096 813 1138 860 Ι,
1162 826 1197 852 ν.
1218 818 1293 857 40:
1320 830 1336 847 «
1353 812 1438 858 Quo
1463 812 1501 850 in

50 893 198 933 «genere
219 877 382 916 Marcios
405 877 591 928 quosdam
622 878 776 924 fratres,
797 876 919 915 nobili
945 877 1030 915 loco
1049 886 1178 925 natos,
1204 877 1307 928 apud
1340 877 1503 928 majores

51 954 213 982 «nostros
231 941 357 988 fuisse,
376 941 561 992 scriptum
577 940 765 980 videmus.
783 958 799 974 υ
815 941 862 979 Et
882 940 947 979 lib.
967 940 1024 987 11,
1040 954 1079 981 v.
1106 941 1153 978 55
1175 955 1184 978 ε
1205 958 1220 974 c«
1235 942 1312 981 Nec
1330 954 1400 991 ego
1420 942 1499 980 Pu-

50 1027 61 1043 «
75 1006 197 1053 blicio,
219 1004 344 1042 nescio
365 1004 451 1054 cui,
473 1017 544 1041 nec
572 1004 725 1042 Marciis
754 1003 906 1042 vatibus
920 1032 930 1048 ,
949 1016 1020 1042 nec
1046 1003 1234 1055 Apollinis
1255 1005 1399 1056 opertis
1418 1016 1502 1041 cre-

49 1070 222 1111 «dendum
240 1068 427 1106 existimo.
444 1086 458 1102 υ
476 1069 522 1107 Et
535 1068 798 1118 Symmachus,
816 1068 886 1108 lib.
908 1069 972 1114 lv,
989 1069 1100 1119 epist.
1126 1069 1187 1116 34,
1208 1069 1294 1107 loco
1309 1068 1386 1118 jam
1408 1069 1502 1108 alias

51 1138 169 1185 citato,
186 1152 201 1167 «ι
218 1132 632 1172 Marcion-unrsratrum
651 1151 667 1166 υ
689 1133 872 1172 meminit.
892 1133 967 1172 Sed
989 1133 1235 1172 disertissime
1258 1134 1434 1178 Servius,
1453 1134 1500 1172 nd

51 1205 120 1240 AEn.
132 1200 198 1246 Vl,
213 1212 248 1237 v.
270 1211 317 1245 70
331 1212 340 1238 t
354 1217 370 1232 «ι
383 1199 442 1236 Ex
455 1211 641 1249 responso
658 1199 892 1236 Marciorum
912 1200 1083 1245 fratrum,
1095 1212 1260 1249 quorum
1277 1198 1498 1246 exstabant,
1540 1225 1543 1228 -

51 1262 324 1311 «utSibyllina,
346 1275 532 1312 responsa
557 1280 594 1310 υ,
610 1271 648 1300 et
671 1263 785 1313 paulo
806 1263 905 1301 infra
925 1263 972 1301 ad
1006 1278 1044 1303 v·
1067 1278 1115 1311 72
1139 1277 1148 1303 τ
1180 1282 1195 1298 «ι
1212 1265 1287 1310 Qui
1313 1263 1402 1302 libri
1423 1264 1500 1315 [Si-

51 1347 62 1362 ιι
82 1326 222 1377 byllini]
250 1326 287 1363 in
315 1326 456 1377 templo
480 1326 669 1377 Apollinis
691 1327 960 1375 servabantur,
983 1340 1052 1365 nec
1071 1328 1144 1379 ipsi
1174 1336 1319 1365 tantum
1337 1357 1348 1376 ‚
1371 1328 1435 1366 sed
1463 1336 1501 1365 et

51 1412 61 1426 ‹-
74 1391 305 1431 Marciorum.
322 1407 337 1424 υ
354 1390 455 1436 Quid
477 1404 569 1441 ergo
588 1401 720 1442 putes,
743 1392 812 1430 nisi
831 1392 928 1430 duos
950 1392 1084 1430 fratres
1107 1393 1220 1430 fuisse
1237 1392 1426 1430 vaticiniis
1444 1392 1502 1430 in·

50 1458 172 1507 signes,
208 1469 324 1493 unum
348 1465 475 1493 tamen
500 1456 645 1495 Cneum
667 1457 931 1504 illustriorem,
955 1458 1022 1508 qui
1045 1458 1256 1495 carminum
1281 1459 1396 1508 vulgo
1419 1470 1498 1494 am·

51 1521 152 1558 bobus
180 1520 456 1571 ascriptorum,
487 1521 704 1571 praecipuus
732 1521 1115 1559 auctorhaberetur?

91 1585 208 1623 Fuisse
230 1584 314 1622 illos
330 1583 450 1622 nobili
468 1585 554 1622 loco
576 1592 704 1632 natos,
725 1599 746 1622 a
765 1584 951 1623 Cicerone
972 1585 1166 1633 discimus,
1184 1599 1322 1638 nempe
1341 1600 1387 1625 ex
1405 1588 1500 1626 anti-

50 1650 206 1700 quissima
228 1657 266 1687 et
291 1662 457 1700 aequaeva
484 1663 593 1700 paene
624 1650 842 1702 reipublicae
861 1651 1062 1698 Romanae,
1091 1651 1326 1702 summisque
1350 1665 1501 1705 semper

50 1713 236 1751 honoribus
257 1713 459 1764 decorata,
489 1715 661 1765 quamvis
689 1715 859 1765 plebeia,
890 1716 1033 1753 Marcia
1059 1724 1181 1765 gente.
1213 1715 1347 1753 Claros
1372 1725 1498 1754 autem

50 1778 213 1816 vaticiniis
232 1778 346 1816 fuisse
359 1777 437 1828 jam
459 1777 559 1817 bello
578 1780 726 1818 Punico
742 1779 925 1828 seeundo,
942 1788 1044 1831 patet
1068 1794 1116 1818 ex
1133 1780 1246 1818 allato
1263 1779 1361 1818 Livii
1381 1780 1467 1819 loco
1488 1795 1498 1820 ε

50 1842 130 1879 uude
149 1844 312 1880 anterius
332 1843 417 1880 illos
437 1843 596 1891 vixisse,
616 1844 744 1881 forsan
767 1845 902 1894 aliquis
921 1845 1088 1894 colligat.
1110 1845 1236 1889 Quum
1266 1853 1389 1882 tamen
1408 1845 1499 1891 duo,

50 1920 116 1956 qure
138 1916 354 1957 supersunt,
373 1921 505 1946 eorum
534 1909 689 1946 oracula
708 1908 906 1946 manifesto
927 1909 973 1946 ad
992 1908 1092 1946 idem
1115 1907 1257 1946 bellum
1277 1908 1498 1959 respiciant,

51 1983 164 2021 nempe
175 1971 219 2008 ad
234 1971 468 2009 Cannensem
480 1972 624 2009 cladem
638 1972 722 2023 ipso
735 1973 890 2009 nomine
907 1972 1142 2022 designatam
1159 1980 1197 2009 et
1215 1971 1261 2008 ad
1279 1971 1497 2009 diuturnam

51 2034 232 2071 Poenorum
270 2035 309 2072 in
347 2035 453 2073 Italia
476 2037 841 2082 commorationem,
868 2044 972 2086 patet
1007 2036 1067 2073 vel
1095 2036 1198 2086 ipsos
1225 2049 1346 2086 usque
1378 2035 1425 2073 ad
1460 2035 1498 2073 id

51 2099 207 2148 temporis
228 2099 403 2147 durasse,
427 2100 539 2138 tertio
564 2100 680 2151 igitur
699 2108 786 2138 ante
814 2100 1006 2139 Christum
1035 2100 1174 2137 saeculo
1192 2097 1270 2149 jam
1291 2109 1498 2150 provecto,

50 2175 130 2198 anno
154 2163 227 2200 sere
248 2166 337 2211 216,
370 2164 635 2215 assignandos,
654 2165 711 2202 vel
734 2165 826 2202 falsa
848 2173 884 2203 et
904 2165 1102 2215 supposita
1125 2173 1304 2215 tanquam
1333 2165 1499 2215 ipsorum

51 2227 226 2265 cursitasse
244 2229 437 2268 vaticinia.
461 2229 571 2274 Quod
597 2228 709 2266 nobis
725 2229 879 2279 quidem
911 2229 1027 2279 magis
1056 2228 1202 2279 placet3
1227 2228 1380 2266 minime
1398 2228 1499 2266 enim

52 2302 126 2327 vero
140 2292 256 2330 simile
266 2301 321 2330 est
332 2293 530 2331 hominum
543 2294 668 2332 adhuc
681 2293 887 2331 viventium
900 2294 1054 2331 oracula
1068 2293 1232 2344 publicis
1251 2292 1501 2343 religionibus

52 2354 146 2391 fuisse
167 2366 395 2394 consecrata.
420 2360 465 2395 At
484 2357 601 2408 objici
630 2367 769 2409 potest,
789 2358 892 2409 quod
917 2359 995 2407 jam
1016 2358 1243 2403 notavimus,
1262 2371 1331 2395 nec
1351 2357 1499 2395 Livium

50 2429 105 2454 nec
124 2418 354 2458 Macrobium
380 2420 428 2458 de
455 2422 743 2460 consecratione
770 2422 979 2473 quidquam
1001 2422 1167 2472 hiscere3
1192 2421 1364 2460 Servium
1384 2435 1498 2467 vero,

51 2481 103 2529 qui
118 2484 215 2521 solus
229 2484 266 2521 id
289 2486 476 2535 affirmet,
501 2486 682 2537 temporis
702 2487 932 2536 mentionem
955 2486 1098 2523 nullam
1122 2486 1261 2531 facere3
1278 2485 1406 2535 itaque
1424 2499 1498 2536 po-

51 2547 147 2584 tuisse
168 2550 278 2587 libros
294 2551 440 2588 Punico
456 2551 558 2588 bello
575 2551 744 2589 secundo
760 2565 907 2590 coaevos
925 2552 1044 2589 serius
1060 2551 1255 2601 aliquanto
1272 2551 1498 2588 consecrari.

51 2610 82 2646 ld
106 2625 189 2650 vero
217 2615 367 2653 minime
394 2616 620 2667 probamus,
643 2617 747 2667 quod
779 2617 882 2654 nulla
902 2625 1030 2668 postea
1055 2616 1168 2668 hujus
1189 2616 1243 2653 rei
1267 2615 1499 2653 succurrerit

49 2678 190 2724 occasio,
207 2694 289 2730 quae
309 2690 387 2718 tum
410 2692 491 2720 erat
505 2683 843 2732 opportunissima.
873 2686 1008 2733 Itaque
1025 2682 1221 2729 ducimur,
1246 2691 1286 2719 ut
1302 2681 1500 2721 credamus

49 2738 196 2780 Marcios
219 2745 371 2795 quidem
394 2746 458 2784 illo
478 2746 580 2784 bello
600 2747 833 2797 antiquiores
853 2747 1012 2793 vixisse3
1035 2746 1190 2784 oracula
1210 2759 1303 2784 vcro
1340 2745 1412 2784 sub
1433 2759 1500 2784 eo-

51 2814 121 2840 rum
142 2809 293 2846 nomine
312 2812 511 2862 supposita
542 2820 629 2861 post
648 2811 887 2849 Cannensem
907 2811 1053 2848 cladem
1076 2819 1297 2848 consecrata
1320 2810 1433 2848 fuisse
1450 2809 1496 2846 ad

51 2866 160 2912 plebis
180 2872 322 2911 animos
343 2875 595 2923 attollendos,
626 2876 724 2926 paris
759 2876 902 2913 scilicet
931 2876 1077 2914 fraudis
1109 2876 1284 2926 exemplo
1316 2884 1372 2913 ter
1391 2883 1498 2912 antea
