1752 3495
630 187 930 233 EXCURSUS
963 189 1040 233 lv.
1114 211 1118 216 ·
1399 256 1407 267 „
1452 187 1546 234 259

93 306 176 336 nam
201 301 356 344 prorsus
379 287 416 326 ei
435 286 556 326 visam
571 284 686 324 ruisse
707 283 816 324 istius
842 285 992 324 seminae
1009 297 1208 337 personam
1216 314 1228 334 ‚
1247 286 1314 327 sed
1338 286 1467 340 aliqua
1491 299 1550 325 re-

95 358 228 411 ligione
245 354 431 393 mixtam·
449 349 556 403 quod
576 349 689 402 plane
708 350 890 389 convenit
912 363 999 389 cum
1019 349 1067 388 iis
1084 360 1171 401 quae
1191 351 1307 389 modo
1329 350 1549 391 dicebamus

95 428 139 463 de
152 420 304 472 vulgata
320 415 424 469 apud
441 415 585 467 primos
603 414 839 454 Christianos
855 414 1008 466 Sibyltae
1027 414 1286 456 veneratione.

143 488 296 527 Coaevus
311 483 473 528 uermae,
484 479 650 530 ideoque
663 479 790 518 statim
804 487 893 532 post
914 480 1019 518 illum
1038 478 1262 530 laudandus,
1275 479 1369 518 vixit
1383 481 1552 520 Clemens

96 554 291 594 Romanus,
307 545 373 596 qui
392 544 525 583 ultimo
542 544 655 596 primi
673 544 801 583 saeculi
819 558 920 582 anno
940 546 1164 595 martyrium
1185 542 1325 581 obiisse
1346 544 1496 583 dicitur.
1515 545 1554 584 1³

95 617 131 655 in
155 610 312 665 epistola
331 608 380 648 ud
398 607 618 648 Corinthios
634 607 790 658 Sibyllae
813 608 1072 647 testimonium
1098 608 1311 659 protulerat
1336 607 1384 647 de
1407 608 1553 658 judicio

97 678 299 732 perignem
318 675 465 720 futuro,
487 672 518 710 si
541 671 635 711 fides
656 671 831 710 habenda
857 681 912 710 est
928 672 1076 710 auctori
1096 673 1266 720 incerto,
1287 671 1352 711 sed
1383 670 1557 724 peranti-

100 756 196 796 quo,
217 737 478 786 Quaestionum
503 736 550 774 ad
572 736 846 785 Orthodoxos,
870 751 957 788 quae
983 737 1100 788 vulgo
1125 736 1197 776 sub
1221 737 1360 776 Justini
1383 737 1572 788 martyris
1608 780 1611 784 ,

103 805 247 845 nomine
270 803 459 843 feruutur.
480 800 538 840 lbi
556 800 657 840 enim
677 800 759 840 haec
779 802 970 853 leguntur,
988 800 1103 853 Resp.
1123 801 1169 840 ad
1187 809 1318 854 quaest.
1337 806 1385 850 74
1404 815 1413 840 :
1435 802 1481 840 Et
1501 804 1564 850 τ’ἧς

104 869 269 924 παρούσης
285 867 533 910 καταστάσεως
547 865 590 904 τὸ
610 865 709 909 τέλος
731 865 824 904 ἐστὶν
842 869 864 913 ἡ
885 864 942 904 διὰ
957 869 1016 904 τοῦ
1041 865 1148 919 πυρὸς
1173 865 1284 918 κρίσις
1312 867 1382 904 τῶν
1405 865 1540 904 ἀσεὸῶν
1553 897 1564 912 ,
1604 861 1606 864 ’

100 932 182 974 καθά
198 946 300 986 φασιν
317 930 354 969 αἱ
373 928 502 984 γραφαὶ
519 931 707 983 προφητῶν
722 945 760 968 τε
779 929 839 968 καὶ
855 930 1074 981 ἀποστόλων,
1097 930 1148 968 ἔτι
1162 929 1198 968 δὲ
1216 930 1277 969 καὶ
1294 932 1356 977 τῆς
1373 930 1563 982 Σιὸύλλης,

98 996 200 1040 καθώς
218 1010 322 1049 φησιν
342 995 362 1032 ὃ
386 993 557 1047 μακάριος
572 992 724 1045 Κλήμης
741 994 776 1031 ἐν
788 996 833 1046 τῇ
849 993 936 1047 πρὸς
953 993 1152 1046 Κορινθίους
1173 995 1352 1047 ἐπιστολῇ.
1372 997 1422 1034 At
1447 995 1563 1034 hodie

99 1073 272 1113 nusquam
285 1059 359 1098 hoc
375 1059 516 1111 legitur
537 1058 574 1097 in
594 1057 803 1097 Clementis
820 1058 1013 1111 epistoli53
1031 1059 1097 1098 sed
1117 1058 1190 1111 legi
1210 1059 1301 1098 olim
1317 1059 1451 1112 potuit.
1470 1060 1562 1100 Nam

100 1129 266 1174 lrenaeus,
289 1124 376 1167 adv.
394 1125 490 1163 llaer.
508 1122 576 1162 lib.
595 1122 667 1171 m,
686 1136 772 1175 cap.
794 1123 832 1174 3,
849 1122 897 1161 de
916 1122 1046 1162 eadem
1090 1123 1138 1162 ad
1155 1123 1376 1163 Corinthios
1399 1123 1562 1176 epistola

100 1189 230 1243 aliquid
250 1202 327 1227 non
346 1189 398 1227 ita
413 1188 595 1227 dissimile
609 1188 771 1239 profert,
790 1201 910 1239 quum
927 1187 980 1225 ibi
1001 1188 1229 1239 praedictum
1248 1187 1391 1227 scribat
1409 1207 1426 1223 a
1444 1201 1562 1226 unum

102 1275 117 1292 ι
132 1257 246 1296 Deum
262 1253 574 1305 omnipotentem,
594 1253 778 1291 factorem
795 1253 876 1291 caeli
892 1261 931 1291 et
944 1261 1068 1300 terrae,
1087 1253 1359 1304 plasmatorem
1378 1252 1559 1302 hominis,

102 1339 115 1357 ι
131 1320 191 1374 qui
213 1318 405 1357 induxerit
429 1317 697 1367 cataclysmum
721 1325 760 1356 et
785 1316 1033 1356 advocaverit
1053 1317 1265 1364 Abrabam,
1294 1318 1362 1369 qui
1389 1317 1565 1356 eduxerit

102 1405 115 1422 ι
131 1385 306 1438 populum
329 1383 378 1423 de
400 1392 501 1423 terra
519 1383 690 1435 AEgypti,
708 1382 774 1435 qui
791 1384 1005 1422 collocutus
1025 1384 1076 1422 sit
1093 1384 1231 1435 Moysi,
1252 1384 1319 1435 qui
1340 1384 1462 1436 legem
1480 1383 1562 1422 dis-

104 1471 118 1488 ι
134 1450 293 1505 posuerit
317 1458 355 1489 et
373 1449 583 1502 prophetas
607 1449 775 1496 miserit,
800 1448 866 1501 qui
893 1449 1021 1500 ignem
1046 1449 1319 1501 praeparaverit
1339 1448 1494 1488 diabolo
1516 1457 1562 1489 et

104 1535 117 1552 ι
133 1515 266 1569 angelis
289 1515 383 1567 ejus.
399 1532 415 1549 υ
442 1516 536 1563 Quae
559 1514 714 1566 quidem
741 1513 869 1552 omnia
893 1513 1101 1553 Clementis
1122 1513 1282 1565 epistola
1310 1515 1324 1554 l
1348 1515 1396 1552 ad
1422 1515 1560 1554 Corin·

105 1582 208 1629 thios,
225 1594 351 1633 sparsa
370 1581 461 1619 licet
480 1580 537 1618 vel
557 1579 668 1618 aliter
682 1578 908 1626 distributa,
927 1580 1187 1627 continentur,
1208 1589 1346 1631 praeter
1360 1580 1558 1618 ultimum:

105 1662 117 1681 ι
133 1647 199 1693 Qui
213 1645 335 1696 ignem
349 1643 622 1696 praeparaverit
642 1641 797 1680 diabolo
813 1650 850 1680 et
868 1642 1014 1693 angelis
1034 1642 1131 1693 ejus.
1146 1660 1161 1676 υ
1180 1642 1324 1689 Quidni
1346 1642 1464 1694 igitur
1485 1641 1560 1681 lioc

104 1723 239 1762 quoque
257 1709 308 1748 ibi
325 1709 415 1747 olim
435 1708 567 1756 infuit,
588 1707 769 1758 temporis
792 1705 932 1758 injuria
953 1720 1055 1745 nunc
1077 1719 1345 1758 suppressum,
1364 1706 1403 1745 in
1424 1707 1561 1745 lacuna

106 1774 288 1826 grandiore
311 1786 396 1825 quae
421 1781 509 1825 post
539 1772 563 1823 §
591 1771 638 1819 57
669 1770 740 1809 sub
760 1771 871 1809 finem
897 1771 1067 1823 epistolae
1090 1773 1219 1823 patet?
1237 1771 1351 1819 Quod
1373 1771 1406 1811 si
1435 1770 1487 1810 ibi
1511 1770 1560 1809 de

106 1839 179 1891 igne
196 1838 297 1876 malis
310 1838 454 1889 angelis
472 1844 609 1889 parato
625 1835 812 1887 agebatur
824 1865 835 1884 ,
856 1836 990 1887 quidni
1008 1836 1120 1874 etiam
1138 1836 1185 1874 de
1199 1835 1346 1886 judicio
1364 1848 1556 1887 supremo,

107 1910 136 1941 et
154 1902 248 1955 quod
269 1904 434 1941 affirmat
457 1900 819 1953 pseudo-sustinus.
840 1899 1050 1951 dejudicio
1072 1900 1311 1952 perignem?

148 1969 364 2019 Quanquam
381 1966 445 2005 isti
465 1966 633 2005 virorum
652 1964 855 2004 doctorum
871 1964 1104 2016 conjecturae
1121 1965 1278 2002 nimium
1294 1964 1469 2004 insistere
1482 1977 1556 2004 no·-

105 2032 214 2072 limus.
228 2033 368 2072 Forsan
385 2031 546 2073 enimin
561 2030 848 2079 Quaestionibus
861 2031 907 2069 ad
922 2029 1170 2069 Orthodoxos
1183 2031 1351 2069 auctoris
1371 2031 1553 2069 memoria

105 2098 330 2147 vacillaverit,
348 2107 386 2136 et
399 2096 601 2137 Clementis
621 2096 791 2149 epistolae
805 2096 899 2134 falso
918 2095 1059 2134 tributa
1078 2096 1218 2134 suerint
1237 2109 1324 2147 quae
1341 2095 1379 2134 in
1399 2095 1553 2135 Consti-

106 2161 295 2201 tutionibus
334 2160 562 2214 Apostolicis
574 2189 585 2208 ‚
614 2160 806 2198 interdum
839 2159 1022 2199 Clementi
1062 2159 1236 2211 ascriptis
1251 2157 1269 2209 ,'
1295 2159 1368 2197 sub
1396 2159 1550 2211 Sibyllae

106 2225 237 2264 nomine
261 2226 520 2278 proferuntur.
542 2223 600 2264 lbi
619 2224 744 2272 enim,
763 2223 923 2264 Constit.
944 2223 1013 2264 lib.
1028 2224 1075 2273 V,
1092 2237 1177 2275 cap.
1205 2237 1241 2272 7,
1259 2223 1311 2262 ita
1328 2223 1517 2275 scriptum
1536 2237 1545 2262 ε

106 2288 142 2327 El
157 2287 189 2327 δὲ
215 2290 434 2342 χλευάζουσιν
457 2288 652 2337 Ἓλληνες,
677 2290 899 2332 ἀπιστοῦντες
920 2292 997 2331 ταῖς
1018 2286 1204 2340 ἡμετέραις
1223 2293 1393 2341 γραφαῖς,
1412 2303 1549 2328 πιστω-

107 2351 187 2391 σᾶτω
203 2354 320 2400 αὐτοὺς
337 2353 402 2392 κᾶν
421 2357 445 2402 ἡ
462 2354 576 2393 αὐτῶν
591 2355 761 2406 προφῆτις
783 2352 940 2392 Σίίῒυλλα
961 2352 1070 2405 [falso
1095 2352 1208 2391 codd.
1235 2360 1275 2390 et
1298 2353 1458 2392 fortasse
1477 2366 1548 2404 per

107 2426 342 2470 contemptum
361 2417 543 2471 Ἀὃυλλα],
556 2416 646 2458 οὕτω
660 2433 733 2461 πως
753 2418 867 2461 αὐτοῖς
882 2416 1030 2470 λέγουσα
1047 2415 1139 2456 κατὰ
1156 2415 1258 2467 λέξιν,

290 2481 381 2522 Ἀλλ’
395 2481 494 2521 ὁπότ’
511 2482 580 2530 ἤδη
597 2481 713 2521 πάντα
728 2480 838 2534 τέφρα
858 2480 1052 2520 σποδόεσσα
1070 2480 1233 2533 γένηται,

290 2547 361 2587 Καὶ
377 2551 446 2601 πῦρ
464 2545 632 2599 κοιμῖσσῃ
654 2543 743 2590 Θεὸς
760 2545 923 2593 ἄσπετον,
939 2560 975 2583 κ.
992 2561 1027 2583 τ.
1048 2546 1082 2584 λ.
1527 2581 1530 2585 .

106 2607 302 2662 Sequuntur
322 2612 453 2650 decem
474 2624 606 2650 versus
628 2624 649 2649 e
666 2618 885 2649 nostrorum
906 2609 1180 2661 Sibyllinorum
1199 2609 1298 2649 libro
1327 2609 1391 2658 lv,
1417 2623 1454 2648 v.
1475 2617 1545 2660 ¹7¹0

106 2675 209 2725 (178),
223 2689 321 2728 sqq„
337 2685 424 2727 post
440 2689 539 2727 quos
556 2675 610 2714 ita
628 2674 750 2726 pergit
773 2674 897 2713 oratio
912 2688 922 2713 ι
941 2675 987 2714 Εἰ
1001 2674 1116 2713 τοίνυν
1133 2673 1193 2713 καὶ
1213 2673 1301 2722 αὐτὴ
1318 2672 1382 2722 τὴν
1398 2673 1550 2714 ἀνάστα·

106 2749 150 2775 σιν
169 2739 335 2793 ὁμολογεῖ,
349 2739 410 2779 καὶ
428 2738 492 2788 τὴν
509 2738 776 2792 παλιγγενεσίαν
798 2739 862 2778 οὐκ
883 2739 1055 2791 ἀρνεῖται,
1073 2737 1240 2791 διακρίνει
1266 2737 1304 2777 δὲ
1318 2736 1397 2784 τοὺς
1413 2737 1549 2782 defficit

107 2799 139 2837 ix
159 2802 220 2840 τῶν
238 2803 387 2852 ἆσεὸῶν,
412 2803 524 2856 μάτην
547 2803 616 2858 ἄρα
634 2808 704 2847 τοῖς
720 2802 901 2856 ἡμετέροις
915 2803 1134 2843 ἀπιστοῦσιν.
1160 2804 1284 2842 Grave
1302 2803 1378 2842 hoc
1401 2803 1450 2842 de
1467 2815 1550 2842 car-

107 2864 232 2907 minum
258 2877 474 2908 nostrorum
486 2897 497 2917 ,
513 2868 641 2920 quarti
655 2877 758 2906 certe
776 2866 887 2915 libri,
903 2867 1126 2918 antiquitate
1145 2866 1433 2907 documentum.
1456 2868 1547 2906 Nam

1248 2954 1320 3002 ¹7·
