1686 3500
61 207 90 251 6
102 208 114 250 I
124 207 153 251 6
452 206 532 250 Al)
565 208 908 254 SIBYLLINOS
941 208 1150 254 LIBROS

111 301 206 340 Sunt
233 301 385 352 quidam
414 291 593 352 denique,
615 303 743 341 saltem
769 316 814 342 ex
839 305 963 356 aliqua
991 313 1119 356 parte,
1138 304 1338 343 hortatorii
1358 315 1395 344 et
1428 314 1516 345 tan-

59 379 173 417 quam
211 365 400 414 didactici,
419 373 460 403 ut
493 366 740 413 Prooemium,
770 376 913 419 etpost
934 383 970 409 v.
996 369 1071 418 359
1096 368 1276 420 pleraque
1304 368 1392 407 libri
1410 369 1516 416 vm,

60 431 82 479 §
109 435 258 480 2‚'quo
277 429 411 467 referri
446 438 571 480 posset
596 439 633 468 et
657 430 742 468 libri
778 432 933 470 secundi
968 445 1054 482 pai-s
1086 432 1273 483 gnomica,
1294 445 1328 470 v.
1355 432 1517 479 56-148,

58 494 129 531 nisi
143 494 234 544 ipsis
255 492 381 531 verbis
405 506 427 531 e
457 494 667 545 Phocylide
683 495 882 555 desumpta
902 504 1013 536 esset.

108 555 138 594 li
159 569 276 607 porro
300 556 386 595 libri
403 556 481 595 sive
502 557 683 595 librorum
701 571 754 596 eae
774 569 912 610 partes,
931 559 1068 610 quibus
1087 559 1374 598 fundamentum
1397 558 1514 598 sube-

56 627 113 657 rat
138 619 305 658 historiae
322 620 379 658 vel
400 633 516 658 sacrae.
535 622 591 659 vel
614 623 795 673 prosanae,
824 624 963 660 nullam
980 623 1211 661 inventionis
1230 632 1349 661 artem
1368 622 1514 661 deside-

55 685 208 731 rabant3
221 685 284 723 sed
304 685 466 723 ornandi
486 694 629 724 tantum
648 687 804 725 suerunt
817 686 1009 725 coloribus
1024 688 1197 738 poeticis,
1212 701 1309 738 quos
1330 687 1418 726 libri
1435 688 1462 731 Ι,
1480 687 1515 725 11

52 756 90 785 et
104 748 215 798 VIII,
231 750 301 787 etsi
325 762 400 787 non
424 748 628 788 admodum
656 751 778 788 claros
794 759 831 788 et
851 751 1026 798 nitentes,
1051 760 1172 790 tamen
1195 765 1264 790 nec
1284 752 1439 789 omnino
1458 751 1514 789 di-

51 813 150 850 lutos
164 813 361 852 exhibent.

101 881 193 927 Quae
210 891 302 915 vero
326 887 452 930 partes
466 878 628 930 speciem
647 878 875 930 hymnorum
898 893 975 930 prae
993 893 1032 919 se
1048 881 1190 926 serunt,
1209 894 1328 932 quum
1350 880 1397 918 ad
1417 880 1513 930 lyri-

48 954 130 978 cam
151 940 419 980 sublimitatem
433 944 598 993 aspirare
613 943 824 992 videantur,
839 944 877 981 in
897 944 963 982 illo
979 954 1115 982 conatu
1132 946 1334 992 deliciunt,
1353 954 1515 996 excepto

50 1004 148 1043 libro
176 1005 279 1051 VIII,
304 1008 378 1053 53,
412 1007 472 1045 cui
500 1021 575 1045 non
601 1007 707 1046 deest
730 1008 912 1046 orationis
943 1009 1104 1060 impetus
1137 1009 1314 1060 quidam,
1350 1010 1518 1060 satisque

50 1070 241 1109 interdum
269 1070 360 1108 felix
377 1070 632 1122 epithetomim
652 1072 819 1110 audacia.

101 1135 192 1181 Quae
206 1134 387 1171 doctrinae
401 1143 438 1171 et
458 1135 686 1173 hortationis
707 1144 833 1186 pau-tes
853 1145 985 1186 agunt,
1005 1137 1227 1188 plerumque
1250 1147 1338 1176 sunt
1361 1146 1515 1175 senten-

50 1204 111 1241 tiis
129 1202 316 1253 vulgares,
340 1214 409 1238 nec
432 1215 452 1239 a
476 1201 606 1252 patula
640 1202 781 1253 vilique
803 1203 929 1241 orbita
951 1204 1168 1250 discedunt;
1192 1205 1423 1243 Prooemium
1457 1215 1511 1244 ta-

49 1280 131 1304 men
152 1274 204 1316 et,
232 1264 280 1303 ab
307 1264 437 1303 eodem
458 1265 617 1303 sortasse
636 1275 792 1304 auctore
812 1267 966 1317 scripta,
984 1268 1084 1306 bona
1103 1282 1189 1320 pars
1209 1268 1297 1306 libri
1313 1269 1419 1316 VIII,
1437 1270 1452 1320 §
1470 1283 1509 1316 2,

48 1332 176 1382 aliquo
194 1331 313 1368 facilis
331 1330 526 1381 elegantiae
553 1330 655 1368 cultu
676 1336 714 1370 et
733 1330 908 1381 aequabili
937 1332 1102 1382 quodam
1138 1334 1222 1382 styli
1252 1341 1383 1371 tenore
1406 1347 1514 1371 com-

48 1395 287 1434 mendantur.

102 1459 310 1497 Plurimum
337 1458 449 1510 spatii
480 1466 607 1496 teuent
636 1459 674 1496 in
695 1459 829 1497 ceteris
851 1458 956 1497 libris
977 1473 1088 1497 merae
1110 1460 1413 1500 vaticinationes.
1436 1462 1513 1507 Eae,

47 1523 149 1575 quod
161 1523 391 1574 jampridem
410 1537 431 1561 a
446 1522 556 1561 nobis
577 1522 817 1562 observatum
833 1532 888 1561 est
910 1523 1055 1576 (confer
1076 1525 1168 1563 Exe.
1189 1526 1266 1575 IV),
1288 1526 1515 1576 plerumque

47 1590 128 1627 siue
149 1589 227 1626 ullo
248 1601 348 1626 nexu
373 1597 512 1625 temere
526 1587 737 1638 jaciuntur,
761 1588 871 1626 nimis
899 1589 997 1626 inter
1025 1602 1063 1626 se
1089 1598 1257 1638 cognata}
1274 1590 1514 1640 similesque,

47 1653 148 1691 unde
160 1661 197 1692 et
216 1667 315 1704 saepe
333 1645 551 1700 fastidiosae,
574 1652 663 1690 dum
682 1653 913 1691 calamitates
930 1652 1083 1691 urbium
1104 1654 1385 1705 populorumve
1401 1655 1509 1706 longa

44 1719 140 1756 serie
175 1717 391 1765 deducunt,
412 1717 475 1755 vix
509 1718 631 1767 aliqua
660 1718 797 1769 passim
827 1717 1077 1769 abrumpente
1101 1719 1356 1770 digressione,
1379 1719 1518 1769 quales.

44 1784 117 1821 illae
132 1792 218 1820 sunt
232 1782 511 1834 pericopae,lib.
527 1785 598 1833 1-11,
615 1782 636 1832 §
652 1784 686 1830 3,
707 1782 755 1820 de
774 1783 891 1834 'froja
904 1797 946 1820 ac
962 1783 1008 1821 de
1026 1783 1207 1831 Homero,
1228 1783 1324 1822 libro
1336 1792 1458 1822 autem
1477 1785 1511 1824 V

44 1846 216 1885 facundae
234 1848 323 1885 satis
339 1846 519 1885 adversus
533 1847 724 1885 Romanos
741 1847 1045 1886 declamationes.

95 1911 274 1957 Quamvis
289 1919 414 1950 aulem
430 1912 586 1962 singulae
607 1921 736 1963 partes
757 1911 861 1948 vitiis
883 1912 959 1948 suis
982 1911 1172 1958 laborent,
1190 1925 1259 1949 nec
1288 1913 1402 1950 ullius
1423 1911 1515 1949 libri-

41 1975 160 2013 dictio
179 1975 337 2013 mediam
369 1976 476 2026 quasi
496 1976 631 2013 lineam
653 1975 911 2022 transcendat,
934 1974 999 2013 sed
1020 1976 1242 2027 plerumque
1267 1975 1364 2014 infra
1382 1975 1510 2014 subsi-

43 2041 119 2087 dat,
140 2048 262 2078 tamen
284 2053 402 2090 quum
419 2039 557 2078 diversi
577 2040 668 2088 sint,
687 2050 728 2077 ut
752 2039 930 2084 diximus,
947 2040 1093 2089 generis
1110 2039 1225 2077 mixta
1246 2040 1346 2078 inter
1364 2054 1403 2078 se
1421 2055 1514 2078 car-

42 2106 157 2154 mina,
177 2113 291 2155 prout
307 2105 385 2142 sors
405 2105 490 2143 tulit
509 2113 573 2142 aut
591 2104 781 2142 editorum
801 2103 940 2152 libido,
968 2104 1176 2142 lectoribus
1197 2105 1320 2142 minus
1344 2106 1512 2143 asserunt

44 2168 195 2214 fastidii,
220 2168 398 2219 quoniam
415 2197 426 2215 ‚
449 2182 535 2219 quae
554 2176 778 2218 argutiiento
797 2167 901 2205 deest
919 2168 1093 2215 varietas,
1113 2168 1311 2206 sententiis
1328 2177 1365 2206 et
1381 2169 1512 2207 verbIs

42 2247 118 2271 non
134 2247 282 2284 semper
294 2233 416 2282 deest;
430 2247 499 2271 nec
517 2233 673 2284 singulae
691 2246 760 2284 per
775 2247 814 2270 se
832 2242 957 2284 partes
971 2233 1173 2271 admodum
1189 2234 1347 2284 prolixae
1359 2242 1457 2281 sunt,
1474 2243 1512 2271 et

43 2312 129 2335 raro
155 2311 333 2335 versuum
354 2311 550 2336 numerum
570 2298 760 2336 excedunt
789 2298 856 2348 qui
877 2298 935 2335 vel
953 2298 1032 2335 sine
1064 2310 1200 2349 magno
1231 2297 1510 2336 oblectamento

42 2362 240 2401 commode
256 2362 328 2414 legi
347 2370 481 2414 potest.
502 2363 565 2401 Est
590 2370 711 2400 autem
741 2361 1009 2400 oblectamenti
1025 2361 1108 2399 Ioco
1124 2361 1360 2412 antiquitatis
1380 2362 1510 2399 saltem

42 2428 154 2473 ratio,
170 2440 252 2478 quae
264 2427 446 2465 doctrinae
463 2427 612 2479 cupidis
629 2426 749 2477 majus
765 2427 877 2465 etiam
894 2426 993 2465 taedii
1015 2440 1116 2481 onus.
1131 2439 1379 2477 compensare
1397 2436 1434 2464 et
1456 2435 1510 2464 to-

43 2492 163 2530 lerare
183 2492 312 2543 possit.
342 2492 458 2530 Multa
488 2492 587 2530 enim
620 2491 667 2530 de
695 2491 884 2530 veteribus
908 2492 1059 2543 scriptis
1087 2491 1281 2541 leguntur,
1302 2504 1377 2527 non
1402 2491 1506 2541 quod

42 2556 142 2594 bona
159 2555 404 2606 autjucunda
426 2556 511 2603 siut,
530 2556 594 2593 scd
615 2557 718 2607 qnod
745 2565 874 2594 vetera
899 2571 907 2594 ε
933 2570 1001 2593 nec
1025 2555 1132 2592 facile
1153 2554 1222 2591 alia
1242 2554 1382 2592 virtute
1402 2568 1511 2592 c01n-.

41 2619 268 2658 mundantur
287 2619 445 2670 Orphici
466 2620 611 2669 hymni,
628 2629 664 2658 et
681 2620 846 2667 ejusdem
870 2619 1034 2656 nominis
1049 2618 1197 2664 ΛιΟικά,
1217 2627 1253 2656 et
1267 2619 1510 2657 Manetbouis

39 2683 368 2735 Ἀποτελεσματικά,
386 2695 421 2723 et
439 2685 592 2723 Maximi
608 2685 804 2737 Κατ-ιρχαί,
820 2699 917 2736 quae,
934 2686 1147 2723 sivererum
1165 2685 1301 2736 pretiO,
1315 2686 1394 2722 sive
1413 2699 1508 2736 pue-

40 2751 113 2788 tica
134 2751 273 2787 virtute
292 2749 536 2793 aestimemur,
569 2763 644 2786 nun
675 2763 764 2787 sune
794 2749 960 2786 videmus
987 2749 1184 2799 Sibyllinis
1205 2750 1343 2786 nostris
1361 2758 1512 2800 quanto

40 2815 113 2852 sint
137 2814 407 2865 praestantiora.
427 2813 537 2860 Quod
555 2814 585 2851 si
606 2813 652 2851 ad
674 2814 908 2864 antiquitatis
926 2814 1108 2851 rationem
1135 2813 1291 2851 accedat
1310 2814 1422 2851 etiam
1449 2813 1506 2851 as-

40 2879 157 2915 fectus
177 2878 240 2916 ille
254 2891 329 2929 quo
351 2878 470 2929 prima
491 2886 624 2915 nosti-ze
644 2878 833 2928 roligionis
851 2877 1079 2916 incunabula
1099 2878 1379 2928 prosequimur,
1403 2879 1511 2916 nulla»
