1752 3495
95 227 155 272 64
477 224 557 267 AD
592 222 937 268 SIBYLLINOS
972 219 1180 265 LIBROS

248 322 370 367 Quam
388 330 600 359 memorant
618 321 802 373 Nymphae
822 319 986 370 priscum
1004 317 1213 358 Carmentis
1229 315 1410 353 honorem
1423 343 1433 362 ,
1479 344 1483 347 -
1537 332 1543 339 ·

248 383 351 421 Vatis
369 384 551 434 fatidicae,
568 386 704 424 cecinit
722 397 806 434 quae
825 382 945 433 prima
961 382 1110 420 futuros

248 447 433 486 AEneadas
449 462 605 500 magnos
623 437 807 486 et'nobile
827 446 1072 484 Pallanteum.

94 513 210 551 Nemo
225 519 349 550 tamen
376 513 485 563 plura
506 513 554 550 de
569 526 613 550 ea
632 526 672 550 re
699 524 812 562 quam
831 510 990 549 Ovidius
1003 539 1012 556 ‚
1029 513 1129 548 Fast.
1149 510 1175 555 1,
1190 522 1227 548 v.
1248 509 1320 555 467
1340 520 1424 557 sqq.
1441 535 1451 552 ,
1470 505 1549 551 ubi,

69 578 196 628 ‚prius
220 577 398 615 invocato
427 579 634 616 Carmentae
654 577 783 627 ipsiu5‚
815 584 995 625 tanquam
1025 576 1142 613 Musae
1162 573 1342 623 aiicujus,
1374 572 1551 618 numine,

90 641 239 692 longam
255 641 448 679 historiam
461 641 506 679 de
520 641 599 692 ejus
613 654 696 678 cum
714 640 788 676 (ilio
805 639 982 677 Evandro
999 639 1036 676 in
1055 639 1198 677 ltaliam
1214 638 1377 676 adventu
1395 644 1523 674 narrat
1541 650 1548 673 z

248 706 318 743 llic
335 706 406 743 suit
423 705 615 752 Evander,
638 705 724 755 qui,
744 717 960 754 quanquam
978 704 1101 741 ciarus
1119 712 1279 753 utroque
1295 730 1305 745 ‚

303 769 476 807 Nobilior
491 782 605 806 sacrae
620 769 802 822 sanguine
822 768 952 804 mati-is
970 775 1069 812 erat3

248 835 338 880 Quae
353 834 460 871 simui
478 834 652 870 aetherios
672 833 798 869 animo
816 839 1043 882 conceperat
1060 832 1185 881 ignes,

298 899 373 937 Ore
391 897 504 935 dabat
526 910 619 934 vero
639 897 806 934 carmina
827 896 936 947 plena
961 895 1046 932 Dei.

247 963 403 1000 Dixerat
420 961 518 1008 haec,
537 970 626 998 nato
646 970 770 997 motus
788 961 928 997 instare
948 959 1098 1008 sibique
1112 988 1121 1003 ,

299 1027 492 1076 Multaque
512 1034 711 1076 praeterea,
733 1033 902 1074 tempore
921 1032 1031 1061 nacta
1047 1023 1172 1060 fidem.

244 1091 337 1129 Nam
351 1091 522 1141 juvenis,
543 1104 631 1127 vei-a
649 1091 806 1145 nimium
825 1103 909 1126 cum
930 1098 1047 1126 matre
1068 1090 1236 1139 fugatus,

297 1155 444 1192 Deserit
465 1154 728 1193 Arcadiam...

241 1221 396 1268 Jamqne
418 1227 535 1255 ratem
557 1217 678 1255 docta¹
697 1217 843 1254 monitu
862 1217 1073 1255 Carmentis
1092 1216 1130 1253 in
1151 1228 1299 1253 amnem

300 1283 433 1332 Egerat
447 1311 457 1328 ,
476 1290 513 1318 et
530 1282 662 1319 Tuscis
679 1281 816 1319 obvius
833 1281 912 1318 ibat
935 1282 1054 1332 aquis.

241 1347 425 1386 Fluminis
443 1346 506 1384 illa
521 1347 638 1394 latus,
660 1347 722 1384 cui
742 1355 829 1384 sunt
846 1346 941 1384 vada
956 1347 1089 1396 juncta
1102 1345 1279 1392 Terenti,

293 1410 494 1461 Aspicit....

241 1474 345 1512 Neve
356 1475 463 1512 daret
479 1475 632 1524 saltum,
650 1487 860 1525 properans
874 1475 1047 1513 insistere
1063 1483 1185 1522 terrae,

294 1539 364 1577 Vix
382 1547 438 1576 est
456 1539 623 1577 Evandri
640 1539 780 1590 vixque
797 1548 944 1578 retenta
962 1553 1074 1578 manu
1092 1554 1100 1577 :

244 1603 369 1653 Dique
386 1603 614 1653 petitorum,
634 1603 750 1647 dixit,
770 1604 908 1641 salvete
927 1605 1121 1652 locorum,

291 1668 428 1718 Tuque
444 1680 564 1706 novos
583 1668 674 1705 caelo
696 1676 795 1705 terra
815 1666 949 1706 datura
967 1669 1068 1705 Deos
1071 1696 1132 1707 .....

242 1732 364 1782 thue
380 1745 450 1783 ego
467 1732 663 1783 perpetuis
682 1732 771 1769 olim
786 1731 967 1770 sacrabor
982 1732 1019 1769 in
1041 1732 1116 1769 aris
1133 1761 1143 1782 ‚

293 1797 354 1834 Sic
373 1800 535 1847 Augusta
548 1826 557 1844 ,
575 1805 648 1836 etc.

85 1861 223 1900 Narrat
248 1859 338 1899 inde
365 1869 476 1911 poeta
505 1861 667 1912 positam
692 1860 740 1898 ab
760 1860 938 1900 Evandro
955 1860 1082 1899 sedem
1097 1861 1134 1898 in
1155 1859 1202 1899 iis
1220 1860 1315 1899 locis
1329 1860 1394 1912 qui
1418 1868 1549 1913 postea

85 1927 210 1965 Romae
226 1924 330 1963 urbis
350 1925 594 1962 fundamenta
613 1926 806 1976 accepturi
824 1933 944 1964 erant.
1145 1910 1150 1918 ’

137 1991 224 2028 Haec
235 1989 339 2027 latini
354 1999 486 2040 poetae,
499 1990 707 2040 patriarum
721 1989 970 2027 traditionum
984 1989 1223 2040 interpretes,
1235 2001 1328 2039 quas
1340 1997 1463 2026 tamen
1477 1988 1552 2039 ple·

85 2053 171 2101 nius
189 2054 378 2104 expositas
397 2053 569 2091 invenire
584 2062 641 2092 est
656 2054 758 2106 apud
777 2054 1002 2104 Dionysium
1025 2054 1143 2092 ualic.
1156 2053 1223 2092 lib.
1238 2053 1268 2101 1,
1285 2054 1300 2104 §
1317 2054 1360 2090 31
1377 2054 1499 2092 εΜετὰ
1515 2052 1550 2090 δὲ

84 2119 122 2156 οὗ
145 2116 253 2156 πολὺν
271 2117 391 2170 χρόνον
419 2116 538 2160 στόλος
569 2117 671 2161 ἄλλος
688 2116 893 2165 εΕλληνικὸς
915 2119 961 2160 εἷς
990 2121 1102 2156 ταῦτα
1123 2117 1168 2156 τὰ
1193 2117 1306 2170 χωρία
1326 2119 1387 2164 τῆς
1401 2116 1550 2160 Ἰταλίας

86 2182 294 2233 κατάγεται,
313 2181 486 2234 ἑξηκοστῷ
505 2179 657 2232 μάλιστα
678 2181 746 2220 ἔτει
770 2182 935 2236 πρότερον
958 2183 1026 2220 τῶν
1059 2184 1244 2235 Τρωϊκῶν,
1263 2184 1309 2226 ὡς
1337 2182 1433 2220 αὐτοὶ
1452 2182 1550 2220 Ῥω-

87 2251 184 2297 μαῖοι
213 2245 380 2296 λέγουσιν,
400 2247 438 2284 ἐκ
471 2245 671 2285 Παλαντίου
696 2246 829 2289 πόλεως
854 2245 1058 2299 Ἀρκαδικῆς
1082 2246 1246 2290 ἀναστάς.
1267 2244 1406 2297 Ἠγεῖτο
1431 2245 1467 2284 δὲ
1489 2247 1551 2291 τῆς

86 2309 245 2352 ἀποικίας
265 2309 457 2360 Εὔανδρος,
471 2309 604 2362 Ἑρμοῦ
623 2310 803 2361 γενόμενος
821 2311 880 2350 καὶ
897 2309 1046 2364 Νύμφης
1064 2309 1153 2354 τινὸς
1170 2310 1329 2364 Ἀρκάσιν
1345 2309 1547 2363 ἐπιχωρίας,

85 2375 128 2421 ἢν
155 2375 185 2412 οἱ
222 2373 282 2424 μὲν
307 2372 479 2420 ἽΞλλν-,νες
508 2374 621 2424 Θέμιν
653 2368 742 2413 εἶναι
767 2375 924 2427 λέγουσι,
955 2375 1014 2413 καὶ
1048 2375 1251 2429 θεοφόρητον
1280 2375 1527 2428 ἀποφαίνουσιν
1541 2387 1550 2395 ·

85 2441 117 2476 οἱ
138 2438 174 2476 δὲ
191 2437 252 2480 τὰς
271 2437 471 2489 Ῥωμαϊκὰς
488 2438 745 2491 συγγράψαντες
765 2439 1008 2491 ἀρχαιολογίας
1020 2469 1029 2487 ,
1047 2442 1090 2491 τῇ
1114 2437 1259 2493 πατρῴα
1277 2439 1418 2490 γλώσσῃ
1443 2441 1550 2492 Καρ-

87 2503 214 2554 μένταν
231 2502 467 2552 ὀνομάζουσιν·
483 2501 536 2548 εἴη
565 2503 593 2540 δ’
609 2502 648 2540 ἂν
663 2502 810 2542 Ἑλλάδι
829 2506 925 2556 φωνῇ
952 2503 1155 2557 Θεσπιῳδὸς
1172 2507 1213 2555 τῇ
1232 2501 1359 2555 Νύμφῃ
1379 2502 1548 2554 τοῦνομα·

85 2565 147 2610 τὰς
165 2564 227 2616 μὲν
250 2565 316 2619 γὰρ
334 2564 421 2618 ᾠδὰς
441 2567 586 2604 καλοῦσι
600 2567 773 2617 Ῥωμαῖοι
801 2568 965 2621 κάρμινα.
992 2568 1068 2614 Τὴν
1090 2569 1127 2606 δὲ
1147 2573 1293 2618 γυναῖκα
1315 2567 1444 2614 ταύτην
1460 2570 1548 2618 ὁμο-

85 2632 227 2680 λογοῦσι
247 2629 415 2683 δαιμονίῳ
434 2629 606 2681 πνεύματι
626 2631 841 2682 κατάσχετον
868 2632 1068 2683 γινομένην,
1090 2630 1133 2670 τὰ
1151 2632 1318 2684 μέλλοντα
1346 2631 1549 2683 συμὸαίνειν

84 2696 135 2747 τῷ
153 2693 276 2741 πλήθει
296 2695 337 2732 δι’
354 2695 444 2747 ᾠδῆς
468 2695 714 2747 προλέγειν....
736 2697 783 2736 Οἳ
804 2695 840 2735 δὲ
860 2696 1019 2750 Ἀρκάδες
1033 2727 1043 2744 ,
1074 2698 1120 2739 ὡς
1139 2700 1160 2743 ἠ
1189 2696 1297 2745 Θέμις
1329 2697 1442 2738 αὐτοῖς
1468 2697 1548 2734 ἐπι-

86 2758 268 2803 Θειοίζουσα
287 2759 365 2810 [alii
395 2758 676 2812 ἐπιθυσιάζουσα]
704 2759 862 2813 ἔφρασεν,
887 2762 1063 2813 αῖροῧνται
1092 2760 1205 2813 λόφον,
1232 2759 1344 2810 ὀλίγον
1374 2759 1550 2812 ἀπέχοντα

86 2827 144 2862 τοῦ
161 2825 195 2862 Τ
198 2822 338 2875 ιὸέριος,
353 2822 387 2866 ὅς
407 2824 479 2862 ἐστι
496 2826 554 2861 νῦν
572 2824 606 2862 ἐν
627 2823 724 2877 μέσῳ
745 2825 896 2874 μάλιστα
915 2826 974 2871 τῆς
995 2823 1180 2875 Ῥωμαίων
1196 2823 1346 2872 πόλεως,
1361 2824 1419 2862 καὶ
1436 2840 1550 2863 κατα-

88 2888 309 2931 σκευάζονται
329 2886 414 2940 πρὸς
446 2889 538 2940 αὐτῷ
559 2887 680 2940 κώμην
710 2891 926 2943 βραχεῖαν...
961 2889 1068 2939 ὄνομα
1095 2887 1129 2926 δὲ
1151 2892 1199 2942 τῷ
1224 2889 1412 2939 πολίσματι
1440 2889 1549 2942 τούτῳ
