<?xml version="1.0" encoding="UTF-8"?>
<!DOCTYPE html PUBLIC "-//W3C//DTD XHTML 1.0 Transitional//EN"
    "http://www.w3.org/TR/xhtml1/DTD/xhtml1-transitional.dtd">
<html xmlns="http://www.w3.org/1999/xhtml" xml:lang="en" lang="en">
 <head>
  <title>
</title>
<meta http-equiv="Content-Type" content="text/html;charset=utf-8" />
  <meta name='ocr-system' content='tesseract 3.04.00' />
  <meta name='ocr-capabilities' content='ocr_page ocr_carea ocr_par ocr_line ocrx_word'/>
</head>
<body>
  <div class='ocr_page' id='page_1' title='image "./excursusadsibyll00alexuoft_0473.png"; bbox 0 0 1686 3500; ppageno 0'>
   <div class='ocr_carea' id='block_1_1' title="bbox 105 179 1194 232">
    <p class='ocr_par' dir='ltr' id='par_1_1' title="bbox 105 179 1194 232">
     <span class='ocr_line' id='line_1_1' title="bbox 105 179 1194 232; baseline -0.006 -1"><span class='ocrx_word' id='word_1_1' title='bbox 105 184 198 232; x_wconf 74' lang='lat'>464</span> <span class='ocrx_word' id='word_1_2' title='bbox 246 198 254 204; x_wconf 91' lang='lat'>·</span> <span class='ocrx_word' id='word_1_3' title='bbox 489 184 570 230; x_wconf 85' lang='lat' dir='ltr'>AD</span> <span class='ocrx_word' id='word_1_4' title='bbox 604 180 944 228; x_wconf 73' lang='lat' dir='ltr'>stBYLLlNos</span> <span class='ocrx_word' id='word_1_5' title='bbox 979 179 1194 226; x_wconf 77' lang='lat' dir='ltr'><strong>LIBROS</strong></span> 
     </span>
    </p>
   </div>
   <div class='ocr_carea' id='block_1_2' title="bbox 99 273 1582 2864">
    <p class='ocr_par' dir='ltr' id='par_1_2' title="bbox 102 273 1579 459">
     <span class='ocr_line' id='line_1_2' title="bbox 155 273 1579 335; baseline -0.004 -12"><span class='ocrx_word' id='word_1_6' title='bbox 155 284 377 335; x_wconf 79' lang='lat' dir='ltr'>Sequuntur</span> <span class='ocrx_word' id='word_1_7' title='bbox 404 279 540 320; x_wconf 81' lang='lat' dir='ltr'>ordine</span> <span class='ocrx_word' id='word_1_8' title='bbox 568 289 784 333; x_wconf 74' lang='lat' dir='ltr'>temporum</span> <span class='ocrx_word' id='word_1_9' title='bbox 814 279 902 319; x_wconf 84' lang='lat' dir='ltr'>libri</span> <span class='ocrx_word' id='word_1_10' title='bbox 923 278 972 317; x_wconf 86' lang='lat' dir='ltr'>Vl</span> <span class='ocrx_word' id='word_1_11' title='bbox 992 286 1030 316; x_wconf 84' lang='lat' dir='ltr'>et</span> <span class='ocrx_word' id='word_1_12' title='bbox 1053 278 1119 317; x_wconf 84' lang='lat' dir='ltr'>vu</span> <span class='ocrx_word' id='word_1_13' title='bbox 1135 307 1145 326; x_wconf 89' lang='lat'>,</span> <span class='ocrx_word' id='word_1_14' title='bbox 1166 277 1204 315; x_wconf 88' lang='lat' dir='ltr'>in</span> <span class='ocrx_word' id='word_1_15' title='bbox 1226 273 1385 328; x_wconf 82' lang='lat' dir='ltr'>quibus,</span> <span class='ocrx_word' id='word_1_16' title='bbox 1407 279 1579 328; x_wconf 69' lang='lat' dir='ltr'>quamvis</span> 
     </span>
     <span class='ocr_line' id='line_1_3' title="bbox 102 340 1577 398; baseline -0.005 -13"><span class='ocrx_word' id='word_1_17' title='bbox 102 356 229 386; x_wconf 86' lang='lat' dir='ltr'>cetera</span> <span class='ocrx_word' id='word_1_18' title='bbox 247 358 382 398; x_wconf 83' lang='lat' dir='ltr'>parum</span> <span class='ocrx_word' id='word_1_19' title='bbox 402 345 654 392; x_wconf 82' lang='lat' dir='ltr'>orthodoxis,</span> <span class='ocrx_word' id='word_1_20' title='bbox 674 358 750 383; x_wconf 90' lang='lat' dir='ltr'>non</span> <span class='ocrx_word' id='word_1_21' title='bbox 773 345 897 382; x_wconf 81' lang='lat' dir='ltr'>minus</span> <span class='ocrx_word' id='word_1_22' title='bbox 923 351 1056 394; x_wconf 78' lang='lat' dir='ltr'>aperte</span> <span class='ocrx_word' id='word_1_23' title='bbox 1081 340 1354 392; x_wconf 78' lang='lat' dir='ltr'>pronuntiatur</span> <span class='ocrx_word' id='word_1_24' title='bbox 1373 340 1456 379; x_wconf 82' lang='lat' dir='ltr'>Filii</span> <span class='ocrx_word' id='word_1_25' title='bbox 1479 341 1577 379; x_wconf 81' lang='lat' dir='ltr'>divi-</span> 
     </span>
     <span class='ocr_line' id='line_1_4' title="bbox 103 410 615 459; baseline 0.002 -11"><span class='ocrx_word' id='word_1_26' title='bbox 103 412 220 459; x_wconf 82' lang='lat' dir='ltr'>nitas,</span> <span class='ocrx_word' id='word_1_27' title='bbox 238 418 281 449; x_wconf 87' lang='lat' dir='ltr'>ut</span> <span class='ocrx_word' id='word_1_28' title='bbox 300 410 367 450; x_wconf 90' lang='lat' dir='ltr'>lib.</span> <span class='ocrx_word' id='word_1_29' title='bbox 388 411 460 458; x_wconf 79' lang='lat' dir='ltr'>Vl,</span> <span class='ocrx_word' id='word_1_30' title='bbox 478 424 512 450; x_wconf 89' lang='lat' dir='ltr'>v.</span> <span class='ocrx_word' id='word_1_31' title='bbox 535 423 583 448; x_wconf 73' lang='grc'>22</span> <span class='ocrx_word' id='word_1_32' title='bbox 606 423 615 449; x_wconf 91' lang='lat'>:</span> 
     </span>
    </p>

    <p class='ocr_par' dir='ltr' id='par_1_3' title="bbox 417 471 910 519">
     <span class='ocr_line' id='line_1_5' title="bbox 417 471 910 519; baseline -0.006 -6"><span class='ocrx_word' id='word_1_33' title='bbox 417 473 487 513; x_wconf 83' lang='grc' dir='ltr'>Τὸν</span> <span class='ocrx_word' id='word_1_34' title='bbox 501 473 561 513; x_wconf 87' lang='grc' dir='ltr'>σὸν</span> <span class='ocrx_word' id='word_1_35' title='bbox 578 472 670 514; x_wconf 85' lang='grc' dir='ltr'>Θεὸν</span> <span class='ocrx_word' id='word_1_36' title='bbox 685 473 749 512; x_wconf 78' lang='grc' dir='ltr'>οὐκ</span> <span class='ocrx_word' id='word_1_37' title='bbox 765 471 910 519; x_wconf 77' lang='grc' dir='ltr'>ἐνόησας</span> 
     </span>
    </p>

    <p class='ocr_par' dir='ltr' id='par_1_4' title="bbox 102 537 817 651">
     <span class='ocr_line' id='line_1_6' title="bbox 261 537 817 589; baseline -0.007 -11"><span class='ocrx_word' id='word_1_38' title='bbox 261 538 437 583; x_wconf 80' lang='grc' dir='ltr'>Παίζοντα</span> <span class='ocrx_word' id='word_1_39' title='bbox 457 541 610 586; x_wconf 83' lang='grc' dir='ltr'>θνητοῖσι</span> <span class='ocrx_word' id='word_1_40' title='bbox 624 537 795 589; x_wconf 76' lang='grc' dir='ltr'>νοήμασιν</span> <span class='ocrx_word' id='word_1_41' title='bbox 805 567 817 589; x_wconf 78' lang='lat'><strong>‚</strong></span> 
     </span>
     <span class='ocr_line' id='line_1_7' title="bbox 102 603 424 651; baseline -0.003 -8"><span class='ocrx_word' id='word_1_42' title='bbox 102 613 139 643; x_wconf 85' lang='lat' dir='ltr'>et</span> <span class='ocrx_word' id='word_1_43' title='bbox 161 603 270 651; x_wconf 71' lang='lat' dir='ltr'>ibid„</span> <span class='ocrx_word' id='word_1_44' title='bbox 289 617 328 645; x_wconf 89' lang='lat' dir='ltr'>v.</span> <span class='ocrx_word' id='word_1_45' title='bbox 344 605 394 642; x_wconf 87' lang='grc'>26</span> <span class='ocrx_word' id='word_1_46' title='bbox 416 618 424 642; x_wconf 79' lang='lat'>2</span> 
     </span>
    </p>

    <p class='ocr_par' dir='ltr' id='par_1_5' title="bbox 102 660 1170 785">
     <span class='ocr_line' id='line_1_8' title="bbox 259 660 1170 721; baseline -0.008 -13"><span class='ocrx_word' id='word_1_47' title='bbox 259 661 312 708; x_wconf 80' lang='grc' dir='ltr'><em>Ὦ</em></span> <span class='ocrx_word' id='word_1_48' title='bbox 332 667 427 713; x_wconf 80' lang='grc' dir='ltr'>Ξύλον</span> <span class='ocrx_word' id='word_1_49' title='bbox 441 660 470 706; x_wconf 77' lang='grc' dir='ltr'>ὦ</span> <span class='ocrx_word' id='word_1_50' title='bbox 488 665 702 721; x_wconf 76' lang='grc' dir='ltr'>μακαριστὸν</span> <span class='ocrx_word' id='word_1_51' title='bbox 719 665 774 719; x_wconf 78' lang='grc' dir='ltr'>ἐφ’</span> <span class='ocrx_word' id='word_1_52' title='bbox 788 660 816 720; x_wconf 79' lang='grc' dir='ltr'>ᾧ</span> <span class='ocrx_word' id='word_1_53' title='bbox 831 663 920 709; x_wconf 83' lang='grc' dir='ltr'>Θεὸς</span> <span class='ocrx_word' id='word_1_54' title='bbox 939 662 1145 710; x_wconf 73' lang='grc' dir='ltr'>ἐξετανύσθη</span> <span class='ocrx_word' id='word_1_55' title='bbox 1159 692 1170 711; x_wconf 83' lang='lat'><em>,</em></span> 
     </span>
     <span class='ocr_line' id='line_1_9' title="bbox 102 733 499 785; baseline -0.003 -12"><span class='ocrx_word' id='word_1_56' title='bbox 102 734 340 785; x_wconf 75' lang='lat' dir='ltr'>ibidemque,</span> <span class='ocrx_word' id='word_1_57' title='bbox 361 747 395 771; x_wconf 92' lang='lat' dir='ltr'>v.</span> <span class='ocrx_word' id='word_1_58' title='bbox 418 733 466 771; x_wconf 87' lang='grc'>28</span> <span class='ocrx_word' id='word_1_59' title='bbox 489 744 499 772; x_wconf 72' lang='lat'>2</span> 
     </span>
    </p>

    <p class='ocr_par' dir='ltr' id='par_1_6' title="bbox 100 791 1175 918">
     <span class='ocr_line' id='line_1_10' title="bbox 259 791 1175 850; baseline -0.007 -13"><span class='ocrx_word' id='word_1_60' title='bbox 259 797 372 837; x_wconf 71' lang='lat' dir='ltr'>‘Hvt&#39;x’</span> <span class='ocrx_word' id='word_1_61' title='bbox 389 796 429 835; x_wconf 82' lang='grc' dir='ltr'>ἂν</span> <span class='ocrx_word' id='word_1_62' title='bbox 444 796 606 850; x_wconf 73' lang='grc' dir='ltr'>ἇστροὶψῃ</span> <span class='ocrx_word' id='word_1_63' title='bbox 620 795 660 835; x_wconf 84' lang='grc' dir='ltr'>τὸ</span> <span class='ocrx_word' id='word_1_64' title='bbox 676 794 750 834; x_wconf 85' lang='grc' dir='ltr'>νέον</span> <span class='ocrx_word' id='word_1_65' title='bbox 767 794 860 834; x_wconf 80' lang='grc' dir='ltr'>Θεοῦ</span> <span class='ocrx_word' id='word_1_66' title='bbox 879 793 1032 846; x_wconf 80' lang='grc' dir='ltr'>ἔμπυρον</span> <span class='ocrx_word' id='word_1_67' title='bbox 1051 791 1152 845; x_wconf 80' lang='grc' dir='ltr'>ὄμμα</span> <span class='ocrx_word' id='word_1_68' title='bbox 1163 821 1175 844; x_wconf 81' lang='lat'>,</span> 
     </span>
     <span class='ocr_line' id='line_1_11' title="bbox 100 869 573 918; baseline -0.002 -11"><span class='ocrx_word' id='word_1_69' title='bbox 100 869 217 908; x_wconf 84' lang='lat' dir='ltr'>etlib.</span> <span class='ocrx_word' id='word_1_70' title='bbox 240 869 326 915; x_wconf 81' lang='lat' dir='ltr'>Vll,</span> <span class='ocrx_word' id='word_1_71' title='bbox 348 882 387 907; x_wconf 91' lang='lat' dir='ltr'>v.</span> <span class='ocrx_word' id='word_1_72' title='bbox 407 869 469 915; x_wconf 88' lang='grc'>66,</span> <span class='ocrx_word' id='word_1_73' title='bbox 488 881 547 918; x_wconf 88' lang='lat' dir='ltr'>sq.</span> <span class='ocrx_word' id='word_1_74' title='bbox 565 882 573 905; x_wconf 87' lang='lat'>:</span> 
     </span>
    </p>

    <p class='ocr_par' dir='ltr' id='par_1_7' title="bbox 261 927 1216 983">
     <span class='ocr_line' id='line_1_12' title="bbox 261 927 1216 983; baseline -0.005 -11"><span class='ocrx_word' id='word_1_75' title='bbox 261 932 419 983; x_wconf 83' lang='grc' dir='ltr'>Τλήμων</span> <span class='ocrx_word' id='word_1_76' title='bbox 438 932 499 970; x_wconf 83' lang='grc' dir='ltr'>οὐκ</span> <span class='ocrx_word' id='word_1_77' title='bbox 511 930 616 983; x_wconf 86' lang='grc' dir='ltr'>ἔγνως</span> <span class='ocrx_word' id='word_1_78' title='bbox 633 930 692 970; x_wconf 89' lang='grc' dir='ltr'>τὸν</span> <span class='ocrx_word' id='word_1_79' title='bbox 711 928 771 969; x_wconf 84' lang='grc' dir='ltr'>σὸν</span> <span class='ocrx_word' id='word_1_80' title='bbox 790 928 903 979; x_wconf 83' lang='grc' dir='ltr'>Θεὸν,</span> <span class='ocrx_word' id='word_1_81' title='bbox 928 927 962 973; x_wconf 78' lang='grc' dir='ltr'>ὅς</span> <span class='ocrx_word' id='word_1_82' title='bbox 978 927 1058 968; x_wconf 83' lang='grc' dir='ltr'>ποτ’</span> <span class='ocrx_word' id='word_1_83' title='bbox 1077 927 1216 967; x_wconf 78' lang='grc' dir='ltr'>ἔλουσεν</span> 
     </span>
    </p>

    <p class='ocr_par' dir='ltr' id='par_1_8' title="bbox 99 996 1582 1168">
     <span class='ocr_line' id='line_1_13' title="bbox 258 996 694 1050; baseline -0.009 -14"><span class='ocrx_word' id='word_1_84' title='bbox 258 996 431 1050; x_wconf 76' lang='grc' dir='ltr'>Ἰορδάνου</span> <span class='ocrx_word' id='word_1_85' title='bbox 452 997 486 1035; x_wconf 82' lang='grc' dir='ltr'>ἐν</span> <span class='ocrx_word' id='word_1_86' title='bbox 506 996 694 1048; x_wconf 74' lang='grc' dir='ltr'>προχοῇσι.</span> 
     </span>
     <span class='ocr_line' id='line_1_14' title="bbox 99 1059 1582 1112; baseline -0.001 -12"><span class='ocrx_word' id='word_1_87' title='bbox 99 1062 187 1109; x_wconf 90' lang='lat' dir='ltr'>Quo</span> <span class='ocrx_word' id='word_1_88' title='bbox 202 1062 317 1100; x_wconf 84' lang='lat' dir='ltr'>etiam</span> <span class='ocrx_word' id='word_1_89' title='bbox 337 1063 373 1100; x_wconf 91' lang='lat' dir='ltr'>in</span> <span class='ocrx_word' id='word_1_90' title='bbox 395 1060 494 1099; x_wconf 81' lang='lat' dir='ltr'>libro</span> <span class='ocrx_word' id='word_1_91' title='bbox 514 1061 585 1101; x_wconf 84' lang='lat' dir='ltr'>Dei</span> <span class='ocrx_word' id='word_1_92' title='bbox 603 1060 718 1099; x_wconf 80' lang='lat' dir='ltr'>Filius</span> <span class='ocrx_word' id='word_1_93' title='bbox 736 1059 887 1112; x_wconf 77' lang='lat' dir='ltr'>genitus</span> <span class='ocrx_word' id='word_1_94' title='bbox 908 1067 995 1098; x_wconf 85' lang='lat' dir='ltr'>ante</span> <span class='ocrx_word' id='word_1_95' title='bbox 1011 1072 1164 1098; x_wconf 87' lang='lat' dir='ltr'>omnem</span> <span class='ocrx_word' id='word_1_96' title='bbox 1186 1067 1397 1098; x_wconf 82' lang='lat' dir='ltr'>creaturam</span> <span class='ocrx_word' id='word_1_97' title='bbox 1419 1059 1582 1109; x_wconf 81' lang='lat' dir='ltr'>dicitur,</span> 
     </span>
     <span class='ocr_line' id='line_1_15' title="bbox 105 1128 277 1168; baseline -0.006 -2"><span class='ocrx_word' id='word_1_98' title='bbox 105 1141 140 1168; x_wconf 87' lang='lat' dir='ltr'>v.</span> <span class='ocrx_word' id='word_1_99' title='bbox 164 1128 238 1166; x_wconf 89' lang='lat'>68:</span> <span class='ocrx_word' id='word_1_100' title='bbox 274 1163 277 1165; x_wconf 88' lang='lat'>.</span> 
     </span>
    </p>

    <p class='ocr_par' dir='ltr' id='par_1_9' title="bbox 102 1189 1120 1310">
     <span class='ocr_line' id='line_1_16' title="bbox 259 1189 1120 1246; baseline -0.002 -14"><span class='ocrx_word' id='word_1_101' title='bbox 259 1191 349 1246; x_wconf 73' lang='grc' dir='ltr'>Πρὶν</span> <span class='ocrx_word' id='word_1_102' title='bbox 369 1191 428 1230; x_wconf 71' lang='grc' dir='ltr'>καὶ</span> <span class='ocrx_word' id='word_1_103' title='bbox 451 1193 553 1243; x_wconf 82' lang='grc' dir='ltr'>γαίης</span> <span class='ocrx_word' id='word_1_104' title='bbox 573 1207 611 1231; x_wconf 84' lang='grc' dir='ltr'>τε</span> <span class='ocrx_word' id='word_1_105' title='bbox 634 1192 693 1231; x_wconf 83' lang='grc' dir='ltr'>καὶ</span> <span class='ocrx_word' id='word_1_106' title='bbox 714 1192 858 1244; x_wconf 78' lang='grc' dir='ltr'>οὐρανοῦ</span> <span class='ocrx_word' id='word_1_107' title='bbox 880 1189 1120 1244; x_wconf 79' lang='grc' dir='ltr'>ἀστερόεντος,</span> 
     </span>
     <span class='ocr_line' id='line_1_17' title="bbox 102 1257 898 1310; baseline -0.001 -15"><span class='ocrx_word' id='word_1_108' title='bbox 102 1271 260 1310; x_wconf 85' lang='lat' dir='ltr'>prorsus</span> <span class='ocrx_word' id='word_1_109' title='bbox 280 1267 320 1295; x_wconf 90' lang='lat' dir='ltr'>ut</span> <span class='ocrx_word' id='word_1_110' title='bbox 338 1257 438 1295; x_wconf 83' lang='lat' dir='ltr'>libro</span> <span class='ocrx_word' id='word_1_111' title='bbox 457 1257 562 1303; x_wconf 79' lang='lat' dir='ltr'>vul,</span> <span class='ocrx_word' id='word_1_112' title='bbox 580 1257 656 1296; x_wconf 86' lang='lat' dir='ltr'><strong>loc.</strong></span> <span class='ocrx_word' id='word_1_113' title='bbox 678 1269 794 1308; x_wconf 78' lang='lat' dir='ltr'>supra</span> <span class='ocrx_word' id='word_1_114' title='bbox 809 1257 898 1294; x_wconf 86' lang='lat' dir='ltr'>cit.:</span> 
     </span>
    </p>

    <p class='ocr_par' dir='ltr' id='par_1_10' title="bbox 259 1321 640 1375">
     <span class='ocr_line' id='line_1_18' title="bbox 259 1321 640 1375; baseline -0.008 -13"><span class='ocrx_word' id='word_1_115' title='bbox 259 1321 336 1375; x_wconf 86' lang='grc' dir='ltr'>Πρὸ</span> <span class='ocrx_word' id='word_1_116' title='bbox 349 1321 495 1367; x_wconf 81' lang='grc' dir='ltr'>κτίσεως</span> <span class='ocrx_word' id='word_1_117' title='bbox 514 1321 640 1367; x_wconf 71' lang='grc' dir='ltr'>πάσης.</span> 
     </span>
    </p>

    <p class='ocr_par' dir='ltr' id='par_1_11' title="bbox 99 1384 1581 1569">
     <span class='ocr_line' id='line_1_19' title="bbox 152 1384 1581 1437; baseline 0 -11"><span class='ocrx_word' id='word_1_118' title='bbox 152 1387 302 1426; x_wconf 76' lang='lat' dir='ltr'>Pariter</span> <span class='ocrx_word' id='word_1_119' title='bbox 319 1386 385 1424; x_wconf 90' lang='lat' dir='ltr'>lib.</span> <span class='ocrx_word' id='word_1_120' title='bbox 409 1387 425 1426; x_wconf 90' lang='lat'><em>1</em></span> <span class='ocrx_word' id='word_1_121' title='bbox 444 1395 482 1425; x_wconf 78' lang='lat' dir='ltr'>et</span> <span class='ocrx_word' id='word_1_122' title='bbox 510 1386 563 1434; x_wconf 86' lang='lat'>11,</span> <span class='ocrx_word' id='word_1_123' title='bbox 585 1385 672 1424; x_wconf 90' lang='lat' dir='ltr'>licet</span> <span class='ocrx_word' id='word_1_124' title='bbox 698 1384 815 1424; x_wconf 81' lang='lat' dir='ltr'>Filius</span> <span class='ocrx_word' id='word_1_125' title='bbox 841 1398 918 1423; x_wconf 90' lang='lat' dir='ltr'>non</span> <span class='ocrx_word' id='word_1_126' title='bbox 938 1393 1013 1424; x_wconf 87' lang='lat' dir='ltr'>tam</span> <span class='ocrx_word' id='word_1_127' title='bbox 1031 1394 1164 1437; x_wconf 80' lang='lat' dir='ltr'>aperte</span> <span class='ocrx_word' id='word_1_128' title='bbox 1189 1386 1294 1424; x_wconf 82' lang='lat' dir='ltr'>Deus</span> <span class='ocrx_word' id='word_1_129' title='bbox 1310 1388 1487 1435; x_wconf 78' lang='lat' dir='ltr'>vocetur,¹</span> <span class='ocrx_word' id='word_1_130' title='bbox 1506 1387 1581 1427; x_wconf 86' lang='lat' dir='ltr'>mi-</span> 
     </span>
     <span class='ocr_line' id='line_1_20' title="bbox 101 1447 1580 1504; baseline 0 -15"><span class='ocrx_word' id='word_1_131' title='bbox 101 1453 204 1492; x_wconf 85' lang='lat' dir='ltr'>nime</span> <span class='ocrx_word' id='word_1_132' title='bbox 221 1460 345 1491; x_wconf 87' lang='lat' dir='ltr'>tamen</span> <span class='ocrx_word' id='word_1_133' title='bbox 365 1451 483 1490; x_wconf 86' lang='lat' dir='ltr'>dubia</span> <span class='ocrx_word' id='word_1_134' title='bbox 506 1459 562 1490; x_wconf 85' lang='lat' dir='ltr'>est</span> <span class='ocrx_word' id='word_1_135' title='bbox 582 1459 705 1503; x_wconf 82' lang='lat' dir='ltr'>poetae</span> <span class='ocrx_word' id='word_1_136' title='bbox 719 1450 929 1499; x_wconf 87' lang='lat' dir='ltr'>sententia,</span> <span class='ocrx_word' id='word_1_137' title='bbox 949 1450 1028 1489; x_wconf 84' lang='lat' dir='ltr'>sive</span> <span class='ocrx_word' id='word_1_138' title='bbox 1043 1447 1163 1502; x_wconf 84' lang='lat' dir='ltr'>quum</span> <span class='ocrx_word' id='word_1_139' title='bbox 1188 1450 1290 1490; x_wconf 83' lang='lat' dir='ltr'>illam</span> <span class='ocrx_word' id='word_1_140' title='bbox 1309 1465 1509 1504; x_wconf 80' lang='lat' dir='ltr'>personam</span> <span class='ocrx_word' id='word_1_141' title='bbox 1527 1452 1580 1491; x_wconf 90' lang='lat' dir='ltr'>si‹:</span> 
     </span>
     <span class='ocr_line' id='line_1_21' title="bbox 99 1515 632 1569; baseline -0.002 -14"><span class='ocrx_word' id='word_1_142' title='bbox 99 1517 297 1569; x_wconf 76' lang='lat' dir='ltr'>designat,</span> <span class='ocrx_word' id='word_1_143' title='bbox 320 1515 387 1556; x_wconf 79' lang='lat' dir='ltr'>tib.</span> <span class='ocrx_word' id='word_1_144' title='bbox 408 1518 443 1565; x_wconf 90' lang='lat' dir='ltr'>l,</span> <span class='ocrx_word' id='word_1_145' title='bbox 463 1530 502 1557; x_wconf 90' lang='lat' dir='ltr'>v.</span> <span class='ocrx_word' id='word_1_146' title='bbox 526 1517 601 1554; x_wconf 83' lang='lat'>330</span> <span class='ocrx_word' id='word_1_147' title='bbox 625 1529 632 1554; x_wconf 93' lang='lat'>:</span> 
     </span>
    </p>

    <p class='ocr_par' dir='ltr' id='par_1_12' title="bbox 100 1577 1045 1694">
     <span class='ocr_line' id='line_1_22' title="bbox 259 1577 1045 1634; baseline -0.001 -14"><span class='ocrx_word' id='word_1_148' title='bbox 259 1581 457 1621; x_wconf 73' lang='grc' dir='ltr'>Ἀθανάτοιο</span> <span class='ocrx_word' id='word_1_149' title='bbox 473 1581 565 1621; x_wconf 82' lang='grc' dir='ltr'>Θεοῦ</span> <span class='ocrx_word' id='word_1_150' title='bbox 586 1578 736 1634; x_wconf 83' lang='grc' dir='ltr'>Χριστὸν</span> <span class='ocrx_word' id='word_1_151' title='bbox 756 1577 851 1619; x_wconf 62' lang='lat' dir='ltr'>irat&amp;</span> <span class='ocrx_word' id='word_1_152' title='bbox 871 1579 1045 1634; x_wconf 73' lang='grc' dir='ltr'>ὑψίστοιο,</span> 
     </span>
     <span class='ocr_line' id='line_1_23' title="bbox 100 1647 465 1694; baseline -0.005 -8"><span class='ocrx_word' id='word_1_153' title='bbox 100 1656 138 1686; x_wconf 89' lang='lat' dir='ltr'>et</span> <span class='ocrx_word' id='word_1_154' title='bbox 155 1647 277 1694; x_wconf 81' lang='lat' dir='ltr'>infra,</span> <span class='ocrx_word' id='word_1_155' title='bbox 300 1660 334 1686; x_wconf 92' lang='lat' dir='ltr'>v.</span> <span class='ocrx_word' id='word_1_156' title='bbox 359 1647 431 1691; x_wconf 85' lang='grc'>364</span> <span class='ocrx_word' id='word_1_157' title='bbox 457 1660 465 1684; x_wconf 94' lang='lat'><strong>:</strong></span> 
     </span>
    </p>

    <p class='ocr_par' dir='ltr' id='par_1_13' title="bbox 99 1709 1578 1891">
     <span class='ocr_line' id='line_1_24' title="bbox 257 1709 1014 1765; baseline -0.004 -13"><span class='ocrx_word' id='word_1_158' title='bbox 257 1709 426 1765; x_wconf 72' lang='grc' dir='ltr'>Οὐράνιον</span> <span class='ocrx_word' id='word_1_159' title='bbox 441 1710 501 1763; x_wconf 27' lang='grc' dir='ltr'>ὅτι,</span> <span class='ocrx_word' id='word_1_160' title='bbox 513 1710 622 1749; x_wconf 79' lang='grc' dir='ltr'>παῖδα</span> <span class='ocrx_word' id='word_1_161' title='bbox 637 1710 730 1750; x_wconf 85' lang='grc' dir='ltr'>Θεοῦ</span> <span class='ocrx_word' id='word_1_162' title='bbox 749 1709 1014 1759; x_wconf 77' lang='grc' dir='ltr'>διεδηλήσαντο,</span> 
     </span>
     <span class='ocr_line' id='line_1_25' title="bbox 99 1762 1578 1829; baseline 0 -13"><span class='ocrx_word' id='word_1_163' title='bbox 99 1778 179 1816; x_wconf 89' lang='lat' dir='ltr'>sive</span> <span class='ocrx_word' id='word_1_164' title='bbox 196 1791 315 1829; x_wconf 87' lang='lat' dir='ltr'>quum</span> <span class='ocrx_word' id='word_1_165' title='bbox 335 1777 440 1817; x_wconf 88' lang='lat' dir='ltr'>Patri</span> <span class='ocrx_word' id='word_1_166' title='bbox 454 1775 643 1829; x_wconf 86' lang='lat' dir='ltr'>judicanti</span> <span class='ocrx_word' id='word_1_167' title='bbox 664 1775 812 1815; x_wconf 88' lang='lat' dir='ltr'>socium</span> <span class='ocrx_word' id='word_1_168' title='bbox 832 1784 870 1814; x_wconf 88' lang='lat' dir='ltr'>et</span> <span class='ocrx_word' id='word_1_169' title='bbox 887 1789 1115 1816; x_wconf 77' lang='lat' dir='ltr'>assessorem</span> <span class='ocrx_word' id='word_1_170' title='bbox 1137 1777 1274 1817; x_wconf 86' lang='lat' dir='ltr'>Filium</span> <span class='ocrx_word' id='word_1_171' title='bbox 1295 1762 1404 1816; x_wconf 74' lang='lat' dir='ltr'>&#39;addit</span> <span class='ocrx_word' id='word_1_172' title='bbox 1422 1777 1479 1817; x_wconf 78' lang='lat' dir='ltr'>his</span> <span class='ocrx_word' id='word_1_173' title='bbox 1492 1791 1578 1818; x_wconf 85' lang='lat' dir='ltr'>ver-</span> 
     </span>
     <span class='ocr_line' id='line_1_26' title="bbox 100 1841 1042 1891; baseline 0.001 -11"><span class='ocrx_word' id='word_1_174' title='bbox 100 1841 183 1891; x_wconf 83' lang='lat' dir='ltr'>bis,</span> <span class='ocrx_word' id='word_1_175' title='bbox 202 1841 267 1880; x_wconf 89' lang='lat' dir='ltr'>lib.</span> <span class='ocrx_word' id='word_1_176' title='bbox 288 1842 344 1890; x_wconf 88' lang='lat'>11,</span> <span class='ocrx_word' id='word_1_177' title='bbox 361 1855 397 1881; x_wconf 84' lang='lat' dir='ltr'>v.</span> <span class='ocrx_word' id='word_1_178' title='bbox 418 1849 521 1886; x_wconf 72' lang='lat'>242:</span> <span class='ocrx_word' id='word_1_179' title='bbox 1038 1852 1042 1855; x_wconf 87' lang='grc'><strong>“</strong></span> 
     </span>
    </p>

    <p class='ocr_par' dir='ltr' id='par_1_14' title="bbox 256 1904 1189 1961">
     <span class='ocr_line' id='line_1_27' title="bbox 256 1904 1189 1961; baseline 0.001 -16"><span class='ocrx_word' id='word_1_180' title='bbox 256 1904 358 1952; x_wconf 66' lang='grc' dir='ltr'>’Ἥξει</span> <span class='ocrx_word' id='word_1_181' title='bbox 375 1907 405 1946; x_wconf 83' lang='grc' dir='ltr'>δ’</span> <span class='ocrx_word' id='word_1_182' title='bbox 422 1908 456 1946; x_wconf 86' lang='grc' dir='ltr'>ἐν</span> <span class='ocrx_word' id='word_1_183' title='bbox 477 1905 601 1960; x_wconf 74' lang='grc' dir='ltr'>νεφέλῃ</span> <span class='ocrx_word' id='word_1_184' title='bbox 620 1906 704 1960; x_wconf 86' lang='grc' dir='ltr'>πρός</span> <span class='ocrx_word' id='word_1_185' title='bbox 726 1906 756 1945; x_wconf 89' lang='grc' dir='ltr'>τ’</span> <span class='ocrx_word' id='word_1_186' title='bbox 774 1905 915 1959; x_wconf 72' lang='grc' dir='ltr'>ἄφθιτον</span> <span class='ocrx_word' id='word_1_187' title='bbox 931 1905 1070 1961; x_wconf 76' lang='grc' dir='ltr'>ἄφθιτος</span> <span class='ocrx_word' id='word_1_188' title='bbox 1089 1905 1189 1951; x_wconf 77' lang='grc' dir='ltr'>αὐτὸς</span> 
     </span>
    </p>

    <p class='ocr_par' dir='ltr' id='par_1_15' title="bbox 99 1970 1578 2155">
     <span class='ocr_line' id='line_1_28' title="bbox 260 1970 603 2026; baseline -0.003 -16"><span class='ocrx_word' id='word_1_189' title='bbox 260 1970 322 2011; x_wconf 86' lang='grc' dir='ltr'>Ἐν</span> <span class='ocrx_word' id='word_1_190' title='bbox 345 1971 424 2026; x_wconf 81' lang='grc' dir='ltr'>δόξῃ</span> <span class='ocrx_word' id='word_1_191' title='bbox 443 1971 603 2025; x_wconf 84' lang='grc' dir='ltr'>Χριστός.</span> 
     </span>
     <span class='ocr_line' id='line_1_29' title="bbox 100 2035 1578 2093; baseline 0.001 -17"><span class='ocrx_word' id='word_1_192' title='bbox 100 2035 226 2076; x_wconf 80' lang='lat' dir='ltr'>verba</span> <span class='ocrx_word' id='word_1_193' title='bbox 244 2039 344 2075; x_wconf 83' lang='lat' dir='ltr'>enim</span> <span class='ocrx_word' id='word_1_194' title='bbox 362 2037 515 2090; x_wconf 73' lang='grc' dir='ltr'>οὐράνιος</span> <span class='ocrx_word' id='word_1_195' title='bbox 536 2046 573 2075; x_wconf 88' lang='lat' dir='ltr'>et</span> <span class='ocrx_word' id='word_1_196' title='bbox 592 2038 730 2090; x_wconf 60' lang='grc' dir='ltr'>ἄφθιτος</span> <span class='ocrx_word' id='word_1_197' title='bbox 751 2037 889 2076; x_wconf 81' lang='lat' dir='ltr'>Christi</span> <span class='ocrx_word' id='word_1_198' title='bbox 916 2036 1180 2086; x_wconf 85' lang='lat' dir='ltr'>divinitatem,</span> <span class='ocrx_word' id='word_1_199' title='bbox 1198 2047 1236 2078; x_wconf 83' lang='lat' dir='ltr'>et</span> <span class='ocrx_word' id='word_1_200' title='bbox 1255 2038 1351 2077; x_wconf 81' lang='lat' dir='ltr'>inud</span> <span class='ocrx_word' id='word_1_201' title='bbox 1369 2038 1452 2092; x_wconf 75' lang='grc' dir='ltr'>πρὸς</span> <span class='ocrx_word' id='word_1_202' title='bbox 1475 2039 1578 2093; x_wconf 65' lang='grc' dir='ltr'>ἄφθι-</span> 
     </span>
     <span class='ocr_line' id='line_1_30' title="bbox 99 2102 1512 2155; baseline 0 -13"><span class='ocrx_word' id='word_1_203' title='bbox 99 2118 159 2142; x_wconf 83' lang='grc' dir='ltr'>τον</span> <span class='ocrx_word' id='word_1_204' title='bbox 178 2103 316 2155; x_wconf 65' lang='grc' dir='ltr'>ἄφθιτος</span> <span class='ocrx_word' id='word_1_205' title='bbox 335 2102 434 2146; x_wconf 82' lang='grc' dir='ltr'>αὐτός</span> <span class='ocrx_word' id='word_1_206' title='bbox 456 2103 638 2154; x_wconf 80' lang='lat' dir='ltr'>aequalem</span> <span class='ocrx_word' id='word_1_207' title='bbox 659 2116 744 2141; x_wconf 82' lang='lat' dir='ltr'>cuni</span> <span class='ocrx_word' id='word_1_208' title='bbox 762 2104 876 2142; x_wconf 85' lang='lat' dir='ltr'>Patre</span> <span class='ocrx_word' id='word_1_209' title='bbox 898 2104 1148 2141; x_wconf 84' lang='lat' dir='ltr'>aeternitatcm</span> <span class='ocrx_word' id='word_1_210' title='bbox 1170 2103 1258 2140; x_wconf 83' lang='lat' dir='ltr'>satis</span> <span class='ocrx_word' id='word_1_211' title='bbox 1274 2102 1471 2143; x_wconf 75' lang='lat' dir='ltr'>denotant.</span> <span class='ocrx_word' id='word_1_212' title='bbox 1505 2144 1512 2150; x_wconf 39' lang='lat'><strong>⁴</strong></span> 
     </span>
    </p>

    <p class='ocr_par' dir='ltr' id='par_1_16' title="bbox 100 2166 1579 2477">
     <span class='ocr_line' id='line_1_31' title="bbox 152 2166 1579 2218; baseline 0 -12"><span class='ocrx_word' id='word_1_213' title='bbox 152 2168 301 2206; x_wconf 80' lang='lat' dir='ltr'>Pariter</span> <span class='ocrx_word' id='word_1_214' title='bbox 320 2167 366 2206; x_wconf 88' lang='lat' dir='ltr'>ad</span> <span class='ocrx_word' id='word_1_215' title='bbox 397 2168 481 2206; x_wconf 76' lang='lat' dir='ltr'>Filii</span> <span class='ocrx_word' id='word_1_216' title='bbox 516 2167 755 2206; x_wconf 84' lang='lat' dir='ltr'>divinitatem</span> <span class='ocrx_word' id='word_1_217' title='bbox 785 2167 921 2205; x_wconf 66' lang='lat' dir='ltr'>resen-ri</span> <span class='ocrx_word' id='word_1_218' title='bbox 948 2180 1058 2218; x_wconf 83' lang='lat' dir='ltr'>posse</span> <span class='ocrx_word' id='word_1_219' title='bbox 1085 2166 1264 2206; x_wconf 79' lang='lat' dir='ltr'>videntur</span> <span class='ocrx_word' id='word_1_220' title='bbox 1282 2167 1356 2205; x_wconf 86' lang='lat' dir='ltr'>loci</span> <span class='ocrx_word' id='word_1_221' title='bbox 1374 2180 1505 2205; x_wconf 83' lang='lat' dir='ltr'>omnes</span> <span class='ocrx_word' id='word_1_222' title='bbox 1521 2168 1579 2208; x_wconf 83' lang='lat' dir='ltr'>Si-</span> 
     </span>
     <span class='ocr_line' id='line_1_32' title="bbox 101 2231 1578 2283; baseline -0.001 -13"><span class='ocrx_word' id='word_1_223' title='bbox 101 2232 335 2283; x_wconf 81' lang='lat' dir='ltr'>byllinorum</span> <span class='ocrx_word' id='word_1_224' title='bbox 358 2233 395 2270; x_wconf 88' lang='lat' dir='ltr'>in</span> <span class='ocrx_word' id='word_1_225' title='bbox 421 2231 562 2283; x_wconf 87' lang='lat' dir='ltr'>quibus</span> <span class='ocrx_word' id='word_1_226' title='bbox 583 2231 695 2282; x_wconf 82' lang='grc' dir='ltr'>Λόγος</span> <span class='ocrx_word' id='word_1_227' title='bbox 724 2231 804 2283; x_wconf 88' lang='lat' dir='ltr'>ipse</span> <span class='ocrx_word' id='word_1_228' title='bbox 824 2231 985 2279; x_wconf 79' lang='lat' dir='ltr'>dicitnr,</span> <span class='ocrx_word' id='word_1_229' title='bbox 1006 2231 1115 2278; x_wconf 69' lang='lat' dir='ltr'>vm,</span> <span class='ocrx_word' id='word_1_230' title='bbox 1145 2232 1233 2277; x_wconf 87' lang='lat'><strong>266,</strong></span> <span class='ocrx_word' id='word_1_231' title='bbox 1260 2232 1348 2279; x_wconf 80' lang='lat'>285,</span> <span class='ocrx_word' id='word_1_232' title='bbox 1379 2237 1468 2280; x_wconf 85' lang='grc'><strong>447,</strong></span> <span class='ocrx_word' id='word_1_233' title='bbox 1502 2238 1578 2283; x_wconf 85' lang='grc'>479</span> 
     </span>
     <span class='ocr_line' id='line_1_33' title="bbox 100 2296 1576 2349; baseline -0.001 -13"><span class='ocrx_word' id='word_1_234' title='bbox 100 2299 153 2349; x_wconf 87' lang='lat' dir='ltr'>(et</span> <span class='ocrx_word' id='word_1_235' title='bbox 172 2303 262 2348; x_wconf 84' lang='grc'><strong>470,</strong></span> <span class='ocrx_word' id='word_1_236' title='bbox 292 2297 358 2335; x_wconf 89' lang='lat' dir='ltr'>ubi</span> <span class='ocrx_word' id='word_1_237' title='bbox 386 2296 498 2341; x_wconf 84' lang='grc' dir='ltr'>Ἔπος</span> <span class='ocrx_word' id='word_1_238' title='bbox 533 2298 682 2349; x_wconf 83' lang='lat' dir='ltr'>poetice</span> <span class='ocrx_word' id='word_1_239' title='bbox 702 2298 889 2348; x_wconf 84' lang='lat' dir='ltr'>scriptum</span> <span class='ocrx_word' id='word_1_240' title='bbox 908 2298 999 2349; x_wconf 78' lang='lat' dir='ltr'>est);</span> <span class='ocrx_word' id='word_1_241' title='bbox 1021 2299 1102 2344; x_wconf 73' lang='lat' dir='ltr'>vlt,</span> <span class='ocrx_word' id='word_1_242' title='bbox 1123 2298 1188 2349; x_wconf 87' lang='lat'>69,</span> <span class='ocrx_word' id='word_1_243' title='bbox 1206 2299 1271 2345; x_wconf 87' lang='grc'>82,</span> <span class='ocrx_word' id='word_1_244' title='bbox 1295 2299 1369 2346; x_wconf 82' lang='grc'>83;</span> <span class='ocrx_word' id='word_1_245' title='bbox 1396 2299 1487 2349; x_wconf 76' lang='grc' dir='ltr'>ΧΠ,</span> <span class='ocrx_word' id='word_1_246' title='bbox 1513 2300 1576 2347; x_wconf 81' lang='lat'>32,</span> 
     </span>
     <span class='ocr_line' id='line_1_34' title="bbox 104 2360 1578 2414; baseline 0.001 -15"><span class='ocrx_word' id='word_1_247' title='bbox 104 2363 190 2400; x_wconf 84' lang='grc'>232.</span> <span class='ocrx_word' id='word_1_248' title='bbox 211 2363 299 2399; x_wconf 83' lang='lat' dir='ltr'>Haec</span> <span class='ocrx_word' id='word_1_249' title='bbox 312 2362 413 2399; x_wconf 87' lang='lat' dir='ltr'>enim</span> <span class='ocrx_word' id='word_1_250' title='bbox 431 2370 564 2413; x_wconf 78' lang='lat' dir='ltr'>aperte</span> <span class='ocrx_word' id='word_1_251' title='bbox 585 2360 804 2411; x_wconf 77' lang='lat' dir='ltr'>procedunt</span> <span class='ocrx_word' id='word_1_252' title='bbox 824 2374 870 2398; x_wconf 84' lang='lat' dir='ltr'>ex</span> <span class='ocrx_word' id='word_1_253' title='bbox 892 2361 1053 2399; x_wconf 77' lang='lat' dir='ltr'>Joannis</span> <span class='ocrx_word' id='word_1_254' title='bbox 1077 2362 1290 2413; x_wconf 80' lang='lat' dir='ltr'>evangelio,</span> <span class='ocrx_word' id='word_1_255' title='bbox 1314 2376 1403 2414; x_wconf 84' lang='lat' dir='ltr'>cap.</span> <span class='ocrx_word' id='word_1_256' title='bbox 1425 2364 1457 2413; x_wconf 92' lang='lat'>1,</span> <span class='ocrx_word' id='word_1_257' title='bbox 1480 2377 1517 2402; x_wconf 91' lang='lat' dir='ltr'>v.</span> <span class='ocrx_word' id='word_1_258' title='bbox 1546 2377 1578 2411; x_wconf 89' lang='lat'>1,</span> 
     </span>
     <span class='ocr_line' id='line_1_35' title="bbox 101 2425 1345 2477; baseline 0 -14"><span class='ocrx_word' id='word_1_259' title='bbox 101 2439 178 2475; x_wconf 86' lang='lat' dir='ltr'>quo</span> <span class='ocrx_word' id='word_1_260' title='bbox 198 2426 341 2464; x_wconf 78' lang='lat' dir='ltr'>nullum</span> <span class='ocrx_word' id='word_1_261' title='bbox 358 2434 414 2464; x_wconf 83' lang='lat' dir='ltr'>est</span> <span class='ocrx_word' id='word_1_262' title='bbox 431 2426 649 2477; x_wconf 60' lang='lat' dir='ltr'>praeclarius</span> <span class='ocrx_word' id='word_1_263' title='bbox 667 2425 715 2463; x_wconf 80' lang='lat' dir='ltr'>de</span> <span class='ocrx_word' id='word_1_264' title='bbox 731 2425 804 2464; x_wconf 83' lang='lat' dir='ltr'>boc</span> <span class='ocrx_word' id='word_1_265' title='bbox 823 2435 1051 2477; x_wconf 78' lang='lat' dir='ltr'>argumento</span> <span class='ocrx_word' id='word_1_266' title='bbox 1071 2426 1345 2464; x_wconf 76' lang='lat' dir='ltr'>testimonium.</span> 
     </span>
    </p>

    <p class='ocr_par' dir='ltr' id='par_1_17' title="bbox 102 2490 1578 2864">
     <span class='ocr_line' id='line_1_36' title="bbox 154 2490 1577 2542; baseline 0.002 -15"><span class='ocrx_word' id='word_1_267' title='bbox 154 2491 248 2536; x_wconf 84' lang='lat' dir='ltr'>Quae</span> <span class='ocrx_word' id='word_1_268' title='bbox 265 2490 389 2528; x_wconf 84' lang='lat' dir='ltr'>omnia</span> <span class='ocrx_word' id='word_1_269' title='bbox 425 2491 607 2528; x_wconf 79' lang='lat' dir='ltr'>miramur</span> <span class='ocrx_word' id='word_1_270' title='bbox 626 2490 655 2528; x_wconf 86' lang='lat' dir='ltr'>si</span> <span class='ocrx_word' id='word_1_271' title='bbox 676 2503 751 2528; x_wconf 87' lang='lat' dir='ltr'>non</span> <span class='ocrx_word' id='word_1_272' title='bbox 781 2490 933 2529; x_wconf 71' lang='lat' dir='ltr'>Arianis</span> <span class='ocrx_word' id='word_1_273' title='bbox 962 2491 1140 2541; x_wconf 80' lang='lat' dir='ltr'>opposita</span> <span class='ocrx_word' id='word_1_274' title='bbox 1163 2504 1261 2542; x_wconf 82' lang='lat' dir='ltr'>saepe</span> <span class='ocrx_word' id='word_1_275' title='bbox 1283 2490 1332 2528; x_wconf 87' lang='lat' dir='ltr'>ab</span> <span class='ocrx_word' id='word_1_276' title='bbox 1348 2491 1577 2530; x_wconf 81' lang='lat' dir='ltr'>orthodoxis</span> 
     </span>
     <span class='ocr_line' id='line_1_37' title="bbox 102 2553 1576 2608; baseline 0.004 -19"><span class='ocrx_word' id='word_1_277' title='bbox 102 2553 271 2591; x_wconf 76' lang='lat' dir='ltr'>suerunt.</span> <span class='ocrx_word' id='word_1_278' title='bbox 290 2554 408 2592; x_wconf 77' lang='lat' dir='ltr'>Erant</span> <span class='ocrx_word' id='word_1_279' title='bbox 423 2554 524 2592; x_wconf 83' lang='lat' dir='ltr'>enim</span> <span class='ocrx_word' id='word_1_280' title='bbox 541 2555 632 2606; x_wconf 86' lang='lat' dir='ltr'>ipsis</span> <span class='ocrx_word' id='word_1_281' title='bbox 648 2555 852 2594; x_wconf 79' lang='lat' dir='ltr'>Arianismi</span> <span class='ocrx_word' id='word_1_282' title='bbox 867 2555 1079 2606; x_wconf 78' lang='lat' dir='ltr'>originibus</span> <span class='ocrx_word' id='word_1_283' title='bbox 1095 2556 1195 2594; x_wconf 82' lang='lat' dir='ltr'>haud</span> <span class='ocrx_word' id='word_1_284' title='bbox 1213 2557 1327 2608; x_wconf 84' lang='lat' dir='ltr'>paulo</span> <span class='ocrx_word' id='word_1_285' title='bbox 1341 2557 1576 2608; x_wconf 75' lang='lat' dir='ltr'>antiquiora,</span> 
     </span>
     <span class='ocr_line' id='line_1_38' title="bbox 103 2617 1576 2668; baseline 0.003 -15"><span class='ocrx_word' id='word_1_286' title='bbox 103 2625 142 2654; x_wconf 77' lang='lat' dir='ltr'>ct</span> <span class='ocrx_word' id='word_1_287' title='bbox 162 2617 353 2668; x_wconf 79' lang='lat' dir='ltr'>priinaevae</span> <span class='ocrx_word' id='word_1_288' title='bbox 382 2618 559 2657; x_wconf 74' lang='lat' dir='ltr'>Ecclesiae</span> <span class='ocrx_word' id='word_1_289' title='bbox 587 2619 699 2657; x_wconf 82' lang='lat' dir='ltr'>fidem</span> <span class='ocrx_word' id='word_1_290' title='bbox 722 2619 876 2658; x_wconf 84' lang='lat' dir='ltr'>abunde</span> <span class='ocrx_word' id='word_1_291' title='bbox 904 2619 1153 2658; x_wconf 74' lang='lat' dir='ltr'>testabantur.</span> <span class='ocrx_word' id='word_1_292' title='bbox 1182 2620 1256 2660; x_wconf 75' lang='lat' dir='ltr'>Sed</span> <span class='ocrx_word' id='word_1_293' title='bbox 1280 2620 1479 2659; x_wconf 79' lang='lat' dir='ltr'>fatendum</span> <span class='ocrx_word' id='word_1_294' title='bbox 1505 2631 1576 2668; x_wconf 75' lang='lat' dir='ltr'>est,</span> 
     </span>
     <span class='ocr_line' id='line_1_39' title="bbox 104 2682 1577 2737; baseline 0.005 -19"><span class='ocrx_word' id='word_1_295' title='bbox 104 2691 184 2719; x_wconf 85' lang='lat' dir='ltr'>tum</span> <span class='ocrx_word' id='word_1_296' title='bbox 216 2695 335 2733; x_wconf 86' lang='lat' dir='ltr'>quum</span> <span class='ocrx_word' id='word_1_297' title='bbox 360 2682 501 2721; x_wconf 85' lang='lat' dir='ltr'>Ariana</span> <span class='ocrx_word' id='word_1_298' title='bbox 526 2684 641 2722; x_wconf 81' lang='lat' dir='ltr'>factio</span> <span class='ocrx_word' id='word_1_299' title='bbox 666 2684 926 2735; x_wconf 79' lang='lat' dir='ltr'>coalescebat,</span> <span class='ocrx_word' id='word_1_300' title='bbox 946 2685 1187 2724; x_wconf 85' lang='lat' dir='ltr'>imminutam</span> <span class='ocrx_word' id='word_1_301' title='bbox 1204 2686 1354 2737; x_wconf 84' lang='lat' dir='ltr'>jamdiu</span> <span class='ocrx_word' id='word_1_302' title='bbox 1379 2686 1494 2725; x_wconf 82' lang='lat' dir='ltr'>fuisse</span> <span class='ocrx_word' id='word_1_303' title='bbox 1517 2688 1577 2726; x_wconf 88' lang='lat' dir='ltr'>Si-</span> 
     </span>
     <span class='ocr_line' id='line_1_40' title="bbox 102 2747 1578 2804; baseline 0.003 -19"><span class='ocrx_word' id='word_1_304' title='bbox 102 2747 335 2797; x_wconf 85' lang='lat' dir='ltr'>byllinorum</span> <span class='ocrx_word' id='word_1_305' title='bbox 356 2748 567 2786; x_wconf 82' lang='lat' dir='ltr'>carminum</span> <span class='ocrx_word' id='word_1_306' title='bbox 587 2751 873 2798; x_wconf 79' lang='lat' dir='ltr'>auctoritatem,</span> <span class='ocrx_word' id='word_1_307' title='bbox 902 2763 1025 2801; x_wconf 85' lang='lat' dir='ltr'>neque</span> <span class='ocrx_word' id='word_1_308' title='bbox 1043 2750 1204 2801; x_wconf 85' lang='lat' dir='ltr'>injuria,</span> <span class='ocrx_word' id='word_1_309' title='bbox 1226 2761 1387 2804; x_wconf 85' lang='lat' dir='ltr'>propter</span> <span class='ocrx_word' id='word_1_310' title='bbox 1407 2766 1538 2792; x_wconf 84' lang='lat' dir='ltr'>causas</span> <span class='ocrx_word' id='word_1_311' title='bbox 1558 2765 1578 2790; x_wconf 86' lang='lat' dir='ltr'>a</span> 
     </span>
     <span class='ocr_line' id='line_1_41' title="bbox 104 2810 925 2864; baseline 0.004 -15"><span class='ocrx_word' id='word_1_312' title='bbox 104 2810 215 2850; x_wconf 83' lang='lat' dir='ltr'>nobis</span> <span class='ocrx_word' id='word_1_313' title='bbox 233 2812 324 2864; x_wconf 81' lang='lat' dir='ltr'>ipsis</span> <span class='ocrx_word' id='word_1_314' title='bbox 345 2813 382 2850; x_wconf 88' lang='lat' dir='ltr'>in</span> <span class='ocrx_word' id='word_1_315' title='bbox 402 2813 574 2851; x_wconf 81' lang='lat' dir='ltr'>Excursu</span> <span class='ocrx_word' id='word_1_316' title='bbox 596 2822 734 2864; x_wconf 82' lang='lat' dir='ltr'>quarto</span> <span class='ocrx_word' id='word_1_317' title='bbox 754 2814 925 2852; x_wconf 78' lang='lat' dir='ltr'>traditas.</span> 
     </span>
    </p>
   </div>
  </div>
 </body>
</html>
