1752 3495
646 162 977 222 *Excuasus
1010 165 1045 210 1.
1301 123 1303 126 Δ
1529 166 1583 211 3ι

133 266 319 320 gendum,
338 248 651 316 ιη’χρησμηγόρος
669 260 708 297 in
727 257 1006 310 Sibyllinorum
1024 267 1244 300 nostrorum
1266 260 1367 301 libro
1390 259 1465 309 lv,
1481 273 1517 302 v.
1537 266 1559 307 ἠ
1581 276 1590 301 =

389 327 443 367 Οὐ
464 323 609 378 ψευδοῦς
631 321 766 362 (bomon
785 322 1055 376 χρησμηγόρος,

134 409 245 435 versu
265 396 423 434 sortasse
449 389 496 428 ad
514 388 627 439 hujus
646 388 834 440 epitaphii
852 388 1105 426 imitationem
1120 389 1295 431 conficto.
1314 391 1416 430 Infra
1436 402 1510 443 pro
1527 405 1595 430 πυ-

133 458 283 512 θομένη,
314 457 472 497 forsitan
493 452 658 505 placebit
675 453 790 492 alicui
813 456 934 505 magis
952 451 1165 504 κιυθομὲνη,
1183 465 1262 504 quo
1277 453 1521 495 delectamur.
1549 454 1593 493 ln

133 526 267 564 ultimo
287 528 522 576 pentametro
539 524 676 570 μοῖραν,
696 531 767 570 pro
784 518 887 570 χάριν
909 518 1092 569 positum,
1110 525 1257 558 rectum
1279 526 1467 570 putamus,
1496 533 1595 570 aegre

135 600 274 636 tamen,
294 585 397 638 quod
418 583 475 649 bis
495 582 629 621 eadem
642 595 721 621 vox
740 583 778 620 in
796 581 948 620 duobus
967 581 1140 620 distichis
1157 581 1318 634 legatur.
1334 582 1467 622 Cetera
1483 584 1595 636 plana

133 661 233 691 sunt.
254 649 364 698 Quod
391 647 422 686 si
436 656 476 685 et
503 646 766 698 inscriptionis
781 655 820 685 et
840 646 944 697 cippi
963 654 1052 683 oetas
1070 659 1091 683 e
1110 645 1209 697 stylo
1229 645 1433 684 divinanda
1450 647 1512 697 sit,
1528 648 1595 687 vi·-

134 717 288 757 debitur
306 721 465 766 propter
492 711 713 759 dictionem,
747 712 916 750 confusis
945 712 1032 749 licet
1055 711 1245 760 dialectis,
1269 711 1373 750 haud
1405 712 1596 764 inelegan-

136 792 207 821 tem
221 790 257 820 et
275 779 363 819 satis
379 779 603 831 ἀρχαιοπινῆ,
622 778 812 816 recentior
821 776 887 815 vix
903 775 1037 814 haberi
1049 789 1160 827 posse
1174 776 1308 827 primis
1329 785 1416 827 post
1431 777 1596 815 Alexan-

134 848 243 885 drum
266 842 513 895 temporibus.
543 842 752 880 Reserenda
778 855 870 893 ergo
890 840 937 878 ad
955 840 1190 878 Alexandriae
1217 840 1381 879 Troadis
1408 841 1515 879 initia
1535 842 1596 880 vel
1631 883 1633 885 ,

135 911 182 948 ad
204 908 387 959 originem
416 915 529 944 motae
550 906 627 943 litis
655 905 837 944 adversus
858 905 1096 955 ErythraeOS,
1125 918 1222 955 quos
1245 913 1283 942 et
1301 903 1466 943 vicissim
1488 905 1598 943 talem

134 973 289 1024 cippum
305 970 443 1008 honori
461 969 616 1019 Sibyllae
633 983 709 1007 suae
728 981 894 1007 sacrasse
911 981 1027 1018 supra
1044 967 1209 1009 diximus
1222 998 1232 1016 ,
1247 982 1331 1019 cap.
1357 981 1399 1015 2,
1423 982 1460 1019 p.
1485 981 1545 1007 20.

185 1038 308 1087 Atque
331 1034 393 1072 hic
415 1034 463 1072 de
479 1035 695 1073 Mermessia
716 1033 860 1083 Sibylla
880 1033 964 1070 finis
984 1042 1081 1071 esset
1101 1032 1279 1078 dicendi,
1300 1032 1374 1071 nisi
1392 1032 1499 1071 varia
1518 1033 1600 1085 ejus

133 1100 234 1153 apud
257 1107 429 1139 auctores
445 1098 600 1137 nomina
615 1098 846 1136 recensenda
866 1103 1119 1148 superessent.

186 1165 430 1217 Marpessiam
464 1165 631 1202 diximus
664 1177 687 1203 a
715 1164 902 1203 Pausania
934 1171 1116 1212 corrupte
1147 1161 1234 1202 dici.
1267 1161 1465 1214 Erythraea
1491 1176 1560 1202 cur
1579 1177 1600 1202 a

134 1231 325 1284 plerisque
341 1229 434 1267 salso
455 1229 600 1267 credita
615 1229 676 1275 sit,
699 1226 851 1266 abunde
868 1226 1178 1266 monstravimus,

186 1296 325 1335 Eadem
363 1294 560 1345 Gergithia
588 1301 748 1330 vocatur
775 1306 797 1330 a
825 1291 1022 1343 Stephano
1051 1290 1099 1329 de
1131 1289 1324 1339 Urbibus,
1346 1290 1460 1329 allato
1487 1291 1602 1331 Phle-

132 1361 256 1412 gontis
276 1359 489 1398 testimonio
510 1373 518 1396 ε
551 1357 692 1411 Γέργις,
722 1357 874 1407 inquit,
896 1355 997 1399 πόλις
1019 1354 1169 1406 Τροίας.
1184 1384 1194 1395 .
1211 1383 1221 1394 .
1254 1356 1274 1393 ὃ
1304 1353 1449 1402 πολίτης
1480 1355 1603 1407 Γεργί·

132 1428 220 1472 Οιος,
235 1424 275 1463 τὸ
302 1421 448 1471 Οηλυκὸν
469 1422 652 1475 Γεργιθιά,
680 1422 738 1475 ἀφ’
764 1415 802 1459 οὗ
822 1419 983 1474 Γεργιῡία
1010 1420 1032 1465 ἠ
1054 1416 1294 1472 χρησμολόγος
1318 1408 1499 1466 siem«,
1525 1418 1602 1467 ἥτις

132 1488 190 1527 καὶ
219 1488 396 1527 τετύπωτο
425 1489 459 1525 ἓν
486 1489 536 1539 τῷ
563 1486 754 1536 νομίσματι
786 1487 854 1524 τῶν
877 1482 1062 1536 Γεργιθίων
1087 1482 1174 1530 αὐτή
1204 1498 1242 1521 τε
1265 1482 1324 1521 καὶ
1353 1485 1375 1530 ἡ
1409 1480 1539 1535 Σφὶγξ,
1557 1483 1604 1525 ὡς

132 1552 280 1604 Φλέγων
301 1553 334 1591 ἐν
354 1551 606 1603 Ὀλυμπιάδων
624 1549 760 1603 πρώτῃ.
784 1548 845 1589 Ἐν
867 1547 903 1588 δὲ
922 1550 971 1601 τῷ
987 1549 1068 1602 ἱερῷ
1087 1549 1148 1586 τοῦ
1168 1548 1197 1586 Γ
1199 1546 1347 1600 εργιΟίου
1365 1545 1580 1591 Ἀπόλλωνος
1592 1574 1605 1594 ,

133 1616 308 1663 Σιὸύλλης
331 1615 436 1670 φασὶν
457 1608 546 1653 εἶναι
564 1614 686 1668 τάφον.
710 1615 813 1652 luter
837 1613 1044 1664 Erythraeae
1065 1611 1218 1662 Sibyllae
1234 1611 1463 1662 cognomina
1484 1610 1604 1649 dede-

133 1689 191 1720 rat
206 1682 342 1721 Suidas
365 1694 524 1732 quoque
541 1678 734 1732 ΓεργιΟίαν,
755 1679 833 1717 Nec
853 1678 992 1715 mirum
1009 1705 1020 1724 ‚
1037 1691 1155 1729 quum
1171 1677 1397 1716 Mermessus
1413 1683 1452 1714 et
1469 1674 1604 1727 Gergis

133 1747 281 1799 (confer
307 1760 423 1798 supra
451 1759 539 1797 pag.
567 1745 632 1791 26)
659 1744 784 1782 vicina
808 1744 965 1781 omnino
988 1743 1073 1781 loca
1093 1741 1258 1794 suerint,
1280 1750 1319 1779 et
1342 1740 1476 1792 Gergis
1504 1741 1606 1780 Mer-

135 1823 256 1848 messo
278 1811 517 1861 frequentior⁴
534 1823 577 1846 ac
605 1809 749 1856 notior,
769 1809 868 1847 unde
886 1808 1006 1845 Varro
1026 1807 1130 1858 apud
1159 1807 1268 1844 Lact.
1289 1806 1374 1844 loco
1394 1818 1494 1857 saepe
1513 1804 1601 1843 cit.:

67 1920 73 1926 ·
134 1890 149 1909 c
169 1875 211 1913 In
242 1875 347 1922 vico,
378 1874 522 1925 inquit,
550 1874 780 1920 Mermesw,
810 1873 910 1910 circa
946 1871 1133 1922 oppidum
1169 1869 1451 1921 Gergithium.»
1481 1864 1607 1909 Graeci
1638 1878 1643 1883 ’

134 1950 257 1981 autem
279 1942 347 1993 qui
376 1956 462 1980 cum
497 1941 843 1992 transcripserunt:
862 1938 925 1979 Ἐν
953 1938 1057 1992 κώμῃ
1078 1937 1282 1992 Μαρμίσῳ,
1311 1935 1392 1991 περὶ
1419 1929 1628 1989 τὴνπολί·’

133 2021 218 2058 χνην
259 2005 434 2060 Γεργίθιον
471 2006 557 2057 [alii
601 2006 698 2042 male
741 2003 943 2056 Γεργιτίονα
985 2003 1045 2040 vel
1083 2000 1338 2055 Γεργιτίωνα,],
1372 1999 1448 2047 ἥτις
1491 1999 1607 2054 ἔνορῖα

134 2071 298 2124 Τρωάδος
325 2069 525 2122 ἐτύγχανεν.
555 2070 609 2108 De
632 2076 783 2107 moneta
812 2066 1099 2118 Gergithiorum
1128 2078 1261 2104 secure
1282 2077 1484 2115 possumus
1517 2066 1607 2104 Ste-

136 2136 263 2186 phano
280 2144 325 2173 et·
339 2134 541 2185 Phlegonti
562 2133 781 2185 astipulari,
801 2132 832 2170 si
862 2145 975 2169 verns
996 2139 1053 2169 est
1081 2143 1217 2168 numus
1237 2129 1374 2167 citatus
1396 2139 1509 2181 atque
1532 2128 1604 2167 de-

136 2199 297 2238 iineatus
317 2199 419 2250 apud
435 2200 634 2246 -Dumers.,
653 2196 791 2236 Cabin.
814 2196 889 2236 All.
913 2197 963 2247 pl.
984 2197 1069 2243 xli,
1102 2209 1160 2246 10,
1181 2203 1220 2233 et
1241 2194 1437 2240 Klausen.⁹
1457 2206 1521 2245 op.
1537 2193 1603 2231 cit.

140 2264 214 2303 tab.
233 2265 270 2311 1,
292 2263 338 2302 n⁰
363 2278 421 2312 ιι,
452 2264 542 2301 hinc
573 2262 741 2301 mulieris
761 2269 877 2312 caput
905 2260 1089 2299 exhibens
1117 2261 1226 2298 lauro
1254 2259 1494 2306 redimitum,
1521 2257 1609 2296 inde

137 2329 342 2380 Sphingem
380 2328 572 2366 sedentem
600 2328 735 2364 alatam
768 2338 855 2364 cum
890 2325 999 2363 titulo
1028 2324 1134 2364 FEP.
1164 2323 1302 2362 Similis
1337 2331 1392 2361 est
1421 2321 1529 2370 alter,
1560 2335 1606 2359 an

140 2393 237 2431 sorte
256 2393 382 2431 idem?
414 2392 477 2431 sed
508 2391 570 2429 hic
603 2404 688 2429 cum
715 2388 924 2441 Apollinis,
949 2388 1073 2438 siqua
1101 2386 1213 2433 sides,
1244 2385 1368 2438 capite
1397 2384 1610 2437 margaritis

141 2465 336 2508 torquato,
356 2456 458 2508 apud
476 2456 621 2495 Mionn.
642 2454 780 2505 Suppl.
804 2462 828 2491 t.
858 2454 905 2500 V,
929 2466 966 2503 p.
989 2452 1084 2501 359,
1105 2451 1150 2488 ιιο
1180 2451 1268 2501 496.
1298 2452 1483 2490 Neutrum
1513 2449 1610 2488 vidi-

142 2535 236 2573 mus,
255 2521 515 2573 probaverunt
530 2519 734 2565 doctiores,
755 2527 793 2556 et
811 2527 932 2555 tamen
950 2516 1117 2568 suspicio
1131 2515 1262 2554 subest
1277 2514 1420 2553 erroris
1437 2528 1457 2552 e
1477 2513 1610 2553 fraude

141 2587 231 2626 nati.
259 2586 398 2625 Confer
427 2584 654 2631 Fabricium,
678 2592 705 2622 t.
727 2584 764 2632 1,
784 2596 824 2633 p.
854 2595 943 2631 229,
961 2581 1020 2619 ed.
1046 2581 1150 2618 Harl.
1177 2579 1289 2625 Quod
1316 2588 1440 2617 autem
1469 2578 1612 2617 dicitur

143 2652 311 2702 Phlegon
332 2651 446 2701 hujus
474 2651 529 2688 rei
564 2649 778 2687 meminisse
808 2649 842 2685 ἐν
860 2645 1114 2697 Ὀλυμπιάδων
1142 2643 1285 2697 πρώτῃ,
1305 2658 1381 2682 non
1409 2655 1611 2694 possumus

143 2716 302 2753 latinum
334 2715 579 2766 interpretem
609 2713 717 2763 sequi
743 2713 795 2750 sic
812 2719 1023 2749 vertentem
1045 2724 1053 2747 ε
1079 2728 1092 2742 κ
1111 2710 1153 2747 ln
1178 2709 1299 2759 prima
1321 2707 1549 2759 Olympiade
1566 2725 1581 2740 ι·
1600 2721 1610 2753 ;

144 2781 340 2818 manifesto
364 2781 464 2817 enim
480 2778 680 2831 legendum
711 2777 862 2830 πρώτῳ,
888 2785 924 2813 et
946 2773 1212 2825 intelligendus
1234 2773 1455 2826 Phlegontis
1474 2773 1612 2822 Olym—

143 2843 297 2892 piadnm
319 2844 422 2882 «liber
456 2845 622 2895 primus,
648 2842 748 2881 unde
780 2855 827 2880 ne
858 2841 1080 2889 conjectura
1110 2838 1265 2889 quidem
1303 2837 1467 2876 divinari
1498 2837 1608 2885 licet,
