1686 3500
663 177 970 235 Excessus
1004 189 1080 234 vi.
1340 229 1344 233 .
1417 184 1426 195 ³
1500 190 1593 236 455

122 301 224 340 sqq„
242 299 465 339 quanquam
487 294 604 326 totum
625 285 704 325 fere
722 294 943 325 contentam
959 294 1148 324 astrorum
1169 285 1390 326 nominibus
1414 300 1461 326 ex
1476 288 1595 326 Arato

123 351 316 405 praecipue
335 352 479 403 petitis.

171 415 471 466 chronologiam
499 413 540 452 in
573 423 689 465 poeta
726 414 853 453 minus
875 413 1036 452 forsitan
1066 412 1251 465 requiras.
1274 415 1449 454 Occurrit
1471 423 1596 454 tamen

119 480 210 518 satis
230 487 408 518 accurata
425 491 614 516 annorum
637 477 874 528 computatio
891 476 991 515 libro
1012 476 1090 525 111,
1111 489 1248 527 nempe
1275 476 1311 513 in
1332 478 1593 528 antiquissima

118 545 199 595 ejus
229 544 319 582 libri
340 550 448 595 parte
467 541 540 581 sub
564 541 828 581 Philometore
856 542 999 593 scripta
1021 540 1104 581 :ibi
1129 541 1231 579 enim
1257 540 1306 579 ab
1326 541 1474 592 origine
1501 557 1595 594 gen—

117 607 192 646 tilis
209 607 493 659 superstitionis
506 607 594 644 anni
611 606 713 644 mille
733 615 770 644 et
790 606 991 658 quingenti
1006 614 1274 657 numerantur,
1289 606 1356 654 ΙΙΙ,
1377 607 1468 653 551,
1489 621 1595 658 sqq.:

275 670 381 710 Χίλια
404 671 433 709 δ’
449 671 520 709 ἔστ’
542 670 621 710 ἔτεα
640 671 699 709 καὶ
718 670 812 709 πένθ’
835 670 1060 715 ἑκατοντάδες
1080 670 1199 718 ἄλλαι,

276 735 338 781 ἘΞ
357 731 395 775 οὗ
417 735 459 783 δὴ
479 736 689 788 βασίλευσαν
709 736 916 790 ὑπερφίαλοι
935 737 1098 788 βασιλῆες

275 800 456 848 Ἑλλήνων
467 830 477 848 ,
496 801 531 839 οἳ
547 803 671 853 πρῶται
689 804 823 854 βροτοῖς
840 799 933 839 κακὰ
952 799 1191 852 ἡγεμόνιυσαν
1208 830 1218 847 ,

275 865 397 904 Πολλὰ
415 867 500 903 θεῶν
519 865 645 904 εἴδωλα
659 897 669 917 ,
689 881 722 904 κ.
743 881 777 906 τ.
799 866 834 904 λ.

117 930 229 977 Quod
252 931 284 968 si
304 930 385 968 haec
405 943 507 968 anno
520 940 608 968 ante
631 931 825 969 Chi-istum
847 930 926 968 sere
949 930 1020 967 165
1037 929 1182 980 scripta
1201 938 1315 978 sunt,
1335 929 1504 967 deducto
1530 918 1600 967 ari-⁰

118 1008 254 1033 norum
280 1009 335 1032 mn
355 1009 537 1046 numero,
558 995 762 1033 incidimus
779 995 817 1032 in
839 1008 983 1032 annum
1016 994 1128 1042 1665,
1148 994 1186 1032 id
1211 1003 1280 1040 est,
1307 995 1346 1032 in
1369 993 1451 1046 ipsa
1470 1008 1602 1046 graecae

116 1060 240 1111 gentis
262 1060 430 1111 ideoque
451 1073 582 1111 graecae
606 1060 801 1112 religionis
822 1059 1065 1098 incunabula.

170 1125 271 1165 Nihil
288 1139 380 1163 vero
399 1125 516 1177 magis
536 1125 573 1163 in
595 1126 794 1176 Sibyllinis
814 1134 1016 1164 consuetos
1040 1134 1255 1177 temporum
1271 1126 1439 1165 calculos
1456 1125 1602 1173 turbat,

116 1205 230 1242 quam
252 1191 358 1242 quod
382 1191 489 1242 origo
514 1191 639 1242 gentis
663 1191 844 1229 Romanae
864 1191 972 1229 annis
998 1191 1076 1229 sere
1096 1204 1143 1229 cv
1162 1191 1353 1231 recentior
1372 1190 1425 1230 ibi
1445 1191 1602 1242 fingitur

116 1269 229 1307 quam
255 1257 373 1308 vulgo
406 1258 549 1304 sertur3
576 1257 611 1294 id
641 1270 731 1295 vero
765 1269 841 1295 non
874 1256 911 1294 iu
933 1255 1113 1294 omnibus
1140 1256 1273 1305 libris,
1295 1256 1360 1295 sed
1392 1256 1433 1294 in
1456 1256 1599 1295 ultimis

116 1329 262 1359 tantum
305 1321 480 1364 Xl-XIV.
503 1322 596 1361 Nam
621 1321 689 1361 lib.
712 1321 800 1369 ΧΗ,
836 1334 870 1359 ν.
902 1334 969 1367 12,
1005 1334 1102 1372 sqq„
1130 1321 1183 1359 ita
1205 1320 1400 1360 delinitam
1429 1320 1600 1359 invenias

115 1386 278 1438 Augusti
300 1385 461 1424 Caesaris
481 1395 628 1424 aetatem
648 1398 658 1425 t

271 1451 344 1491 Καὶ
369 1451 457 1503 μετὰ
474 1451 536 1496 τὰς
551 1451 654 1490 ἐτέων
675 1452 906 1494 ἑκατοντάδας
923 1451 957 1495 ἓξ
978 1451 1142 1499 διαὸἧναι

272 1518 342 1555 Καὶ
360 1517 417 1556 δύο
433 1517 493 1561 τὰς
514 1517 659 1562 δεκάδας
673 1516 817 1567 Ῥώμης
837 1516 1040 1570 δικτάτορος
1059 1516 1163 1564 οὔσης
1177 1547 1188 1565 ,

273 1580 418 1621 Ἔσσετ’
442 1582 525 1627 ἄναξ
544 1583 759 1635 πρώτιστος,
781 1599 814 1622 κ.
835 1599 869 1623 τ.
891 1584 923 1621 λ.

114 1650 327 1698 Augustum
360 1661 453 1698 crgo
485 1649 695 1698 imperasse
727 1648 810 1685 vult
838 1647 981 1686 Noster
1019 1661 1122 1685 anno
1157 1656 1243 1700 post
1279 1648 1438 1686 Romam
1464 1646 1600 1685 condi·

113 1721 187 1750 tam
205 1726 316 1760 ncxx,
333 1726 426 1764 non,
448 1721 488 1751 ut
509 1727 643 1752 omnes
660 1715 799 1761 sciunt,
818 1728 992 1761 nccxxv3
1010 1715 1098 1753 anni
1122 1715 1240 1767 igitur
1263 1716 1451 1754 intersunt
1471 1729 1531 1755 cv.
1555 1715 1596 1754 ld

113 1791 229 1828 porro
248 1777 305 1816 vel
326 1777 573 1816 librariorum
593 1779 721 1829 culpa,
740 1779 800 1816 vel
822 1779 1021 1830 scriptoris
1041 1779 1144 1817 aliud
1166 1781 1327 1831 agentis,
1351 1789 1391 1818 ut
1407 1780 1462 1831 fit,
1479 1780 1598 1818 ballu-

111 1842 301 1881 «einatione
318 1843 457 1881 factum
474 1843 739 1891 crederemus,
753 1844 825 1882 nisi
847 1844 946 1881 idem
964 1857 1147 1882 numerus
1169 1845 1286 1896 paulo
1301 1855 1389 1883 ante
1409 1843 1596 1884 occurris·

112 1916 189 1959 set,
207 1908 276 1948 lib.
296 1909 368 1956 Xl,
391 1922 426 1948 v.
441 1922 542 1958 ⁴272,
564 1922 649 1960 sqq.
668 1924 677 1947 z

271 1973 364 2012 Ἀλλ’
385 1973 514 2012 ὁπόταν
534 1974 755 2016 λυκάὸαντας
777 1975 903 2027 ἐπέλθῃ
928 1974 1039 2026 τέρμα
1059 1974 1222 2026 χρόνοιο,

267 2038 328 2081 Δίς
349 2054 386 2078 τε
406 2039 623 2092 τριηκοσίους
642 2039 700 2077 καὶ
722 2039 772 2083 δὶς
792 2039 874 2078 δέκα
896 2039 1116 2093 πληρώσασα
1130 2070 1140 2087 ,

269 2102 390 2148 Ἔξότε
410 2119 472 2142 σου
487 2104 629 2152 κτίστης
645 2104 746 2156 θηρὸς
765 2110 847 2147 παῖς
866 2105 1098 2156 ἡγεμόνευσεν
1116 2135 1126 2152 ,

269 2168 400 2208 Οὐκέτι
421 2168 593 2222 δικτάτωρ
614 2169 710 2208 ἔσται
730 2169 991 2223 μεμετρημένος
1010 2170 1129 2222 ἄρχων
1142 2198 1151 2215 ,

269 2233 372 2272 Ἀλλὰ
392 2234 475 2279 ἅναξ
498 2234 657 2286 βασιλεύς
674 2250 711 2273 τε
725 2265 737 2284 ,
758 2250 790 2273 κ.
808 2250 840 2273 τ.
861 2236 893 2274 λ.

112 2298 185 2339 Ubi
213 2308 305 2337 nota
323 2305 440 2337 'versu
465 2301 636 2338 secundo
659 2300 877 2352 τριηκοσίους
903 2300 949 2338 de
975 2309 1110 2339 nostro
1140 2314 1243 2348 esse3
1265 2314 1352 2339 nam
1373 2300 1491 2343 codd.
1517 2301 1596 2348 διη-

109 2363 256 2411 κοσίων,
291 2378 422 2402 errore
454 2378 543 2403 sune
575 2365 756 2415 graviori.
779 2367 855 2404 Nee
877 2374 1000 2403 tamen
1024 2366 1061 2402 in
1095 2366 1168 2403 hoc
1190 2375 1355 2417 utroque
1374 2365 1592 2404 testimonio

112 2428 269 2467 nimium
301 2429 492 2468 exsultare
513 2430 670 2468 velimus
700 2443 766 2468 eos
785 2430 851 2481 qui
875 2429 1090 2468 recentibus
1112 2429 1170 2468 his
1189 2430 1297 2468 annis
1315 2430 1432 2468 fastos
1456 2431 1593 2469 Roma·

112 2507 197 2541 uos,
227 2495 434 2545 praesertim
468 2508 561 2532 vero
589 2508 718 2545 regum
757 2503 958 2547 tempora,
981 2495 1164 2534 arctiores
1195 2495 1295 2533 intra
1323 2495 1463 2533 limites
1484 2499 1593 2534 coer-'

111 2571 196 2596 cere
215 2559 343 2596 conati
372 2568 482 2604 sunt;
514 2560 604 2609 quia
625 2561 760 2599 Noster
780 2560 814 2597 in
837 2561 964 2598 animo
980 2560 1073 2598 nihil
1100 2559 1252 2598 videtui·
1271 2560 1373 2598 aliud
1392 2558 1595 2610 habuisse,

110 2635 225 2672 quam
252 2630 296 2659 ut
321 2631 488 2660 veterem
513 2622 739 2674 Sibyllinam
769 2624 1015 2674 prophetiam
1041 2632 1213 2662 tueretur
1231 2623 1280 2661 de
1303 2624 1421 2661 Roma
1451 2637 1591 2662 nomen

110 2674 239 2734 suum,
269 2685 307 2723 id
339 2694 418 2734 cst,
450 2701 571 2725 annos
602 2702 777 2726 cnxzvui
817 2689 1039 2740 impletura.
1068 2690 1161 2735 Quae
1194 2687 1348 2739 quidem
1389 2687 1590 2739 prophetia
1621 2702 1627 2708 ·

111 2752 251 2803 scripta
272 2744 352 2790 crat
372 2752 470 2789 libro
485 2753 586 2800 vm,
609 2768 642 2790 v.
670 2754 756 2799 148,
773 2767 856 2805 sqq.
877 2768 885 2791 :

267 2820 354 2872 Τρὶς
373 2819 407 2857 δὲ
422 2820 638 2872 τριηκοσίους
655 2820 713 2859 καὶ
730 2820 992 2873 τεσσαράκοντα
1011 2819 1068 2858 καὶ
1091 2818 1182 2858 ὀκτὼ

269 2881 473 2936 Πληρώσεις
487 2883 727 2934 λυκάῧαντας,
749 2883 829 2923 ὅταν
845 2900 898 2923 σοι
919 2884 1087 2938 δύσμορος
1105 2883 1187 2936 ἔλθῃ
