1752 3495
571 167 649 209 At)
687 164 1013 210 EXCURSUM
1052 168 1107 212 11.
1484 169 1573 212 143

807 282 876 318 111.

263 364 401 414 Accipe
415 391 424 409 ‚
445 360 666 408 lin-comme,
688 374 773 412 quae
792 361 869 398 sint
888 360 1042 398 oracula
1065 360 1222 409 Phoebi,

260 431 352 474 Qum
374 425 443 464 tibi
460 424 506 462 dc
526 424 675 476 tripode
696 433 811 474 atque
832 424 957 474 adytis
979 424 1240 475 penetralibus
1258 418 1378 465 efferi.

263 492 345 542 lpse
360 489 469 541 jubet
486 502 652 536 sacrum,
676 488 853 528 disti-icto
873 488 988 526 dente
1008 489 1211 527 minantem

258 555 394 593 Ser-ves
414 567 536 605 usque
554 566 707 599 canem,
730 553 799 590 tibi
817 553 884 604 qni
904 566 1032 590 morsu
1055 561 1168 602 atque
1187 553 1325 590 latratu

258 617 471 657 Mercedem
495 618 657 664 τοῖοι-θη
678 618 717 655 ni
740 617 857 665 faxls,
876 617 1021 668 qnippe
1041 615 1205 667 peribit:

257 683 443 720 Graculus
464 682 564 720 hunc
585 682 674 720 odio
690 683 880 719 crocitans
898 695 984 719 nam
1008 681 1195 732 plurimus
1214 689 1336 732 urget.

806 773 870 808 lv.

259 842 414 892 Accipe,
435 840 653 888 Erechtide,
671 840 755 890 quis
773 840 822 878 sit
843 839 909 878 tibi
929 839 1121 878 Cerberus
1142 839 1225 887 iste,

254 907 327 951 Qui
346 918 474 943 servos
496 905 597 952 facit,
618 913 655 942 et
674 904 795 942 cautla
812 906 879 955 qni
898 904 1060 942 blandus
1084 904 1223 942 adulat.

808 988 854 1026 V.

257 1073 320 1111 Est
342 1073 493 1114 mulier.
513 1072 653 1111 sanctis
675 1073 766 1110 olim
783 1085 868 1123 qnae
888 1072 1015 1122 gignet
1034 1072 1195 1111 Athenis

252 1137 458 1188 impigrum
480 1145 614 1175 contra
637 1137 777 1174 culices
792 1149 962 1187 pugnare
982 1135 1129 1174 leonem

252 1204 328 1241 Pro
354 1202 521 1253 populo,
542 1216 612 1240 ceu
630 1215 700 1252 pro
721 1202 881 1240 catulis:
903 1214 1016 1251 quem
1038 1209 1076 1238 tu
1097 1200 1193 1239 bene
1210 1214 1335 1239 serves

249 1265 441 1304 Moenibus
461 1265 584 1317 ilignis
605 1266 834 1316 serrat-‘eque
852 1264 977 1316 objice
1001 1265 1126 1302 turris.

804 1362 866 1398 VI.

248 1448 302 1485 Ne
321 1447 475 1496 credas,
496 1447 586 1485 odio
608 1447 768 1485 crocitat
785 1460 871 1496 quae
890 1447 1035 1497 percita
1055 1446 1187 1484 cornix
1207 1461 1216 1485 ι

248 1512 481 1563 Accipitrem
503 1512 568 1550 sed
586 1525 688 1558 ama,
710 1524 857 1549 memor
880 1521 923 1549 ut
944 1510 1219 1549 Lacedaemone
1239 1511 1378 1550 multos

251 1577 378 1627 Egerit
397 1576 460 1614 ille
485 1575 554 1614 tibi
574 1584 704 1627 captos
726 1575 902 1627 indagine
924 1576 1056 1627 pisces.

775 1674 862 1710 vn.

245 1775 458 1828 Cecropide
477 1776 649 1824 demens,
675 1789 855 1827 magnum
876 1777 949 1815 hoc
967 1772 1038 1815 tibi
1057 1790 1193 1828 nempe
1212 1776 1388 1816 videtur!
1444 1820 1458 1833 ⁶

249 1841 423 1891 {inponat
442 1841 556 1878 modo
577 1841 648 1888 vir,
671 1841 838 1892 portabit
857 1841 993 1879 semina
1015 1842 1165 1880 fascem.

245 1908 292 1943 At
313 1919 387 1942 non
411 1905 596 1957 pugnabit
605 1932 720 1945 .....

768 1990 875 2025 VIII.

242 2079 382 2130 Accipe
405 2088 440 2118 et
460 2080 535 2118 hoc
553 2094 561 2117 :
581 2081 694 2132 Pylos
719 2089 809 2118 ante
830 2080 949 2130 Pylon
964 2110 974 2128 ,
996 2080 1094 2118 sient
1115 2079 1183 2118 tibi
1204 2080 1307 2128 dixi,

245 2145 308 2182 Est
327 2145 442 2194 Pylos
461 2153 548 2182 ante
567 2146 704 2194 Pylon.

785 2240 854 2276 1x.

240 2320 386 2371 AEgide,
407 2334 500 2358 cave
518 2320 781 2371 vulpicanem‚
804 2333 851 2357 ne
872 2328 906 2357 te
925 2319 1098 2371 improba
1116 2319 1220 2357 sallat
1233 2348 1243 2366 ‚

241 2384 432 2432 Velocem,
451 2394 635 2434 astutam,
659 2385 777 2422 multa
800 2384 996 2435 ingeniosa
1015 2393 1241 2434 patrantem.

792 2480 843 2526 x.

239 2567 325 2604 naec
345 2565 456 2604 etiam
476 2580 603 2613 serva,
625 2579 710 2616 qnae
730 2567 804 2603 fert
825 2565 980 2603 oracula
1000 2564 1189 2604 Phoebus:

125 2677 152 2707 7.
177 2675 256 2709 lbid.
275 2686 306 2710 v.
326 2681 415 2717 105¹,
429 2685 501 2718 sqq.
682 2683 699 2695 ⁴
851 2676 890 2707 ad
904 2684 1013 2708 eorum
1028 2676 1128 2707 instar
1141 2673 1296 2714 conflens,
1310 2673 1430 2707 crebroe
1442 2674 1555 2707 viden·

124 2723 151 2753 8.
176 2721 253 2755 ibid.
273 2732 304 2754 v.
323 2727 412 2760 1055.
429 2732 500 2764 sqq.
850 2726 905 2754 tin·
919 2723 1109 2756 occurrisse.
1135 2729 1270 2761 quarum
1291 2719 1387 2752 ctiam
1406 2721 1555 2762 exempla

124 2770 152 2799 9.
177 2769 255 2802 lbid.
274 2779 305 2802 v,
323 2774 418 2810 1058,
432 2780 481 2810 sq.
496 2770 590 2803 Ludit
604 2773 696 2811 poeta
709 2779 779 2802 am·
850 2770 883 2802 in
905 2771 1021 2802 nostris
1035 2768 1195 2809 sibyllinis
1210 2767 1293 2800 band
1312 2776 1381 2800 rara
1393 2769 1477 2800 sunt.

86 2811 172 2854 bages
188 2816 355 2849 verborum
370 2820 402 2850 et
415 2818 607 2857 tautologias
625 2819 657 2849 ct
674 2818 776 2849 batto·
897 2821 942 2850 10.
969 2817 1048 2849 lbid.
1067 2825 1098 2848 v.
1117 2818 1206 2855 1007,
1224 2824 1272 2856 sq.

87 2859 189 2899 logias,
201 2872 273 2903 quae
290 2864 322 2895 in
336 2864 459 2896 Bacidis
476 2864 623 2904 oraculis,
641 2864 775 2905 aliisquo
893 2868 940 2897 11.
965 2863 1044 2896 ibid.
1062 2872 1094 2895 v,
1114 2864 1205 2902 1030,
1219 2870 1265 2902 sq.
