1752 3495
654 185 956 231 Excuasns
986 189 1022 234 1.
1120 246 1123 249 .
1513 191 1566 235 τι

117 299 266 326 causam
288 294 545 337 opportunam
577 283 725 322 dederit
751 285 798 322 ad
819 285 1069 324 refricandam
1102 287 1204 326 illius
1235 288 1417 340 Nymphae
1434 301 1577 326 memo·

119 353 209 389 riam
229 362 446 399 novumque
479 345 618 384 librum
637 347 834 398 Sibyllinis
867 349 1099 389 addendum.

172 413 332 459 Quando
365 412 401 449 id
436 410 631 448 decretum
665 411 799 460 suerit,
821 426 895 450 non
916 413 1027 452 docet
1059 414 1205 467 Varro,
1226 427 1296 452 nec
1323 429 1391 453 nos
1424 416 1494 454 nisi
1516 416 1578 453 iu·

118 478 230 516 certis
246 474 474 526 conjecturis
490 473 661 513 divinare
682 489 898 526 passumus,
919 477 999 515 Nisi
1019 486 1143 515 tamen
1173 476 1360 528 fallimur,
1378 479 1471 518 illud
1503 487 1577 517 tam

119 539 211 577 rude
231 545 485 577 commentum
507 550 629 586 neque
648 551 670 575 a
689 539 867 577 Patribus
896 540 1152 590 excogitatum
1184 538 1315 577 suisset
1334 553 1455 590 neque
1474 541 1578 591 apud

119 602 266 653 plebem
282 600 522 647 invaluisset,
542 601 613 638 nisi
629 611 739 639 aetate
755 603 975 652 reipublicae
995 603 1163 640 nondum
1180 590 1324 647 adulta,
1349 604 1582 653 simplicibus

118 666 244 704 adhuc
263 665 457 702 hominum
490 664 684 702 mentibus
703 674 741 717 et
767 666 886 704 cuivis
907 667 1104 704 mendacio
1125 665 1355 717 patentibus.
1378 666 1581 718 Quumque

118 731 278 768 sciamus
307 728 461 766 Punicis
489 728 597 766 bellis
626 729 784 767 fratrum
811 731 1041 768 Marciorum
1074 730 1191 768 libros
1219 731 1258 768 in
1276 731 1467 781 Capitolio
1495 745 1580 769 cum

114 793 307 843 Sibyllinis
329 792 518 843 repositos
534 806 614 831 csse
631 793 774 842 (confer
794 794 888 832 Exe.
913 794 982 839 111,
1003 808 1087 845 cap.
1107 794 1424 845 5)‚1icetcredere
1441 795 1581 832 sactum

116 860 186 895 lioe
201 857 246 893 ad
265 857 379 893 instar
397 857 640 894 oraculorum
657 858 965 905 Tiburtinorum,
989 868 1102 908 atque
1121 858 1216 896 adeo
1227 858 1451 897 Tiburtinos
1465 859 1583 897 libros

108 923 183 971 jam
213 921 408 970 aliquanto
436 930 547 958 antea
576 932 818 959 consecratos
848 923 976 960 fuisse.
994 923 1180 961 Nimirum
1202 922 1384 972 Sibyllam
1413 923 1581 973 Sibyllae,

113 984 325 1035 Nympham
340 985 526 1035 Nymphae
543 999 586 1023 ac
603 987 738 1025 Divam
757 988 862 1025 Divae
883 987 1061 1025 comitem
1088 987 1249 1034 addere,
1277 988 1381 1038 prius
1399 987 1436 1025 in
1459 989 1584 1025 homi·

114 1064 200 1086 num
226 1057 368 1086 mentes
396 1051 525 1087 venire
549 1049 760 1096 debuerat,
778 1065 892 1100 quam
912 1052 1145 1089 Marciorum
1164 1052 1351 1098 fratrum,
1369 1051 1406 1088 id
1426 1060 1494 1097 est,
1517 1065 1582 1090 re-

112 1113 276 1151 centium
294 1111 529 1167 hariolorum
548 1115 717 1151 carmina
736 1115 797 1152 tali
818 1115 964 1152 bonore
985 1115 1145 1165 dignari.
1164 1115 1236 1153 vix
1256 1129 1347 1166 ergo,
1363 1114 1584 1153 dubitamus

115 1177 214 1214 illam
231 1176 333 1226 apud
352 1176 541 1214 Romanos
568 1191 676 1215 novae
697 1177 851 1228 Sibyllae
881 1179 1102 1229 religionem
1130 1179 1326 1230 aliquanto
1356 1179 1584 1217 anteriorem

114 1241 224 1278 fuisse
247 1241 403 1278 Punicis
429 1240 560 1291 bellis,
587 1251 711 1279 ortam
745 1243 921 1281 videlicet
941 1253 1077 1294 quarto
1104 1244 1159 1281 vel
1182 1243 1316 1293 quinto
1337 1251 1422 1294 post
1441 1243 1583 1282 Urbem

113 1304 298 1342 conditam
321 1305 460 1342 saeculo
478 1335 487 1351 ,
507 1314 544 1343 et
564 1305 722 1344 sortasse
742 1307 777 1344 in
799 1307 860 1345 illa
881 1308 1029 1346 Liviani
1054 1308 1182 1359 operis
1201 1308 1335 1345 lacuna
1355 1307 1583 1345 delitescen-

115 1378 185 1405 tem
209 1382 291 1418 quae
316 1368 436 1407 libros
463 1370 602 1408 xl-xx
636 1379 736 1408 totos
758 1371 970 1422 absorpsit,
993 1372 1029 1409 id
1052 1381 1109 1410 est
1136 1373 1355 1410 consulatus
1378 1372 1456 1411 fere
1478 1381 1587 1410 octo-

113 1433 210 1482 ginta
227 1442 313 1483 post
328 1447 468 1471 annum
487 1433 535 1471 ab
557 1433 658 1473 Urbe
677 1435 831 1473 condita
853 1449 966 1474 cunxt
986 1435 1110 1485 (Livio
1127 1437 1268 1487 cnmx).
1288 1435 1360 1474 Sed
1378 1449 1454 1473 non
1469 1435 1583 1473 omit-

115 1495 264 1533 tendum
283 1497 385 1546 quod
403 1511 518 1548 supra
539 1499 703 1537 diximus
718 1528 727 1546 ,
752 1501 857 1551 prius
877 1501 1014 1537 cultam
1032 1500 1169 1538 Tiburi
1187 1514 1300 1550 quam
1320 1501 1445 1538 Romae
1469 1499 1582 1537 fuisse

113 1560 207 1597 lianc
222 1560 425 1610 Sibyllam,
447 1563 613 1600 italicam
630 1563 717 1601 ideo
739 1564 977 1614 magis-quam
995 1563 1206 1602 Romanam
1225 1563 1447 1610 ‹licendam;
1471 1577 1587 1613 quau·

112 1637 221 1675 quam
248 1623 378 1663 Romae
398 1627 510 1663 etiam
530 1641 677 1665 summo
698 1636 827 1678 postea
851 1629 999 1666 honore
1025 1628 1164 1666 cultam
1187 1629 1320 1674 fuisse,
1342 1641 1418 1665 non
1436 1636 1492 1665 est
1510 1628 1585 1664 dn-

113 1689 230 1729 bium.
251 1690 417 1728 Fuerunt
436 1692 513 1728 imo
527 1693 591 1742 qui
610 1693 730 1743 ipsam
747 1706 833 1730 cum
847 1694 1047 1731 Carmenta
1064 1693 1231 1732 Evandri
1251 1702 1371 1730 matre
1387 1693 1582 1730 confusam

115 1754 330 1793 voluerunt.
354 1759 440 1793 Non
458 1757 557 1793 enim
574 1757 654 1794 sine
668 1771 781 1796 causa
802 1757 955 1808 scripsit
973 1757 1128 1796 Servius
1143 1757 1190 1795 ad
1204 1756 1350 1796 AEneid.
1363 1757 1448 1795 vlu
1461 1785 1472 1804 ,
1493 1757 1583 1801 336,

113 1832 228 1868 quum
250 1819 297 1856 (le
315 1821 517 1858 Carmenta
536 1822 758 1872 loqueretur
776 1835 785 1861 :
807 1840 821 1853 κ
840 1823 914 1859 Alii
935 1822 1047 1859 etiam
1069 1821 1279 1872 'l‘yburtem
1301 1821 1455 1861 dictam.
1474 1839 1488 1853 ν
1509 1821 1582 1859 Sed

113 1883 209 1920 lianc
224 1897 431 1934 paucorum
447 1885 644 1923 hominum
662 1889 884 1924 sententiam
904 1886 1018 1923 fuisse
1035 1886 1259 1924 confidimus
1271 1915 1282 1936 ‚
1294 1885 1458 1936 ideoque
1473 1886 1580 1936 parvi

114 1947 334 2006 faciendam.
351 1949 462 1987 Certe
478 1949 719 1987 Carmentam
738 1964 808 1988 nec
827 1964 848 1988 a
865 1951 1041 1989 Varrone
1057 1964 1125 1987 nec
1146 1950 1195 1986 ab
1217 1950 1294 1987 ullo
1317 1950 1393 1986 sere
1412 1949 1581 1998 antiqui-

113 2025 220 2048 orum
238 2012 459 2050 Latinorum
487 2014 642 2064 Sibyllis
666 2025 952 2051 annumeratam
973 2014 1088 2052 fuisse
1110 2014 1273 2051 vidimus
1294 2027 1425 2064 supra,
1443 2026 1526 2063 cap.
1541 2028 1583 2063 9;

115 2088 180 2112 nec
202 2077 231 2113 si
258 2075 356 2114 hanc
377 2076 617 2115 Tiburtinam
634 2091 719 2115 cuin
748 2077 812 2114 illa
841 2077 1056 2115 Italicarum
1083 2085 1212 2114 vatum
1224 2078 1471 2127 antesignana
1491 2089 1584 2114 cou-

117 2141 271 2179 sudisset
305 2142 445 2189 Varro,
477 2143 603 2180 locum
633 2143 705 2194 ipsi
738 2143 775 2180 in
805 2143 980 2194 catalogo
1008 2142 1218 2190 decimum,
1249 2142 1288 2180 id
1310 2151 1387 2191 est,
1410 2142 1584 2180 ultimum

117 2215 228 2256 atque
259 2206 429 2244 infimum
455 2208 695 2257 assignasset.

167 2272 222 2310 De
240 2272 423 2323 singulari
438 2280 563 2310 antem
584 2272 798 2311 'l'iburtinae
813 2271 968 2322 Sibyllae
986 2271 1113 2309 medio
1133 2285 1228 2321 aevo,
1255 2272 1463 2322 praesertim
1480 2270 1582 2322 apud

119 2337 244 2385 italos,
262 2337 376 2385 sama,
396 2351 481 2388 quae
497 2337 657 2375 dicenda
679 2346 790 2387 sunt,
812 2338 1067 2389 opportunius
1084 2336 1260 2374 dicentur
1275 2336 1322 2373 ad
1342 2336 1430 2374 Exc.
1457 2336 1516 2374 tv.

809 2459 895 2466 ——-

543 2557 650 2595 (JAP.
671 2555 742 2597 ΧΙ.
773 2559 830 2613 De
848 2559 976 2593 Sicula
996 2556 1153 2604 Sibylla.

165 2658 222 2696 Ab
238 2660 343 2698 ltalia
357 2660 442 2696 vela
458 2660 616 2697 facimus
633 2661 670 2697 in
686 2648 868 2706 Siciliam,
884 2674 1020 2712 nempe
1038 2661 1085 2698 ad
1100 2659 1281 2710 Sibyllam
1298 2673 1414 2710 quam
1431 2658 1581 2704 Suidas,

116 2721 299 2762 incertum
317 2738 394 2775 quo
407 2733 577 2773 auctore,
597 2725 776 2772 Siculam,
791 2724 853 2772 τὴν
869 2724 1031 2772 Σικελήν,
1052 2733 1177 2763 vocat.
1190 2724 1263 2763 Sed
1279 2737 1360 2762 cam
1377 2737 1398 2761 a
1412 2723 1582 2762 Cumana

113 2785 292 2826 Varronis
310 2788 403 2826 nihil
420 2788 575 2826 differre
590 2789 714 2828 credit
728 2790 892 2838 Solinus,
907 2803 992 2840 cap.
1012 2803 1033 2827 2
1052 2803 1062 2829 :
1079 2809 1093 2822 ‹-
1110 2789 1254 2837 Cumis,
1271 2789 1410 2840 inquit.
1430 2787 1585 2839 Sibyltae

116 2868 128 2882 ἰ
159 2852 333 2890 sacellum
352 2861 421 2901 est,
439 2841 501 2891 iod
519 2853 598 2902 rjus
612 2867 696 2904 qua:
711 2854 825 2913 rebus
838 2855 1016 2893 Romanis
1032 2854 1340 2905 quinquagesima
1356 2851 1581 2904 Olympiade
