1752 3495
654 197 967 244 Excuasus
1003 194 1034 241 1.
1090 207 1093 210 >
1512 180 1569 242 07

71 320 90 334 .
115 306 288 359 γενέσεως·
309 303 361 341 διὸ
385 298 442 340 καὶ
464 298 609 348 τιμῶσιν
631 296 737 343 αὐτὴν
763 297 799 333 αἱ
820 294 976 347 μητέρες.
1006 293 1138 345 Μοίρας
1156 303 1282 332 autem
1304 302 1439 346 grae'ce.
1461 295 1576 334 latine

118 374 255 411 Parcas
275 381 340 407 seu
368 366 530 413 Morum,
561 370 700 412 praeter
727 360 810 398 illas
841 368 915 398 tres
945 357 1109 396 infernas
1129 371 1280 397 sorores
1305 374 1326 398 a
1357 360 1480 411 poetis
1510 360 1576 398 ‹le-

117 442 297 480 cantatas,
318 427 506 469 interdum
529 427 640 464 etiam
661 426 711 463 ita
727 424 856 462 vocari
874 424 988 461 Divas
1005 422 1186 473 quasdam
1202 431 1394 462 terrestres
1409 439 1494 476 quae
1509 439 1580 463 na-

118 499 302 538 scentium
320 493 403 533 fatis
421 488 920 542 praesidercnt‚jamdudum
942 486 1131 526 viridocti
1151 485 1462 527 observaverunt.
1485 490 1582 528 nine

117 565 247 616 Μοῖραι
265 569 302 598 et
320 555 463 608 Νύμφαι
482 563 518 593 et
539 555 710 594 Σίὸυλλαι
731 553 849 604 (quod
871 553 930 590 l1ae
949 565 1104 602 quoquc
1130 551 1327 590 hominum
1351 553 1426 591 sata
1443 554 1578 604 praedi-

120 625 257 678 cerent)
278 622 384 660 facile
400 620 582 657 confundi
603 628 823 670 potuerunt.
845 619 892 657 Et
909 617 1122 654 notissimas
1139 616 1222 654 illas
1239 616 1364 654 medio
1378 631 1457 655 aevo
1476 619 1583 656 Fatas

119 688 321 740 aliquando
355 685 519 736 sibyllas
551 698 615 724 seu
649 683 843 733 Nymphas
872 681 977 719 albas
1008 694 1089 719 esse
1119 680 1259 729 dictas,
1299 682 1517 722 notabimus
1547 684 1583 721 in

122 757 215 793 Exc.
235 752 299 791 lv,
323 750 402 788 Cur
422 763 513 787 vero
533 763 555 787 a
583 747 767 786 matribus
792 746 969 786 Romanis
997 746 1190 796 praecipuo
1223 746 1368 784 honore
1399 748 1588 785 coleretur

120 821 334 860 Carmenta,
349 814 411 852 cui
427 815 539 852 etiam
559 814 740 864 templum
757 811 805 848 al»
825 812 918 862 ipsis
935 819 1101 848 erectum
1121 810 1263 856 suisset,
1280 824 1429 848 causam
1445 812 1588 863 oppido

121 881 347 932 singularem
370 878 498 917 retulit
521 877 620 915 idem
643 875 884 924 Plutarchus,
913 876 1054 921 Quaest.
1079 876 1184 914 Rom.
1208 876 1280 913 loc.
1301 875 1365 917 cit.
1390 876 1431 914 ld
1453 890 1591 927 nempe

122 945 346 994 contigisse,
376 952 575 993 postquam
614 950 796 978 matronae
833 953 939 976 usum
973 940 1161 989 carpenti,
1184 940 1291 991 prius
1321 940 1394 978 sibi
1417 949 1591 991 ereptum

122 1014 280 1049 Senatus
314 1008 512 1057 consulto,
557 1013 855 1057 recuperassent.
882 1005 1020 1041 Votum
1061 1004 1203 1055 quippe
1232 1005 1285 1042 sic
1316 1015 1593 1056 conceperant,

125 1088 199 1113 non
216 1073 323 1124 prius
340 1085 379 1109 se
400 1072 518 1109 fetum
540 1071 707 1108 edituras
729 1083 842 1120 quam
865 1068 982 1119 injus
1003 1081 1111 1106 suum
1141 1068 1406 1119 redintegratae
1425 1070 1595 1109 fuissent.

125 1139 274 1179 Prolem
291 1151 381 1188 ergo
399 1150 505 1175 suam
523 1150 661 1174 novam
682 1135 890 1173 Carmentae
904 1164 913 1181 ‚
932 1148 1016 1184 quae
1037 1143 1196 1172 matrum
1216 1135 1427 1173 felicissima
1451 1137 1573 1175 suerat
1588 1178 1598 1193 ,

125 1201 419 1242 consecrandam
447 1209 707 1252 putaverunt:
731 1200 964 1237 Εὐτεκνοῧσαι
981 1198 1038 1237 καὶ
1058 1199 1329 1237 πολυτεκνοῦσαι
1353 1198 1392 1238 τὸ
1413 1201 1473 1246 τῆς
1497 1198 1596 1254 Καρ-

127 1266 250 1320 μέντης
283 1265 372 1318 ἱερὸν
405 1265 599 1318 ἱδρύσαντο.
620 1267 698 1303 Nos
726 1277 772 1302 eo
795 1272 966 1314 tempore
987 1276 1107 1314 eaque
1133 1264 1333 1301 occasione
1362 1264 1501 1303 sactum
1533 1266 1570 1304 id
1587 1294 1598 1311 ‚

129 1331 350 1378 Plutarcllo,
369 1331 400 1369 si
419 1331 468 1368 ita
491 1330 630 1381 placet,
652 1328 817 1366 libenter
833 1327 1099 1374 concedimus3
1120 1327 1203 1377 sed,
1230 1329 1282 1366 sas
1299 1329 1346 1367 sit
1364 1329 1506 1378 dicere,
1523 1345 1600 1368 non

130 1408 201 1436 tam
221 1397 270 1435 ob
290 1399 510 1435 memoriam
533 1397 744 1435 Carmentae
765 1402 911 1444 partus,
934 1407 1047 1444 quam
1068 1402 1225 1444 propter
1244 1393 1442 1432 ridiculam
1464 1409 1600 1446 quam-

128 1464 212 1501 dam
243 1462 328 1500 soni
360 1460 650 1499 similitudinem
680 1460 779 1497 inter
812 1460 1066 1509 Carpentum‚
1097 1459 1261 1496 vehiculi
1283 1472 1420 1509 genus,
1450 1469 1488 1497 et
1509 1461 1610 1499 Car-.

129 1536 318 1574 mentam,
353 1525 523 1564 Evandri
558 1533 715 1563 matrem
737 1538 745 1560 :
767 1523 895 1574 ‹pialcs
926 1523 1002 1560 sere
1038 1524 1281 1573 paronymias
1314 1524 1350 1561 iu
1383 1532 1601 1562 nostrorum

129 1592 238 1630 etiam
261 1593 487 1630 Sanctorum
508 1591 613 1628 cultu
631 1598 742 1641 atquc
764 1589 799 1625 in
822 1602 954 1625 eorum
968 1588 1187 1639 patrociniis
1207 1589 1481 1627 distribuendis
1497 1590 1606 1641 plebs

130 1656 391 1709 superstitiosa
411 1655 517 1706 sequi
542 1655 650 1693 solet.

181 1721 323 1772 Utique
352 1734 469 1772 quum
495 1733 542 1757 ex
565 1719 663 1765 lioc,
692 1727 770 1756 tum
802 1732 822 1757 e
844 1718 1041 1769 prioribus
1062 1718 1289 1773 testimoniis
1314 1729 1475 1772 apparet
1494 1735 1605 1772 quam

131 1787 267 1824 merito
285 1786 385 1824 inter
403 1785 523 1823 Italiae
542 1785 701 1822 seminas
722 1793 826 1822 vates
846 1783 970 1821 locum
990 1784 1172 1834 insignem
1198 1783 1375 1822 babuerit
1393 1786 1605 1832 Carmenta,

133 1853 211 1890 sive
240 1850 498 1901 antiquitatis,
527 1852 607 1888 sive
636 1849 869 1894 divinitatis,
891 1849 970 1886 sive
999 1849 1090 1886 artis
1109 1848 1272 1886 fatidicae
1288 1849 1390 1899 jure.
1418 1851 1512 1895 Quae
1539 1864 1608 1888 cnr

132 1916 286 1966 Sibyllis
305 1916 518 1965 antiquitus
547 1923 793 1952 annumerata
815 1927 892 1951 non
924 1914 1058 1960 suerit,
1077 1926 1189 1950 causa
1208 1913 1367 1950 sortasse
1392 1922 1448 1950 est
1481 1914 1605 1964 ipsum

135 1993 273 2018 nomen
299 1979 414 2017 latine
436 1979 535 2016 idem
555 1979 632 2015 sere
653 1991 792 2016 sonans
810 1978 912 2028 quod
931 1991 1050 2026 graece
1066 1976 1235 2026 Sibylla3
1258 1990 1376 2027 quare
1403 1977 1498 2015 nihil
1521 1992 1607 2016 mu-

139 2044 207 2083 tari
237 2042 458 2094 oportebat,
479 2043 686 2094 praesertim
711 2055 829 2093 quum
858 2041 939 2092 ejus
967 2041 1134 2078 mulieris
1163 2041 1262 2079 sama
1283 2042 1403 2079 multo
1421 2043 1539 2094 magis
1563 2043 1609 2082 ad

137 2110 326 2148 Romanas
354 2108 580 2146 traditiones
613 2121 743 2158 quam⁴
764 2106 810 2144 ad
840 2109 992 2145 Graecas
1020 2107 1246 2158 pertineret.
1285 2106 1392 2145 Adde
1418 2107 1520 2158 quod
1552 2109 1609 2146 vel

139 2174 238 2211 illius
257 2174 429 2224 praeclari
457 2182 587 2224 partus
617 2185 729 2210 causa
749 2171 900 2210 excludi
930 2186 950 2209 e
969 2171 1198 2222 Sibyllarum
1231 2184 1411 2219 numero,
1432 2180 1610 2223 tanquam

142 2247 312 2276 matrona
332 2251 353 2275 e
371 2238 560 2288 virginum
593 2237 733 2284 choro,
754 2236 892 2287 potuit.
916 2235 988 2273 Sed
1011 2235 1068 2273 bis
1097 2234 1309 2285 talibusque
1343 2237 1611 2274 controversiis

141 2303 376 2350 immoretur,
410 2303 472 2340 cui
503 2302 683 2340 vacabit:
715 2301 827 2339 nobis
850 2301 927 2351 jam
961 2309 1110 2350 tempus
1140 2307 1222 2346 est,
1255 2300 1412 2338 salutata
1448 2302 1612 2340 Evandri

142 2376 284 2416 matre,
305 2366 353 2404 ad
372 2366 464 2405 alias
484 2366 609 2404 minus
625 2365 826 2416 ambiguas
846 2365 1011 2415 sibyllas
1028 2363 1238 2403 discedere.

837 2498 924 2506 ———-

554 2577 664 2618 CAP.
683 2578 728 2616 X.
758 2579 826 2614 De·
838 2575 1032 2614 Tiburtina
1048 2576 1201 2624 Sibylla.

201 2689 291 2727 Post
312 2687 522 2726 Cumanam
540 2684 724 2735 Sibyllam
747 2692 786 2723 et
807 2698 890 2723 eam
910 2697 1023 2734 quam
1046 2683 1214 2722 Italicam
1238 2685 1396 2736 quidam
1416 2686 1614 2734 dixerunt,

150 2753 222 2790 alia
239 2753 369 2790 Romae
385 2760 423 2790 et
443 2752 481 2789 in
499 2750 609 2789 Latio
629 2750 730 2787 clara
752 2749 836 2798 suit,
858 2749 967 2799 cujus
987 2749 1108 2786 Varro
1128 2749 1321 2796 meminit,
1346 2751 1493 2789 decimo
1513 2765 1612 2798 eam,

151 2818 188 2856 id
204 2827 281 2865 est,
301 2818 434 2857 ultimo
449 2818 618 2856 omnium
642 2817 726 2854 loco
749 2828 910 2866 ponens,
927 2814 1029 2866 apud
1045 2815 1298 2863 lactantium,
1316 2816 1388 2855 loc.
1403 2816 1465 2855 cit.
1483 2833 1491 2855 :
1512 2834 1526 2850 n
1544 2817 1615 2855 Ti·-

155 2900 168 2914 n
185 2882 355 2930 burte—m,
386 2883 535 2934 inquit,
565 2881 718 2919 nomine
748 2880 981 2926 Albuncam,
1010 2893 1095 2930 qum
1120 2879 1254 2917 Tiburi
1279 2881 1418 2919 colitur
1445 2890 1487 2919 ut
1519 2882 1596 2919 Dea
1613 2912 1623 2930 ,

1413 2951 1453 2997 5.
