1752 3495
177 203 270 250 ³98
548 203 626 248 AD
661 202 1013 249 SlBYLLlNOS
1050 203 1262 248 LIBROS

175 298 326 338 duobus
356 297 597 336 duumvirum
623 298 802 336 ministris
833 298 1130 349 distinguamus,
1153 298 1219 349 qui
1245 298 1346 353 servi
1370 298 1509 349 publici
1537 302 1640 344 facile

173 371 384 414 potuerunt
407 363 480 400 emi
508 372 623 414 atque
641 363 779 401 adduci
800 378 820 401 e
848 363 1004 407 Graecia,
1027 363 1156 413 quales
1189 362 1294 400 multi
1323 363 1478 401 Romam
1507 366 1636 409 advehi

174 426 347 465 solebant
367 428 486 478 patria
509 427 634 465 Graeci
650 437 715 465 uut
734 427 864 478 gra’cis
886 427 1006 464 literis
1022 425 1174 464 imbuti.

226 492 427 530 Crescente
445 491 483 528 in
509 490 591 529 dies
610 493 758 540 collegii
778 491 1009 528 auctoritate
1029 500 1144 541 atque
1168 490 1256 528 ideo
1276 491 1562 541 augescentibus
1578 509 1637 535 ne-

173 556 297 607 gotiis,
313 555 468 593 suerunt
486 556 558 593 alia
578 556 774 606 complura
797 555 1056 593 ministrorum
1075 555 1210 592 officia.
1233 556 1348 593 lirant
1369 556 1468 593 enim
1494 557 1636 600 illorum

173 620 327 672 quidam
353 634 374 658 a
394 621 690 669 commentariis,
708 628 749 656 ut
776 619 876 670 apud
902 620 1018 658 Orell.
1035 625 1161 663 2440:
1187 637 1201 651 ο·
1222 621 1288 657 Dis
1306 619 1482 658 Manibus
1506 623 1636 673 Myrini

172 702 187 719 a
208 685 419 722 Domitiani
447 684 593 735 publici
619 698 640 722 a
660 684 941 722 commentariis
965 684 1107 724 xvvir.
1134 685 1173 721 S.
1191 685 1232 722 F.
1253 701 1267 716 »
1289 685 1345 721 De
1366 689 1637 726 commentariis

172 749 303 787 confer
317 762 431 800 supra
454 762 542 799 pag.
566 748 652 787 151.
677 749 841 786 Fuerunt
862 749 941 799 alii,
968 749 1039 785 uisi
1060 748 1236 796 fallimur,
1252 747 1299 785 ab
1318 748 1499 799 epistolis,
1516 754 1637 800 quales

173 814 208 851 iu
227 815 361 852 ceteris
377 827 530 864 quoque
547 813 714 863 collegiis
732 814 847 851 fuisse
863 814 1134 864 comperimus,
1151 821 1190 850 ut
1207 813 1243 850 in
1263 813 1423 863 collegio
1440 815 1635 864 pontificali

170 877 334 916 scribam
363 878 566 927 quemdam
595 896 608 908 =
627 876 674 913 ab
695 877 867 927 epistulis
886 895 914 924 n,
941 878 1057 917 Orell.
1079 878 1201 928 24373
1223 885 1259 914 et
1281 877 1469 915 habemus
1496 880 1632 930 episto-

172 942 290 979 larum
314 940 556 979 XVviralium
577 942 773 991 exemplar
789 954 904 991 supra
928 942 1218 992 transcriptum,
1239 955 1323 993 pag.
1347 948 1434 991 194.

222 1007 360 1050 Porro,
384 1005 556 1056 quamvis
583 1006 701 1042 servis
720 1005 888 1055 primum
908 1006 1074 1057 publiciS
1095 1007 1168 1044 hoc
1199 1006 1450 1044 ministerium
1470 1010 1636 1047 commis-

169 1084 251 1108 sum
281 1070 413 1119 suerit,
447 1078 484 1107 et
515 1070 688 1120 Myrinus
720 1070 961 1108 Domitianus
990 1071 1029 1108 in
1063 1071 1189 1122 elogio
1221 1084 1337 1121 supra
1367 1071 1481 1109 citato
1505 1073 1638 1122 publici

167 1148 308 1173 nomen
328 1134 509 1181 retineat,
535 1147 773 1185 auguresque
794 1144 833 1172 et
861 1136 1062 1185 pontifices
1088 1144 1125 1173 et
1146 1136 1377 1174 omniafere
1397 1137 1555 1188 collegia
1574 1152 1636 1189 pu-

169 1198 291 1237 blicos
306 1212 392 1236 suos
416 1197 637 1249 habuerint,
653 1212 817 1248 quorum
840 1199 1020 1250 frequens
1037 1200 1179 1237 mentio
1202 1200 1239 1236 iu
1261 1201 1529 1243 monumentis,
1553 1215 1635 1240 cave

165 1264 311 1309 credas,
331 1263 396 1313 qui
413 1262 480 1300 illo
504 1262 613 1300 titulo
632 1262 854 1310 utebantur,
877 1264 1003 1301 servili
1024 1277 1155 1301 omnes
1169 1264 1391 1301 conditione
1410 1264 1535 1302 fuisse.
1551 1266 1633 1304 Nam

168 1341 286 1378 quum
312 1327 490 1364 videatur
515 1328 705 1377 peculium
734 1328 824 1365 satis
845 1329 989 1378 grande
1019 1328 1062 1367 iis
1084 1328 1307 1367 muneribus
1327 1328 1516 1367 obeundis
1537 1344 1633 1368 cotn-

170 1391 296 1442 parari
326 1391 513 1442 potuisse,
540 1391 746 1429 verisimile
775 1401 851 1438 est,
886 1393 1074 1430 inclinatis
1110 1393 1333 1444 reipublicae
1363 1408 1405 1431 ac
1437 1397 1633 1445 praesertim

168 1457 317 1507 imperii
334 1455 580 1506 temporibus,
602 1456 800 1494 libertinos
818 1471 972 1508 quoque
988 1467 1024 1495 et
1044 1458 1230 1509 ingenuos
1249 1458 1389 1495 talibus
1409 1472 1509 1510 saepe
1533 1461 1634 1497 mini-

167 1522 290 1560 steriis
309 1531 448 1572 sponte
468 1535 534 1558 sua
553 1535 591 1559 se
609 1521 811 1560 addixisse.
836 1523 975 1560 Saltem
997 1523 1244 1573 collegiorum
1268 1523 1423 1561 libertos
1442 1537 1540 1574 saepe
1564 1524 1633 1563 liaec

165 1587 290 1626 officia
312 1588 511 1626 retinuisse
534 1596 700 1637 constat,
726 1587 854 1625 deleto
884 1601 1080 1626 servorum
1110 1589 1286 1637 nomine,
1315 1598 1493 1628 manente
1521 1590 1634 1641 publi-

164 1664 325 1690 corum:
348 1652 479 1689 confer
499 1651 702 1699 Marinum,
723 1652 771 1689 de
793 1652 855 1690 Fr.
876 1653 1020 1703 Arval.,
1043 1661 1068 1690 t.
1089 1654 1120 1700 1,
1141 1667 1178 1704 p.
1199 1659 1286 1698 214.

218 1716 283 1754 llis
309 1723 364 1753 tot
395 1716 575 1766 impensis
603 1715 836 1754 sustinendis
862 1726 986 1755 certos
1012 1717 1158 1755 reditus
1188 1719 1398 1768 assignatos
1427 1718 1541 1756 fuisse
1565 1733 1632 1756 nou

164 1789 221 1818 est
242 1778 425 1817 dubium:
448 1793 668 1830 quanquam
687 1794 757 1818 nec
775 1781 814 1818 in
835 1781 1006 1820 historiis
1021 1783 1143 1827 necin
1163 1782 1417 1820 monumentis
1437 1783 1632 1834 quidquam

164 1846 212 1883 dc
232 1859 275 1883 ea
291 1859 333 1883 rc
352 1854 525 1883 notatum
546 1846 786 1895 invenimus,
808 1856 922 1898 atque
948 1847 1036 1885 ideo
1059 1848 1153 1886 nihil
1171 1862 1241 1886 nec
1258 1848 1371 1886 nobis
1397 1848 1488 1900 ipsis
1509 1858 1634 1887 notau-

163 1909 278 1956 dum,
299 1909 372 1947 nisi
399 1910 503 1960 quod
531 1910 666 1947 ultimo
695 1911 905 1950 Theodosii
932 1911 1056 1951 edicto
1089 1912 1243 1964 publice
1269 1912 1420 1951 abolitis
1447 1915 1632 1964 gentilium

163 1976 300 2020 sacris,
336 1975 485 2025 templis
515 1975 697 2022 occlusis,
736 1984 773 2013 et
806 1990 891 2026 quae
927 1977 1157 2028 templorum
1192 1978 1366 2025 fuerant,
1396 1978 1633 2028 vectigalibus

163 2039 252 2077 fisco
271 2038 425 2086 additis,
443 2039 630 2090 supprimi
649 2040 759 2078 etiam
780 2040 969 2091 simulque
993 2041 1148 2092 spoliari
1176 2055 1329 2080 neeesse
1358 2043 1430 2080 fuit
1460 2043 1632 2081 XVvirnle

163 2103 388 2154 collegium3
406 2102 514 2153 eujus
535 2104 564 2140 si
584 2117 660 2140 non
683 2117 852 2148 munera,
871 2100 1003 2143 titulos
1020 2114 1122 2144 certo
1136 2114 1173 2144 et
1193 2106 1375 2156 honores,
1392 2106 1522 2157 quidni
1542 2106 1630 2144 bona

165 2181 318 2219 quoque
337 2176 372 2205 et
392 2167 559 2205 reditus?
572 2167 619 2205 ad
637 2168 739 2205 illum
757 2182 878 2219 usque
895 2169 1141 2207 novissimum
1159 2169 1259 2207 diem
1278 2171 1448 2221 integros
1469 2171 1634 2208 mansisse

163 2233 343 2284 colligere
361 2241 418 2270 est
437 2246 483 2270 ex
505 2233 618 2271 allato
638 2234 857 2282 Symmachi
876 2234 1023 2286 elogio,
1042 2247 1180 2285 supra,
1198 2248 1285 2286 pag.
1310 2237 1396 2285 195.

195 2489 307 2530 CAP.
327 2491 373 2530 X.
401 2491 579 2540 synopsis
603 2490 765 2528 ltistorioe
786 2491 961 2529 librorum
978 2491 1239 2541 Sibyllinorum
1256 2501 1294 2530 et
1311 2495 1453 2544 collegii
1470 2494 1613 2544 quinde-

800 2558 1011 2595 cimvirale's.

228 2685 274 2723 Et
288 2696 391 2721 nunc
408 2693 493 2736 post
507 2684 693 2723 librorum
711 2685 985 2736 Sibyllinorum
1003 2685 1225 2737 collegiique
1247 2686 1445 2726 XVviralis
1471 2687 1635 2738 comple-

173 2755 261 2796 tam,
284 2756 325 2785 ut
343 2748 549 2799 potuimus,
567 2748 781 2796 historiam,
800 2751 1020 2801 priusquam
1045 2751 1090 2788 ad
1111 2751 1205 2789 ritus
1221 2751 1260 2790 in
1282 2752 1389 2790 libris
1404 2751 1645 2790 consulendis
1673 2777 1677 2783 .

174 2814 331 2852 usitatos
351 2822 599 2864 transeamus,
624 2815 751 2855 forsan
768 2815 870 2854 haud
892 2816 1026 2855 inutile
1046 2816 1255 2866 videbitur,
1275 2819 1320 2868 si,
1340 2818 1539 2869 resumptis
1559 2829 1648 2868 quaev

172 2878 354 2916 hacteuus
383 2878 482 2916 dieta
508 2887 612 2927 suut,
637 2879 777 2918 additis
797 2893 881 2929 quae
906 2883 1061 2928 omissa,
1090 2882 1221 2931 plenos
1242 2883 1357 2920 totius
1380 2883 1432 2921 rei
1450 2882 1633 2933 Sibyllinae

1739 3342 1743 3368 ...
1739 3301 1743 3325 Δ..
1740 3229 1747 3291 ,νηυ-
