1752 3495
203 209 293 254 {74
572 208 652 252 At)
685 205 1026 252 SlBYLLlNOS
1066 204 1266 248 multos

199 305 262 344 dia
279 303 423 357 syllaba
439 311 526 342 ante
541 304 710 343 vocalem
729 317 878 343 caesurae
898 316 1008 341 causn
1031 301 1273 354 producitur,
1293 312 1378 351 quae
1399 301 1436 339 iu
1457 307 1648 351 undecimo

199 370 324 408 brevis
344 376 523 408 remanet.
550 369 591 408 ln
612 368 761 408 decimo
783 376 821 407 et
845 376 953 407 sexto
970 366 1118 404 decimo
1133 374 1150 402 t
1164 364 1276 402 linale
1298 365 1431 403 elisum
1454 377 1510 407 est
1530 364 1662 416 contra'

197 447 306 472 usum
330 433 560 481 Ennianum,
586 433 623 471 id
646 434 683 471 in
711 446 730 470 s
762 440 906 470 tantum
937 430 1213 477 admittentem,
1230 427 1296 466 sed
1326 436 1425 478 tum,
1446 444 1558 482 quum
1578 436 1650 478 haec

195 497 476 547 scribebantur,
494 510 568 534 non
590 497 680 535 satis
701 497 856 535 sortasse
878 495 1072 532 definitum
1094 508 1102 531 ε
1121 493 1317 544 vulgarem
1338 493 1473 532 Noster
1495 510 1649 547 pronun-

197 562 390 601 tiationem
418 562 455 600 in
492 561 566 600 hoc
595 574 749 613 quoque
768 567 919 598 secutus
950 558 1077 598 suerit.
1107 559 1286 608 Apollt'ne
1316 555 1374 593 bis
1396 570 1466 608 pro
1492 565 1648 611 Apollini

193 626 415 678 scripsimus
439 627 596 677 antiquo
624 639 741 663 more.
767 623 913 663 Deinde
943 626 1154 672 quottamu's
1174 621 1362 659 neminem
1387 622 1646 679 offendet,qni

192 693 430 742 quottidiana
454 691 565 729 etiam
585 688 687 742 apud
707 688 896 729 Catullum
917 687 1060 737 legerit.
1081 687 1122 724 In
1138 685 1283 736 plebei,
1303 698 1337 725 ν.
1364 687 1421 734 16,
1442 689 1561 728 media
1577 705 1645 733 non

195 756 331 794 minori
349 755 437 807 jure
456 754 685 806 producitur
708 766 822 804 quam
854 753 891 790 in
910 753 996 789 diei.
1026 751 1216 790 Pessimus
1247 758 1303 787 est
1323 763 1486 800 sequens
1513 767 1644 807 versus,

192 822 259 872 qui
282 821 390 859 sat-ile
412 821 465 858 ita
480 819 627 857 restitui
648 825 797 869 poterat
815 831 822 854 ε

348 886 445 923 Tum
463 883 520 920 bis
535 883 704 933 quinque
725 882 795 919 viri
814 894 942 933 graeco
964 880 1035 917 ritu
1053 892 1158 917 sacra
1182 879 1319 917 faxint.

191 949 265 989 Sed
287 949 379 986 nihil
399 947 619 985 mutandum
634 946 870 993 censuimus,
901 944 991 996 quia
1011 945 1046 982 iu
1068 944 1190 994 prima
1213 957 1328 991 voce,
1348 945 1493 996 ingrata
1516 947 1594 986 licet
1613 960 1644 989 et

195 1024 314 1051 metro
335 1019 586 1063 repugnante,
610 1011 735 1062 potuit
751 1011 886 1048 Noster
912 1009 986 1055 sibi
1013 1008 1235 1059 indulgere,
1256 1009 1465 1060 praesertim
1486 1024 1593 1061 quum
1613 1015 1645 1053 in

189 1081 311 1115 decem
329 1076 494 1114 secunda
512 1075 798 1127 pronuntiando
815 1074 960 1125 corripi
979 1073 1130 1112 soleret.
1146 1075 1281 1110 Hostiis
1296 1082 1421 1111 autem
1441 1087 1508 1124 pro
1522 1075 1644 1128 dissyl-

191 1142 277 1180 labo
300 1142 353 1179 uti
373 1141 522 1191 potuit,
544 1139 692 1178 duabus
716 1140 856 1177 ultimis
875 1139 1091 1187 contractis,
1113 1137 1220 1175 etsie
1251 1147 1457 1188 utcumque
1476 1141 1644 1181 conficere
1682 1135 1684 1139 ’

190 1220 352 1253 versum,
373 1206 544 1256 neglecta
570 1213 657 1242 ante
684 1205 707 1241 Ιι
738 1204 910 1242 elisione.
933 1203 1093 1242 Ultimus
1114 1215 1241 1239 vei-sus
1256 1232 1265 1249 ,
1295 1211 1335 1239 ut
1358 1203 1486 1250 licuit,
1509 1206 1643 1244 restitu-

190 1278 248 1306 tus
267 1269 452 1319 assertur3
472 1282 548 1306 non
572 1269 696 1319 placet
715 1277 839 1306 tamen
863 1277 1020 1320 propter
1036 1267 1208 1305 additum
1228 1266 1264 1303 in
1288 1268 1358 1305 line
1378 1266 1525 1316 agrumss

239 1333 311 1372 Sed
327 1334 473 1371 omissis
491 1334 570 1370 istis
593 1333 849 1384 grammaticis
876 1331 1110 1383 quisquiliis,
1131 1331 1177 1368 ad
1199 1331 1413 1368 institutum
1435 1331 1642 1382 redeamus,

186 1397 224 1434 id
243 1406 314 1446 est,
334 1396 382 1434 ad
400 1396 605 1446 Sibyllinos
631 1396 767 1443 libros,
783 1409 879 1447 quos
898 1396 936 1433 in
960 1395 1040 1433 aede
1060 1395 1180 1443 Jovis,
1199 1395 1266 1433 ubi
1284 1395 1395 1433 modo
1419 1395 1533 1433 relicti
1548 1407 1644 1434 erant

185 1462 279 1508 soli,
297 1475 398 1499 nunc
417 1461 638 1499 adventitiis
656 1460 860 1499 comitibus
883 1469 1028 1508 auctos,
1049 1459 1213 1498 incendii
1234 1460 1437 1510 Capitolini
1458 1474 1643 1499 commune

187 1529 367 1567 manebat
384 1529 556 1568 exitium.

184 1733 292 1772 CAP.
316 1732 375 1770 Vl.
397 1735 455 1769 De
472 1731 646 1769 librorum
664 1730 925 1781 SIbyllt'normn
949 1735 1218 1768 restauratione
1230 1740 1318 1780 pose
1341 1719 1546 1769 incendium
1572 1734 1639 1771 Ca-

813 1798 1026 1846 pitollmcm.

235 1924 345 1958 Anno
373 1917 421 1956 ab
445 1917 551 1958 Urbe
570 1917 726 1956 condita
746 1931 890 1955 mLxxi
904 1946 914 1965 ,
943 1917 986 1955 L.
1017 1917 1200 1968 Scipione
1234 1924 1272 1954 et
1293 1916 1335 1955 C.
1351 1917 1532 1956 Norbano
1551 1932 1638 1957 coss.

141 2028 145 2032 .
180 1987 246 2036 qui
262 1998 383 2023 annus
399 1984 513 2035 Syllae
528 1984 757 2022 dictaturam
777 1985 951 2034 proxime
964 1984 1177 2034 praecessit,
1197 1992 1349 2033 tempus
1370 1983 1493 2033 ipsum
1513 1983 1639 2021 diserte

181 2050 394 2102 assignante
417 2049 572 2097 Tacito,
599 2049 693 2088 nist.
723 2050 795 2094 111,
816 2049 926 2099 §72;
952 2048 1054 2086 bello
1076 2048 1194 2099 igitur
1207 2047 1329 2095 civili,
1348 2049 1379 2085 si
1399 2048 1447 2085 ad
1466 2048 1638 2087 Romanas

182 2124 327 2153 tantum
338 2114 546 2152 discordias
557 2122 721 2165 spectes;
733 2114 812 2152 sive
825 2113 870 2150 ad
883 2114 1070 2152 Samnites
1086 2111 1256 2150 nondum
1272 2113 1493 2159 debellatos,
1507 2113 1639 2158 sociali,

181 2188 223 2218 ut
238 2179 329 2218 alibi
341 2179 496 2218 Tacitus
508 2178 685 2227 ait3sive,
701 2167 743 2217 ist
760 2179 967 2229 Dionysius
982 2179 1203 2229 improprie,
1218 2178 1384 2216 Marsico
1399 2177 1637 2229 3Capitolium

180 2245 335 2292 exarsit,
360 2245 547 2282 incertum
577 2258 651 2296 qua
669 2244 718 2281 de
742 2257 854 2283 causa
876 2257 884 2283 :
903 2242 1113 2281 secundum
1135 2242 1334 2290 'l'acitum‚
1365 2261 1379 2275 «ι
1410 2242 1542 2279 fraude
1565 2243 1638 2293 pri-

183 2318 281 2356 vata,
304 2328 318 2342 u
344 2309 411 2347 sed
431 2308 563 2358 quidni
584 2310 744 2347 fortuito
761 2311 877 2346 casu?
897 2322 982 2359 quae
1010 2309 1179 2346 omnium
1211 2308 1512 2359 frequentissima
1538 2319 1639 2344 causa

181 2375 319 2426 saepius
341 2387 360 2411 a
389 2373 510 2412 doctis
529 2382 568 2412 et
588 2373 747 2412 curiosis
766 2374 970 2412 omittitur.

237 2440 292 2477 Eo
305 2439 391 2490 igne
400 2437 576 2488 Sibyllini
594 2439 682 2477 libri
696 2470 705 2487 ,
718 2439 890 2490 quamvis
908 2437 1098 2476 subterra
1112 2437 1275 2486 defossi,
1290 2446 1406 2488 atque
1420 2437 1472 2475 ita
1489 2438 1639 2474 maxime

180 2519 202 2543 a
233 2504 394 2542 ssnmmis
419 2503 582 2551 defensi,
602 2504 800 2551 interiere,
822 2517 960 2555 magno
987 2517 1078 2542 sane
1102 2503 1369 2554 religiosorum
1391 2502 1496 2539 luctu
1511 2531 1520 2548 ,
1540 2499 1636 2551 quod

179 2570 290 2608 simul
317 2582 401 2606 cum
432 2581 518 2606 arce
549 2569 700 2620 imperii
734 2567 976 2620 publicorum
1010 2569 1175 2606 satorum
1206 2568 1344 2619 pignus
1384 2565 1636 2604 intercidisset.

178 2635 401 2674 Communis
421 2643 543 2671 tamen
562 2634 712 2672 miseria
723 2633 888 2685 bellique
905 2634 1016 2672 simul
1038 2633 1189 2671 externi
1209 2642 1329 2671 metus
1352 2642 1497 2671 ceteros
1519 2642 1638 2669 omnes

176 2700 332 2737 dolores
348 2697 692 2749 obstupefaciebat.

230 2764 362 2801 Victor
380 2762 499 2813 Sylla,
515 2761 736 2812 cumpositis
755 2761 881 2812 bellis,
897 2770 934 2799 et
953 2761 1126 2813 quamvis
1144 2762 1287 2813 asperis
1307 2760 1499 2805 remediis,
1517 2766 1636 2796 sanato

175 2827 221 2865 ad
245 2836 393 2878 tempus
423 2826 546 2864 civilis
578 2825 777 2864 discordiae
798 2825 954 2873 morbo,
983 2825 1072 2863 dum
1096 2825 1337 2864 restitucndae
1354 2839 1417 2862 seu
1440 2823 1561 2875 potius
1580 2835 1634 2858 ar-

175 2892 291 2931 bitrio
320 2906 388 2930 suo
415 2891 690 2930 constituendae
711 2891 929 2942 reipublicae
950 2892 1116 2942 iminium
1138 2891 1320 2935 inu-mlii,
1354 2890 1466 2927 etiam
1495 2887 1634 2926 relicin-
