1686 3500
111 246 203 292 358
493 246 574 290 ΑΙ)
609 247 869 293 SlBYLLIN
877 249 949 293 OS
983 248 1194 293 LIBROS

108 341 287 380 vaticinia
306 349 394 380 sunt
413 340 544 380 brevia
562 349 676 393 atque
694 343 850 381 confusa
863 372 872 390 ‚
896 342 955 380 his
973 341 1111 380 similia
1130 355 1216 394 quae
1237 338 1356 381 modo
1372 351 1457 393 post
1481 357 1566 382 ver-

106 419 188 445 sum
209 405 283 450 433
303 404 401 445 lecta
420 413 553 455 erant,
566 405 822 457 desinuntque
838 407 877 443 in
891 404 1053 444 duarum
1074 404 1224 443 urbium
1246 406 1422 457 Sicyonis
1439 415 1476 445 ct
1492 407 1567 446 Co·

96 468 224 509 ·1·inthi
242 468 412 508 ultimam
434 468 579 509 cladem
595 500 605 518 ‚
629 479 826 522 captarum
849 483 987 522 nempe
1006 468 1054 508 ab
1079 468 1254 508 hostibus
1271 479 1308 508 et
1330 484 1413 508 cum
1433 484 1567 523 magno

103 531 241 570 civium
262 532 406 570 ululatu
427 531 681 585 tubarumque
700 533 876 584 clangore
901 534 1164 585 pereuntium,
1186 546 1225 573 v.
1252 535 1326 582 487
1351 551 1359 572 :

677 597 746 637 Καὶ
768 600 829 647 σὺ,
852 598 1018 652 Κόρινθε,

261 660 430 709 Αὗλῆσεις
452 663 508 701 ἐπὶ
527 668 649 709 πᾶσιν,
673 661 746 700 ἴσον
769 663 805 700 δὲ
826 662 990 714 βοήσεται
1009 661 1122 707 αὗλός.

103 727 189 772 Quo
208 726 246 764 in
267 739 380 765 versu
402 740 487 779 pars
510 727 620 764 etiam
639 727 719 765 haec
743 727 866 765 media
886 727 974 765 libri
997 727 1096 766 tertii
1116 726 1320 765 clauditur.

157 791 264 830 Nunc
279 791 310 830 si
329 791 374 830 ad
405 803 558 830 examen
579 804 719 838 rerum,
739 804 823 842 quae
840 791 879 829 in
899 791 970 829 liae
998 800 1103 843 parte
1122 792 1381 839 continentur,
1410 790 1567 830 acceda-

103 869 201 906 mus,
223 869 270 895 ex
290 857 412 907 iisque
443 856 620 895 carminis
649 865 842 895 auctorem
873 870 1104 908 cognoscere
1130 857 1307 903 velimus,
1329 857 1493 908 primum
1512 865 1567 895 est

100 920 157 958 illi
192 921 276 960 loco
307 921 554 959 insistendum
577 935 655 973 quo
676 930 787 972 poeta
823 922 974 961 videtur
992 936 1113 961 aevum
1134 922 1218 975 ipse
1244 936 1351 961 suum
1385 921 1562 973 prodere.

103 986 194 1025 Nam
214 996 301 1038 post
316 988 450 1025 multas
464 987 694 1026 calamitates
706 989 866 1040 [Egypto
878 988 1079 1040 praedictas
1099 988 1179 1026 baec
1193 989 1318 1035 addit,
1332 1003 1366 1027 v.
1381 988 1470 1036 3¹7·
1486 1001 1542 1038 sq.
1558 1003 1565 1024 :

256 1051 478 1103 Σιορπισμὸς
497 1051 534 1090 δέ
550 1067 587 1090 τε
606 1052 665 1090 καὶ
682 1052 824 1096 θάνατος
842 1055 900 1091 καὶ
924 1052 1022 1103 λιμὸς
1041 1051 1173 1106 ἐφέξει,

257 1113 461 1168 Ἔὸδομοὶτῃ
480 1119 580 1167 γενεῇ
602 1115 799 1168 βασιλήων,

101 1184 140 1222 id
159 1192 215 1223 est
235 1199 278 1222 :n
295 1185 491 1236 Dispersio
511 1192 548 1224 te
568 1193 605 1222 et
622 1198 723 1222 mors
745 1194 782 1223 et
801 1185 919 1223 sames
938 1184 1141 1236 occupabit
1160 1184 1319 1235 septima
1347 1197 1476 1235 regum
1503 1199 1566 1236 gc·

100 1266 115 1282 ι
132 1250 350 1296 neratione,
364 1267 379 1282 »ι
401 1262 506 1300 paene
528 1259 569 1287 ut
589 1250 625 1287 in
646 1249 812 1288 secunda
832 1257 941 1300 parte
956 1250 1140 1300 scriptum
1160 1257 1258 1296 erat,
1280 1261 1318 1286 v.
1341 1262 1427 1299 ¹9¹»
1448 1262 1533 1300 sqq.
1556 1264 1564 1287 :

529 1313 599 1352 Καὶ
619 1319 684 1356 πᾶς
705 1314 802 1358 δόλος
821 1313 959 1351 ἔσσεται
973 1314 1085 1357 αὐτοῖς

254 1378 356 1432 Ἄχρι
374 1378 458 1433 πρὸς
477 1378 673 1429 ἑόδομάτην
695 1377 905 1430 βασιληΐδα,
924 1372 965 1423 ἧς
984 1377 1200 1429 βασιλεύσει,

254 1443 430 1496 Αἰγύπτου
447 1441 622 1494 βασιλεὺς,
639 1442 674 1486 ὃς
690 1444 746 1496 ἀφ’
761 1442 941 1490 Ἑλλήνων
960 1441 1056 1495 γένος
1075 1443 1160 1491 ἕξει,

99 1517 216 1561 utque
238 1510 275 1548 iu
301 1517 438 1561 quarta
460 1517 565 1561 parte
588 1508 742 1560 legitur,
762 1521 800 1547 v.
823 1508 915 1554 608,
937 1522 1022 1559 sqq.
1043 1523 1052 1545 ε
1101 1498 1103 1500 ’

255 1571 440 1613 Ὀππόταν
458 1572 633 1625 Αἰγύπτου
655 1572 812 1624 βασιλεὺς
827 1570 900 1616 νέος
916 1571 1064 1623 ἑἘδομον
1080 1573 1173 1627 ἄρχῃ

278 1638 328 1683 ’ἧς
343 1637 429 1685 ἰδίης
444 1636 543 1687 γαίης
556 1665 567 1683 ,
591 1636 840 1690 ἀριθμούμενος
855 1636 887 1682 ἐξ
906 1636 1087 1684 Ἑλλήνων

255 1701 401 1755 Ἀρχῆς,
418 1694 459 1747 ἧς
479 1700 617 1753 ἄρξουσι
638 1700 844 1748 Μακηδόνες
863 1701 1008 1739 ἄσπετοι
1025 1700 1156 1754 ἄνδρες.

97 1769 220 1807 Porro
239 1767 339 1805 sicut
364 1766 403 1804 in
433 1765 583 1804 duabus
603 1765 737 1804 ceteris
756 1765 953 1817 partibus,
973 1767 1020 1804 ita
1044 1766 1081 1804 in
1108 1766 1179 1805 hac
1199 1779 1355 1818 quoque
1379 1768 1565 1819 septimus

97 1831 162 1870 ille
181 1844 249 1870 rex
269 1829 537 1881 intelligendus
563 1837 618 1867 cst
635 1829 864 1868 Ptolemaeus
889 1830 1152 1881 Philometor3
1182 1830 1248 1869 sed
1276 1830 1351 1869 hic·
1372 1831 1563 1883 praecipue

99 1896 309 1935 notandum
329 1895 432 1947 quod
453 1895 608 1933 additur
626 1895 664 1933 in
684 1896 772 1942 fine,
791 1909 826 1934 v.
846 1895 921 1934 3¹8
939 1909 950 1935 t

664 1959 734 1999 Καὶ
750 1960 827 2000 τότε
846 1959 964 2014 παύσῃ
977 1991 986 2009 ,

96 2045 112 2061 ι
126 2035 165 2065 et
185 2035 292 2073 tunc,
313 2026 452 2078 inquit,
468 2026 635 2074 desines,
652 2028 824 2078 AEgypte.
839 2045 853 2060 ι
871 2026 972 2074 Quid
990 2027 1161 2065 desines?
1176 2040 1278 2076 esse,
1301 2040 1349 2066 an
1372 2027 1448 2079 pati
1460 2029 1476 2066 P
1488 2029 1562 2068 Nos

94 2091 176 2130 siue
192 2091 267 2129 ulla
281 2089 523 2130 dubitatione
544 2092 655 2129 finem
677 2092 885 2137 malorum,
903 2104 981 2129 non
994 2091 1278 2143 finem-AEgypti
1299 2092 1559 2145 intelligimus.

95 2159 270 2205 Quonam
289 2157 390 2195 enim
410 2156 540 2204 modo,
567 2157 598 2195 si
618 2170 698 2195 esse
718 2166 797 2195 tum
818 2156 991 2195 desiisset
1006 2157 1206 2209 AEgyptus‚
1226 2158 1319 2196 alias
1338 2158 1477 2197 deinde
1497 2172 1559 2196 ca-

96 2222 281 2260 lamitates
304 2234 459 2273 passura
478 2220 768 2273 praediceretur,
790 2235 828 2262 v.
852 2222 941 2269 348,
959 2235 1013 2272 sq.
1032 2235 1041 2261 :

252 2283 343 2324 '1002
362 2283 448 2336 τότ’,
474 2284 649 2336 Αἰγύπτου
669 2283 765 2324 ὀλοὸν
785 2283 899 2338 γένος,
919 2284 1017 2337 ἐγγὺς
1036 2284 1198 2337 ὀλέθρου,

253 2348 325 2389 Καὶ
345 2348 417 2387 τότ’
433 2348 708 2403 Ἀλεξανδρεῦσιν
727 2349 802 2394 ἔτος
820 2349 858 2388 τὸ
875 2349 1046 2403 παρελθὸν
1067 2349 1219 2401 ἄμεινον.

93 2416 168 2456 Sed
188 2415 373 2455 habemus
397 2415 645 2467 interpretem
669 2416 782 2468 liujus
803 2416 878 2456 loci
898 2424 1092 2455 auctorem
1115 2415 1204 2455 libri
1225 2415 1348 2468 quinti
1363 2415 1558 2467 Sibyllini,

98 2491 174 2521 tum
193 2482 355 2521 maxime
373 2481 597 2531 notandum,
618 2469 735 2534 quu'm
756 2481 803 2520 ad
821 2481 1093 2535 designandam
1114 2482 1325 2535 Cleopatrae
1340 2490 1486 2521 aetatem
1507 2481 1558 2518 ita

98 2546 248 2594 scribit,
269 2546 334 2585 lib.
358 2547 402 2595 V,
417 2560 455 2588 v.
477 2547 548 2594 [057
569 2561 578 2587 τ

252 2602 381 2650 Ἔσται
400 2610 429 2648 δ’
450 2612 483 2648 ἐν
500 2609 646 2664 πέμπτῃ
661 2613 784 2664 γενεῇ,
801 2610 850 2650 ὅτ’
868 2611 1037 2650 ἐπαύσατ’
1056 2611 1190 2664 ὄλεθρος

256 2674 431 2726 Αἰγύπτου
443 2704 454 2722 ,

94 2758 108 2772 ι
128 2739 258 2783 Fient,
290 2738 434 2790 inquit,
469 2739 547 2777 liaee
576 2740 822 2790 generatione
853 2740 984 2790 quinta
1013 2748 1215 2792 postquam
1238 2739 1395 2778 desierit
1415 2739 1558 2789 AEgypti

93 2822 107 2838 n
121 2803 324 2855 pernicies.
342 2822 356 2836 »-
374 2803 557 2854 Agnoscis
571 2803 669 2841 idem
685 2802 844 2841 verbum
864 2803 1038 2842 ἐπαύσατο
1058 2804 1105 2842 de
1123 2805 1254 2842 eadem
1272 2818 1324 2849 re,
1340 2817 1418 2854 quo
1438 2803 1557 2840 minus

93 2866 244 2905 dubites
262 2875 476 2917 respectare
491 2879 530 2904 se
550 2866 709 2905 invicem
726 2866 839 2906 ambo
856 2868 970 2907 locos.
996 2871 1047 2907 Ac
1067 2882 1213 2915 revera,
1235 2868 1432 2920 quidnam,
1447 2866 1555 2905 obse·
1620 2912 1622 2915 Ι

95 2945 262 2983 eramus,
289 2932 432 2970 valeret
453 2931 567 2980 istud,
586 2930 635 2971 ὅτ’
667 2931 831 2972 ἐπαύσατ’
855 2932 991 2987 ὄλεθρος
1014 2933 1209 2984 Αἰγύπτου,
1231 2933 1277 2972 ad
1303 2931 1556 2972 deliniendum
