<?xml version="1.0" encoding="UTF-8"?>
<!DOCTYPE html PUBLIC "-//W3C//DTD XHTML 1.0 Transitional//EN"
    "http://www.w3.org/TR/xhtml1/DTD/xhtml1-transitional.dtd">
<html xmlns="http://www.w3.org/1999/xhtml" xml:lang="en" lang="en">
 <head>
  <title>
</title>
<meta http-equiv="Content-Type" content="text/html;charset=utf-8" />
  <meta name='ocr-system' content='tesseract 3.04.00' />
  <meta name='ocr-capabilities' content='ocr_page ocr_carea ocr_par ocr_line ocrx_word'/>
</head>
<body>
  <div class='ocr_page' id='page_1' title='image "./excursusadsibyll00alexuoft_0124.png"; bbox 0 0 1752 3495; ppageno 0'>
   <div class='ocr_carea' id='block_1_1' title="bbox 530 189 1445 235">
    <p class='ocr_par' dir='ltr' id='par_1_1' title="bbox 530 189 1445 235">
     <span class='ocr_line' id='line_1_1' title="bbox 530 189 1445 235; baseline -0.002 0"><span class='ocrx_word' id='word_1_1' title='bbox 530 189 832 235; x_wconf 85' lang='lat' dir='ltr'>EXCURSUS</span> <span class='ocrx_word' id='word_1_2' title='bbox 867 190 923 232; x_wconf 90' lang='lat'>11.</span> <span class='ocrx_word' id='word_1_3' title='bbox 1356 189 1445 234; x_wconf 71' lang='grc'>115</span> 
     </span>
    </p>
   </div>
   <div class='ocr_carea' id='block_1_2' title="bbox 2 283 1648 1686">
    <p class='ocr_par' dir='ltr' id='par_1_2' title="bbox 2 283 1447 398">
     <span class='ocr_line' id='line_1_2' title="bbox 2 283 1447 345; baseline -0.005 -15"><span class='ocrx_word' id='word_1_4' title='bbox 2 306 117 345; x_wconf 78' lang='lat' dir='ltr'>neque</span> <span class='ocrx_word' id='word_1_5' title='bbox 153 290 251 328; x_wconf 77' lang='lat' dir='ltr'>enim</span> <span class='ocrx_word' id='word_1_6' title='bbox 295 288 373 327; x_wconf 74' lang='lat' dir='ltr'>sine</span> <span class='ocrx_word' id='word_1_7' title='bbox 409 288 482 326; x_wconf 81' lang='lat' dir='ltr'>illis</span> <span class='ocrx_word' id='word_1_8' title='bbox 517 287 728 337; x_wconf 77' lang='lat' dir='ltr'>quidquam</span> <span class='ocrx_word' id='word_1_9' title='bbox 762 285 810 322; x_wconf 86' lang='lat' dir='ltr'>de</span> <span class='ocrx_word' id='word_1_10' title='bbox 845 285 992 335; x_wconf 78' lang='lat' dir='ltr'>privata</span> <span class='ocrx_word' id='word_1_11' title='bbox 1029 283 1257 334; x_wconf 82' lang='lat' dir='ltr'>Sibyllarum</span> <span class='ocrx_word' id='word_1_12' title='bbox 1288 284 1447 324; x_wconf 78' lang='lat' dir='ltr'>historia</span> 
     </span>
     <span class='ocr_line' id='line_1_3' title="bbox 3 358 250 398; baseline -0.036 1"><span class='ocrx_word' id='word_1_13' title='bbox 3 358 250 398; x_wconf 80' lang='lat' dir='ltr'>rescissemus.</span> 
     </span>
    </p>

    <p class='ocr_par' dir='ltr' id='par_1_3' title="bbox 2 411 1504 982">
     <span class='ocr_line' id='line_1_4' title="bbox 50 411 1448 469; baseline -0.005 -12"><span class='ocrx_word' id='word_1_14' title='bbox 50 419 290 469; x_wconf 79' lang='lat' dir='ltr'>Plilegontem</span> <span class='ocrx_word' id='word_1_15' title='bbox 317 416 363 453; x_wconf 88' lang='lat' dir='ltr'>de</span> <span class='ocrx_word' id='word_1_16' title='bbox 394 414 580 452; x_wconf 83' lang='lat' dir='ltr'>industria</span> <span class='ocrx_word' id='word_1_17' title='bbox 619 414 848 460; x_wconf 82' lang='lat' dir='ltr'>omittimus,</span> <span class='ocrx_word' id='word_1_18' title='bbox 877 412 1065 450; x_wconf 83' lang='lat' dir='ltr'>hominem</span> <span class='ocrx_word' id='word_1_19' title='bbox 1100 411 1226 461; x_wconf 81' lang='lat' dir='ltr'>inepte</span> <span class='ocrx_word' id='word_1_20' title='bbox 1256 413 1448 452; x_wconf 87' lang='lat' dir='ltr'>credulum</span> 
     </span>
     <span class='ocr_line' id='line_1_5' title="bbox 2 474 1451 529; baseline -0.007 -5"><span class='ocrx_word' id='word_1_21' title='bbox 2 495 33 524; x_wconf 86' lang='lat' dir='ltr'>et</span> <span class='ocrx_word' id='word_1_22' title='bbox 51 484 147 522; x_wconf 83' lang='lat' dir='ltr'>circa</span> <span class='ocrx_word' id='word_1_23' title='bbox 166 479 320 518; x_wconf 84' lang='lat' dir='ltr'>oracula</span> <span class='ocrx_word' id='word_1_24' title='bbox 343 478 548 529; x_wconf 78' lang='lat' dir='ltr'>praesertim</span> <span class='ocrx_word' id='word_1_25' title='bbox 570 477 840 524; x_wconf 86' lang='lat' dir='ltr'>insanientem;</span> <span class='ocrx_word' id='word_1_26' title='bbox 859 475 960 513; x_wconf 89' lang='lat' dir='ltr'>unde</span> <span class='ocrx_word' id='word_1_27' title='bbox 994 474 1086 512; x_wconf 84' lang='lat' dir='ltr'>nihil</span> <span class='ocrx_word' id='word_1_28' title='bbox 1107 474 1256 522; x_wconf 89' lang='lat' dir='ltr'>mirum,</span> <span class='ocrx_word' id='word_1_29' title='bbox 1276 476 1307 513; x_wconf 84' lang='lat' dir='ltr'>si</span> <span class='ocrx_word' id='word_1_30' title='bbox 1326 476 1451 527; x_wconf 82' lang='lat' dir='ltr'>Sibyl-</span> 
     </span>
     <span class='ocr_line' id='line_1_6' title="bbox 4 538 1453 587; baseline -0.007 0"><span class='ocrx_word' id='word_1_31' title='bbox 4 552 114 587; x_wconf 82' lang='lat' dir='ltr'>larum</span> <span class='ocrx_word' id='word_1_32' title='bbox 138 544 342 582; x_wconf 80' lang='lat' dir='ltr'>admirator</span> <span class='ocrx_word' id='word_1_33' title='bbox 361 550 398 579; x_wconf 87' lang='lat' dir='ltr'>et</span> <span class='ocrx_word' id='word_1_34' title='bbox 422 541 592 579; x_wconf 85' lang='lat' dir='ltr'>laudator</span> <span class='ocrx_word' id='word_1_35' title='bbox 607 553 774 578; x_wconf 84' lang='lat' dir='ltr'>summus</span> <span class='ocrx_word' id='word_1_36' title='bbox 793 539 949 578; x_wconf 88' lang='lat' dir='ltr'>exstitit.</span> <span class='ocrx_word' id='word_1_37' title='bbox 976 540 1010 577; x_wconf 84' lang='lat' dir='ltr'>ls</span> <span class='ocrx_word' id='word_1_38' title='bbox 1029 546 1153 576; x_wconf 87' lang='lat' dir='ltr'>autem</span> <span class='ocrx_word' id='word_1_39' title='bbox 1175 538 1283 575; x_wconf 85' lang='lat' dir='ltr'>venia</span> <span class='ocrx_word' id='word_1_40' title='bbox 1299 541 1453 577; x_wconf 90' lang='lat' dir='ltr'>omnino</span> 
     </span>
     <span class='ocr_line' id='line_1_7' title="bbox 3 603 1504 659; baseline -0.005 -9"><span class='ocrx_word' id='word_1_41' title='bbox 3 620 118 659; x_wconf 83' lang='lat' dir='ltr'>earet,</span> <span class='ocrx_word' id='word_1_42' title='bbox 137 607 239 659; x_wconf 85' lang='lat' dir='ltr'>quod</span> <span class='ocrx_word' id='word_1_43' title='bbox 271 606 385 644; x_wconf 87' lang='lat' dir='ltr'>homo</span> <span class='ocrx_word' id='word_1_44' title='bbox 405 606 507 643; x_wconf 79' lang='lat' dir='ltr'>circa</span> <span class='ocrx_word' id='word_1_45' title='bbox 540 618 616 642; x_wconf 90' lang='lat' dir='ltr'>rem</span> <span class='ocrx_word' id='word_1_46' title='bbox 649 604 959 655; x_wconf 75' lang='lat' dir='ltr'><strong>chronologicam</strong></span> <span class='ocrx_word' id='word_1_47' title='bbox 991 603 1346 652; x_wconf 74' lang='lat' dir='ltr'>exercitatissimus,</span> <span class='ocrx_word' id='word_1_48' title='bbox 1377 617 1453 642; x_wconf 90' lang='lat' dir='ltr'>non</span> <span class='ocrx_word' id='word_1_49' title='bbox 1501 622 1504 626; x_wconf 90' lang='lat'>·</span> 
     </span>
     <span class='ocr_line' id='line_1_8' title="bbox 4 666 1456 720; baseline -0.007 -6"><span class='ocrx_word' id='word_1_50' title='bbox 4 675 110 716; x_wconf 86' lang='lat' dir='ltr'>modo</span> <span class='ocrx_word' id='word_1_51' title='bbox 125 673 218 710; x_wconf 82' lang='lat' dir='ltr'>nihil</span> <span class='ocrx_word' id='word_1_52' title='bbox 237 673 287 708; x_wconf 89' lang='lat' dir='ltr'>de</span> <span class='ocrx_word' id='word_1_53' title='bbox 300 670 534 720; x_wconf 85' lang='lat' dir='ltr'>singularum</span> <span class='ocrx_word' id='word_1_54' title='bbox 561 668 792 719; x_wconf 75' lang='lat' dir='ltr'>Sibyllarum</span> <span class='ocrx_word' id='word_1_55' title='bbox 816 676 926 706; x_wconf 86' lang='lat' dir='ltr'>aetate</span> <span class='ocrx_word' id='word_1_56' title='bbox 949 666 1154 713; x_wconf 82' lang='lat' dir='ltr'>definierit,</span> <span class='ocrx_word' id='word_1_57' title='bbox 1173 666 1236 703; x_wconf 87' lang='lat' dir='ltr'>sed</span> <span class='ocrx_word' id='word_1_58' title='bbox 1258 667 1371 704; x_wconf 87' lang='lat' dir='ltr'>etiam</span> <span class='ocrx_word' id='word_1_59' title='bbox 1397 668 1456 706; x_wconf 91' lang='lat' dir='ltr'>Si-</span> 
     </span>
     <span class='ocr_line' id='line_1_9' title="bbox 5 731 1463 792; baseline -0.006 -15"><span class='ocrx_word' id='word_1_60' title='bbox 5 740 139 792; x_wconf 86' lang='lat' dir='ltr'>byllina</span> <span class='ocrx_word' id='word_1_61' title='bbox 155 735 408 774; x_wconf 85' lang='lat' dir='ltr'>diversissima</span> <span class='ocrx_word' id='word_1_62' title='bbox 425 734 576 771; x_wconf 89' lang='lat' dir='ltr'>minime</span> <span class='ocrx_word' id='word_1_63' title='bbox 596 733 815 771; x_wconf 77' lang='lat' dir='ltr'>distinxisse</span> <span class='ocrx_word' id='word_1_64' title='bbox 830 733 1024 776; x_wconf 63' lang='lat' dir='ltr'>videatur,</span> <span class='ocrx_word' id='word_1_65' title='bbox 1051 733 1103 769; x_wconf 85' lang='lat' dir='ltr'>ita</span> <span class='ocrx_word' id='word_1_66' title='bbox 1121 741 1162 769; x_wconf 88' lang='lat' dir='ltr'>ut</span> <span class='ocrx_word' id='word_1_67' title='bbox 1186 732 1292 769; x_wconf 89' lang='lat' dir='ltr'>nullo</span> <span class='ocrx_word' id='word_1_68' title='bbox 1319 731 1463 769; x_wconf 73' lang='lat' dir='ltr'>discri-</span> 
     </span>
     <span class='ocr_line' id='line_1_10' title="bbox 7 795 1474 850; baseline -0.005 -7"><span class='ocrx_word' id='word_1_69' title='bbox 7 807 98 844; x_wconf 87' lang='lat' dir='ltr'>mine</span> <span class='ocrx_word' id='word_1_70' title='bbox 116 814 215 839; x_wconf 89' lang='lat' dir='ltr'>nunc</span> <span class='ocrx_word' id='word_1_71' title='bbox 236 799 427 850; x_wconf 77' lang='lat' dir='ltr'>Erythraei</span> <span class='ocrx_word' id='word_1_72' title='bbox 444 798 642 845; x_wconf 88' lang='lat' dir='ltr'>carminis,</span> <span class='ocrx_word' id='word_1_73' title='bbox 662 811 762 835; x_wconf 91' lang='lat' dir='ltr'>nunc</span> <span class='ocrx_word' id='word_1_74' title='bbox 781 797 1024 835; x_wconf 83' lang='lat' dir='ltr'>oraculorum</span> <span class='ocrx_word' id='word_1_75' title='bbox 1045 796 1147 847; x_wconf 90' lang='lat' dir='ltr'>apud</span> <span class='ocrx_word' id='word_1_76' title='bbox 1165 795 1357 835; x_wconf 88' lang='lat' dir='ltr'>Romanos</span> <span class='ocrx_word' id='word_1_77' title='bbox 1378 797 1474 835; x_wconf 57' lang='lat' dir='ltr'>edi-⁴</span> 
     </span>
     <span class='ocr_line' id='line_1_11' title="bbox 6 860 1457 915; baseline -0.006 -8"><span class='ocrx_word' id='word_1_78' title='bbox 6 881 122 907; x_wconf 88' lang='lat' dir='ltr'>torum</span> <span class='ocrx_word' id='word_1_79' title='bbox 143 866 352 915; x_wconf 84' lang='lat' dir='ltr'>fragmenta</span> <span class='ocrx_word' id='word_1_80' title='bbox 379 864 566 913; x_wconf 78' lang='lat' dir='ltr'>proferat,</span> <span class='ocrx_word' id='word_1_81' title='bbox 594 862 705 899; x_wconf 84' lang='lat' dir='ltr'>nobis</span> <span class='ocrx_word' id='word_1_82' title='bbox 726 863 862 912; x_wconf 86' lang='lat' dir='ltr'>partim</span> <span class='ocrx_word' id='word_1_83' title='bbox 886 862 922 898; x_wconf 90' lang='lat' dir='ltr'>in</span> <span class='ocrx_word' id='word_1_84' title='bbox 951 860 1068 910; x_wconf 75' lang='lat' dir='ltr'>liujus</span> <span class='ocrx_word' id='word_1_85' title='bbox 1094 862 1306 903; x_wconf 85' lang='lat' dir='ltr'>Excursus,</span> <span class='ocrx_word' id='word_1_86' title='bbox 1323 861 1457 911; x_wconf 84' lang='lat' dir='ltr'>partim</span> 
     </span>
     <span class='ocr_line' id='line_1_12' title="bbox 7 926 753 982; baseline -0.011 -10"><span class='ocrx_word' id='word_1_87' title='bbox 7 937 38 971; x_wconf 87' lang='lat' dir='ltr'>in</span> <span class='ocrx_word' id='word_1_88' title='bbox 59 930 246 982; x_wconf 84' lang='lat' dir='ltr'>sequentis</span> <span class='ocrx_word' id='word_1_89' title='bbox 271 927 518 979; x_wconf 78' lang='lat' dir='ltr'>appendicem</span> <span class='ocrx_word' id='word_1_90' title='bbox 538 926 753 976; x_wconf 87' lang='lat' dir='ltr'>rejicienda.</span> 
     </span>
    </p>

    <p class='ocr_par' dir='ltr' id='par_1_4' title="bbox 4 991 1648 1686">
     <span class='ocr_line' id='line_1_13' title="bbox 56 991 1648 1044; baseline -0.007 -9"><span class='ocrx_word' id='word_1_91' title='bbox 56 998 140 1035; x_wconf 83' lang='lat' dir='ltr'>Erat</span> <span class='ocrx_word' id='word_1_92' title='bbox 158 1003 283 1032; x_wconf 87' lang='lat' dir='ltr'>autem</span> <span class='ocrx_word' id='word_1_93' title='bbox 306 993 522 1044; x_wconf 83' lang='lat' dir='ltr'>Phlegontis</span> <span class='ocrx_word' id='word_1_94' title='bbox 542 1001 580 1030; x_wconf 85' lang='lat' dir='ltr'>et</span> <span class='ocrx_word' id='word_1_95' title='bbox 597 991 794 1030; x_wconf 86' lang='lat' dir='ltr'>Pausaniae</span> <span class='ocrx_word' id='word_1_96' title='bbox 814 998 984 1040; x_wconf 88' lang='lat' dir='ltr'>tempore</span> <span class='ocrx_word' id='word_1_97' title='bbox 1001 1001 1113 1026; x_wconf 90' lang='lat' dir='ltr'>causa</span> <span class='ocrx_word' id='word_1_98' title='bbox 1132 1001 1207 1025; x_wconf 91' lang='lat' dir='ltr'>non</span> <span class='ocrx_word' id='word_1_99' title='bbox 1229 1001 1318 1026; x_wconf 85' lang='lat' dir='ltr'>sane</span> <span class='ocrx_word' id='word_1_100' title='bbox 1338 1002 1435 1028; x_wconf 85' lang='lat' dir='ltr'>nova</span> <span class='ocrx_word' id='word_1_101' title='bbox 1449 1018 1460 1036; x_wconf 90' lang='lat'>,</span> <span class='ocrx_word' id='word_1_102' title='bbox 1544 1000 1582 1042; x_wconf 65' lang='grc' dir='ltr'>χ</span> <span class='ocrx_word' id='word_1_103' title='bbox 1611 991 1648 1033; x_wconf 64' lang='lat'>&#39;2&#39;</span> 
     </span>
     <span class='ocr_line' id='line_1_14' title="bbox 7 1053 1458 1109; baseline -0.006 -10"><span class='ocrx_word' id='word_1_104' title='bbox 7 1061 64 1100; x_wconf 82' lang='lat' dir='ltr'>sed</span> <span class='ocrx_word' id='word_1_105' title='bbox 85 1070 161 1098; x_wconf 91' lang='lat' dir='ltr'>tum</span> <span class='ocrx_word' id='word_1_106' title='bbox 181 1058 418 1109; x_wconf 82' lang='lat' dir='ltr'>gravissima,</span> <span class='ocrx_word' id='word_1_107' title='bbox 438 1070 523 1107; x_wconf 80' lang='lat' dir='ltr'>quae</span> <span class='ocrx_word' id='word_1_108' title='bbox 539 1055 732 1105; x_wconf 81' lang='lat' dir='ltr'>Sibyllinis</span> <span class='ocrx_word' id='word_1_109' title='bbox 761 1053 862 1104; x_wconf 84' lang='lat' dir='ltr'>apud</span> <span class='ocrx_word' id='word_1_110' title='bbox 881 1053 1037 1104; x_wconf 78' lang='lat' dir='ltr'>gentiles</span> <span class='ocrx_word' id='word_1_111' title='bbox 1058 1053 1217 1090; x_wconf 88' lang='lat' dir='ltr'>multum</span> <span class='ocrx_word' id='word_1_112' title='bbox 1244 1053 1291 1090; x_wconf 86' lang='lat' dir='ltr'>de</span> <span class='ocrx_word' id='word_1_113' title='bbox 1313 1053 1458 1104; x_wconf 85' lang='lat' dir='ltr'>reliqua</span> 
     </span>
     <span class='ocr_line' id='line_1_15' title="bbox 7 1117 1460 1170; baseline -0.007 -5"><span class='ocrx_word' id='word_1_114' title='bbox 7 1124 218 1165; x_wconf 86' lang='lat' dir='ltr'>auctoritate</span> <span class='ocrx_word' id='word_1_115' title='bbox 249 1122 446 1160; x_wconf 75' lang='lat' dir='ltr'><strong>detrahere</strong></span> <span class='ocrx_word' id='word_1_116' title='bbox 474 1121 670 1158; x_wconf 82' lang='lat' dir='ltr'><strong>debuerat.</strong></span> <span class='ocrx_word' id='word_1_117' title='bbox 703 1119 856 1170; x_wconf 80' lang='lat' dir='ltr'><strong>Quippe</strong></span> <span class='ocrx_word' id='word_1_118' title='bbox 896 1126 972 1155; x_wconf 90' lang='lat' dir='ltr'>tum</span> <span class='ocrx_word' id='word_1_119' title='bbox 1003 1117 1162 1154; x_wconf 86' lang='lat' dir='ltr'>maxime</span> <span class='ocrx_word' id='word_1_120' title='bbox 1195 1117 1460 1155; x_wconf 75' lang='lat' dir='ltr'>increbuerunt</span> 
     </span>
     <span class='ocr_line' id='line_1_16' title="bbox 4 1181 1460 1243; baseline -0.006 -15"><span class='ocrx_word' id='word_1_121' title='bbox 4 1191 143 1243; x_wconf 72' lang='lat' dir='ltr'>judaica</span> <span class='ocrx_word' id='word_1_122' title='bbox 164 1201 229 1225; x_wconf 85' lang='lat' dir='ltr'>seu</span> <span class='ocrx_word' id='word_1_123' title='bbox 248 1187 451 1224; x_wconf 75' lang='lat' dir='ltr'>christiana</span> <span class='ocrx_word' id='word_1_124' title='bbox 469 1185 666 1236; x_wconf 88' lang='lat' dir='ltr'>Sibyllina,</span> <span class='ocrx_word' id='word_1_125' title='bbox 691 1184 738 1221; x_wconf 88' lang='lat' dir='ltr'>ad</span> <span class='ocrx_word' id='word_1_126' title='bbox 760 1184 1006 1234; x_wconf 83' lang='lat' dir='ltr'>profanorum</span> <span class='ocrx_word' id='word_1_127' title='bbox 1030 1181 1184 1232; x_wconf 89' lang='lat' dir='ltr'>quidem</span> <span class='ocrx_word' id='word_1_128' title='bbox 1214 1183 1460 1220; x_wconf 86' lang='lat' dir='ltr'>imitationem</span> 
     </span>
     <span class='ocr_line' id='line_1_17' title="bbox 9 1247 1462 1305; baseline -0.006 -12"><span class='ocrx_word' id='word_1_129' title='bbox 9 1251 309 1305; x_wconf 46' lang='lat' dir='ltr'>compositassod</span> <span class='ocrx_word' id='word_1_130' title='bbox 340 1251 502 1302; x_wconf 87' lang='lat' dir='ltr'>publicis</span> <span class='ocrx_word' id='word_1_131' title='bbox 530 1251 673 1288; x_wconf 81' lang='lat' dir='ltr'>insensa</span> <span class='ocrx_word' id='word_1_132' title='bbox 706 1247 977 1299; x_wconf 77' lang='lat' dir='ltr'>religionibus,</span> <span class='ocrx_word' id='word_1_133' title='bbox 1008 1247 1254 1297; x_wconf 80' lang='lat' dir='ltr'>maximisque</span> <span class='ocrx_word' id='word_1_134' title='bbox 1282 1247 1462 1285; x_wconf 81' lang='lat' dir='ltr'>adversus</span> 
     </span>
     <span class='ocr_line' id='line_1_18' title="bbox 8 1312 1463 1365; baseline -0.005 -9"><span class='ocrx_word' id='word_1_135' title='bbox 8 1319 168 1358; x_wconf 78' lang='lat' dir='ltr'>ethnicos</span> <span class='ocrx_word' id='word_1_136' title='bbox 189 1318 288 1354; x_wconf 90' lang='lat' dir='ltr'>Deos</span> <span class='ocrx_word' id='word_1_137' title='bbox 307 1316 484 1353; x_wconf 88' lang='lat' dir='ltr'>conviciis</span> <span class='ocrx_word' id='word_1_138' title='bbox 508 1314 631 1365; x_wconf 87' lang='lat' dir='ltr'>plena.</span> <span class='ocrx_word' id='word_1_139' title='bbox 654 1315 745 1360; x_wconf 84' lang='lat' dir='ltr'>Quae</span> <span class='ocrx_word' id='word_1_140' title='bbox 765 1326 841 1349; x_wconf 89' lang='lat' dir='ltr'>non</span> <span class='ocrx_word' id='word_1_141' title='bbox 869 1325 1018 1362; x_wconf 81' lang='lat' dir='ltr'>semper</span> <span class='ocrx_word' id='word_1_142' title='bbox 1038 1325 1060 1348; x_wconf 83' lang='lat' dir='ltr'>a</span> <span class='ocrx_word' id='word_1_143' title='bbox 1089 1312 1225 1349; x_wconf 87' lang='lat' dir='ltr'>ceteris</span> <span class='ocrx_word' id='word_1_144' title='bbox 1247 1312 1463 1361; x_wconf 84' lang='lat' dir='ltr'>Sibyllinis,</span> 
     </span>
     <span class='ocr_line' id='line_1_19' title="bbox 9 1377 1459 1431; baseline -0.007 -9"><span class='ocrx_word' id='word_1_145' title='bbox 9 1386 147 1423; x_wconf 81' lang='lat' dir='ltr'>diverso</span> <span class='ocrx_word' id='word_1_146' title='bbox 167 1382 255 1419; x_wconf 86' lang='lat' dir='ltr'>licet</span> <span class='ocrx_word' id='word_1_147' title='bbox 279 1380 432 1431; x_wconf 81' lang='lat' dir='ltr'>ingenio</span> <span class='ocrx_word' id='word_1_148' title='bbox 450 1380 684 1428; x_wconf 85' lang='lat' dir='ltr'>consilioque</span> <span class='ocrx_word' id='word_1_149' title='bbox 703 1378 874 1428; x_wconf 86' lang='lat' dir='ltr'>scriptis,</span> <span class='ocrx_word' id='word_1_150' title='bbox 893 1390 1089 1414; x_wconf 78' lang='lat' dir='ltr'>secernere</span> <span class='ocrx_word' id='word_1_151' title='bbox 1111 1377 1218 1414; x_wconf 86' lang='lat' dir='ltr'>facile</span> <span class='ocrx_word' id='word_1_152' title='bbox 1239 1377 1329 1423; x_wconf 86' lang='lat' dir='ltr'>suit,</span> <span class='ocrx_word' id='word_1_153' title='bbox 1351 1377 1403 1414; x_wconf 86' lang='lat' dir='ltr'>ita</span> <span class='ocrx_word' id='word_1_154' title='bbox 1422 1377 1459 1414; x_wconf 87' lang='lat' dir='ltr'>in</span> 
     </span>
     <span class='ocr_line' id='line_1_20' title="bbox 12 1440 1464 1496; baseline -0.005 -11"><span class='ocrx_word' id='word_1_155' title='bbox 12 1449 48 1486; x_wconf 84' lang='lat' dir='ltr'>iis</span> <span class='ocrx_word' id='word_1_156' title='bbox 67 1460 150 1485; x_wconf 81' lang='lat' dir='ltr'>vera</span> <span class='ocrx_word' id='word_1_157' title='bbox 178 1446 362 1496; x_wconf 86' lang='lat' dir='ltr'>falsaque,</span> <span class='ocrx_word' id='word_1_158' title='bbox 383 1457 481 1481; x_wconf 90' lang='lat' dir='ltr'>nova</span> <span class='ocrx_word' id='word_1_159' title='bbox 496 1452 533 1481; x_wconf 89' lang='lat' dir='ltr'>et</span> <span class='ocrx_word' id='word_1_160' title='bbox 551 1443 728 1493; x_wconf 84' lang='lat' dir='ltr'>antiqua,</span> <span class='ocrx_word' id='word_1_161' title='bbox 748 1442 897 1493; x_wconf 82' lang='lat' dir='ltr'>gentilia</span> <span class='ocrx_word' id='word_1_162' title='bbox 918 1440 1110 1478; x_wconf 85' lang='lat' dir='ltr'>interdum</span> <span class='ocrx_word' id='word_1_163' title='bbox 1128 1449 1164 1478; x_wconf 88' lang='lat' dir='ltr'>et</span> <span class='ocrx_word' id='word_1_164' title='bbox 1180 1440 1383 1492; x_wconf 77' lang='lat' dir='ltr'>gentilibus</span> <span class='ocrx_word' id='word_1_165' title='bbox 1402 1441 1464 1478; x_wconf 88' lang='lat' dir='ltr'>ad·</span> 
     </span>
     <span class='ocr_line' id='line_1_21' title="bbox 11 1506 1463 1559; baseline -0.003 -9"><span class='ocrx_word' id='word_1_166' title='bbox 11 1526 106 1550; x_wconf 80' lang='lat' dir='ltr'>versa</span> <span class='ocrx_word' id='word_1_167' title='bbox 121 1511 322 1549; x_wconf 79' lang='lat' dir='ltr'>commixta</span> <span class='ocrx_word' id='word_1_168' title='bbox 352 1518 472 1547; x_wconf 85' lang='lat' dir='ltr'>erant.</span> <span class='ocrx_word' id='word_1_169' title='bbox 505 1510 637 1559; x_wconf 89' lang='lat' dir='ltr'>Itaque</span> <span class='ocrx_word' id='word_1_170' title='bbox 657 1509 786 1546; x_wconf 84' lang='lat' dir='ltr'>Celsus</span> <span class='ocrx_word' id='word_1_171' title='bbox 810 1507 890 1558; x_wconf 89' lang='lat' dir='ltr'>ipse</span> <span class='ocrx_word' id='word_1_172' title='bbox 918 1506 1020 1556; x_wconf 89' lang='lat' dir='ltr'>apud</span> <span class='ocrx_word' id='word_1_173' title='bbox 1046 1506 1201 1556; x_wconf 88' lang='lat' dir='ltr'>Origen.</span> <span class='ocrx_word' id='word_1_174' title='bbox 1225 1506 1311 1550; x_wconf 82' lang='lat' dir='ltr'>vn,</span> <span class='ocrx_word' id='word_1_175' title='bbox 1348 1507 1370 1556; x_wconf 84' lang='lat'>§</span> <span class='ocrx_word' id='word_1_176' title='bbox 1392 1508 1463 1554; x_wconf 85' lang='lat'>56,</span> 
     </span>
     <span class='ocr_line' id='line_1_22' title="bbox 10 1570 1462 1628; baseline -0.005 -13"><span class='ocrx_word' id='word_1_177' title='bbox 10 1576 172 1628; x_wconf 88' lang='lat' dir='ltr'>quamvis</span> <span class='ocrx_word' id='word_1_178' title='bbox 198 1575 300 1613; x_wconf 85' lang='lat' dir='ltr'>acuti</span> <span class='ocrx_word' id='word_1_179' title='bbox 330 1575 388 1611; x_wconf 88' lang='lat' dir='ltr'>vir</span> <span class='ocrx_word' id='word_1_180' title='bbox 418 1574 581 1624; x_wconf 79' lang='lat' dir='ltr'>ingenii,</span> <span class='ocrx_word' id='word_1_181' title='bbox 608 1572 823 1623; x_wconf 84' lang='lat' dir='ltr'>oppositam</span> <span class='ocrx_word' id='word_1_182' title='bbox 851 1570 923 1609; x_wconf 87' lang='lat' dir='ltr'>sibi</span> <span class='ocrx_word' id='word_1_183' title='bbox 951 1580 1165 1608; x_wconf 75' lang='lat' dir='ltr'>nostrorum</span> <span class='ocrx_word' id='word_1_184' title='bbox 1195 1570 1462 1620; x_wconf 80' lang='lat' dir='ltr'>Sibyllinorum</span> 
     </span>
     <span class='ocr_line' id='line_1_23' title="bbox 11 1635 1462 1686; baseline -0.005 -7"><span class='ocrx_word' id='word_1_185' title='bbox 11 1641 260 1680; x_wconf 87' lang='lat' dir='ltr'>auctoritatem</span> <span class='ocrx_word' id='word_1_186' title='bbox 291 1639 434 1677; x_wconf 81' lang='lat' dir='ltr'>facetiis</span> <span class='ocrx_word' id='word_1_187' title='bbox 453 1637 607 1676; x_wconf 87' lang='lat' dir='ltr'>eludere</span> <span class='ocrx_word' id='word_1_188' title='bbox 627 1637 744 1675; x_wconf 82' lang='lat' dir='ltr'>satius</span> <span class='ocrx_word' id='word_1_189' title='bbox 769 1635 878 1674; x_wconf 81' lang='lat' dir='ltr'>(luxit</span> <span class='ocrx_word' id='word_1_190' title='bbox 900 1649 1013 1686; x_wconf 86' lang='lat' dir='ltr'>quam</span> <span class='ocrx_word' id='word_1_191' title='bbox 1045 1636 1201 1672; x_wconf 90' lang='lat' dir='ltr'>omnino</span> <span class='ocrx_word' id='word_1_192' title='bbox 1231 1635 1462 1683; x_wconf 83' lang='lat' dir='ltr'>detrectare;</span> 
     </span>
    </p>
   </div>
   <div class='ocr_carea' id='block_1_3' title="bbox 1521 1081 1678 1188">
    <p class='ocr_par' dir='ltr' id='par_1_5' title="bbox 1521 1081 1678 1188">
     <span class='ocr_line' id='line_1_24' title="bbox 1521 1081 1678 1188; baseline 0.013 -57"><span class='ocrx_word' id='word_1_193' title='bbox 1521 1098 1574 1141; x_wconf 57' lang='lat'>64</span> <span class='ocrx_word' id='word_1_194' title='bbox 1590 1083 1636 1188; x_wconf 46' lang='lat' dir='ltr'>{y</span> <span class='ocrx_word' id='word_1_195' title='bbox 1648 1081 1678 1133; x_wconf 55' lang='grc'>6)</span> 
     </span>
    </p>
   </div>
   <div class='ocr_carea' id='block_1_4' title="bbox 12 1700 1734 2859">
    <p class='ocr_par' dir='ltr' id='par_1_6' title="bbox 12 1700 1544 2079">
     <span class='ocr_line' id='line_1_25' title="bbox 12 1700 1464 1756; baseline -0.004 -12"><span class='ocrx_word' id='word_1_196' title='bbox 12 1720 123 1756; x_wconf 89' lang='lat' dir='ltr'>neque</span> <span class='ocrx_word' id='word_1_197' title='bbox 142 1719 183 1743; x_wconf 92' lang='lat' dir='ltr'>ea</span> <span class='ocrx_word' id='word_1_198' title='bbox 204 1705 368 1743; x_wconf 86' lang='lat' dir='ltr'>carmina</span> <span class='ocrx_word' id='word_1_199' title='bbox 388 1716 542 1754; x_wconf 87' lang='lat' dir='ltr'>prorsus</span> <span class='ocrx_word' id='word_1_200' title='bbox 562 1711 738 1753; x_wconf 78' lang='lat' dir='ltr'>tanquam</span> <span class='ocrx_word' id='word_1_201' title='bbox 758 1702 850 1739; x_wconf 86' lang='lat' dir='ltr'>salsa</span> <span class='ocrx_word' id='word_1_202' title='bbox 869 1700 1011 1751; x_wconf 85' lang='lat' dir='ltr'>rejecit,</span> <span class='ocrx_word' id='word_1_203' title='bbox 1028 1700 1291 1754; x_wconf 84' lang='lat' dir='ltr'>sedtanquam</span> <span class='ocrx_word' id='word_1_204' title='bbox 1311 1714 1332 1739; x_wconf 90' lang='lat' dir='ltr'>a</span> <span class='ocrx_word' id='word_1_205' title='bbox 1350 1701 1464 1739; x_wconf 85' lang='lat' dir='ltr'>Chri—</span> 
     </span>
     <span class='ocr_line' id='line_1_26' title="bbox 12 1764 1465 1821; baseline -0.003 -13"><span class='ocrx_word' id='word_1_206' title='bbox 12 1771 129 1809; x_wconf 84' lang='lat' dir='ltr'>stianis</span> <span class='ocrx_word' id='word_1_207' title='bbox 157 1774 267 1821; x_wconf 85' lang='lat' dir='ltr'>(quos</span> <span class='ocrx_word' id='word_1_208' title='bbox 291 1768 503 1819; x_wconf 87' lang='lat' dir='ltr'>Sibyllistas</span> <span class='ocrx_word' id='word_1_209' title='bbox 532 1767 613 1818; x_wconf 88' lang='lat' dir='ltr'>ipse</span> <span class='ocrx_word' id='word_1_210' title='bbox 637 1764 759 1818; x_wconf 87' lang='lat' dir='ltr'>vocat)</span> <span class='ocrx_word' id='word_1_211' title='bbox 786 1765 1038 1816; x_wconf 86' lang='lat' dir='ltr'>interpolata,</span> <span class='ocrx_word' id='word_1_212' title='bbox 1061 1765 1285 1816; x_wconf 79' lang='lat' dir='ltr'>suspicionis</span> <span class='ocrx_word' id='word_1_213' title='bbox 1308 1775 1394 1803; x_wconf 85' lang='lat' dir='ltr'>nota</span> <span class='ocrx_word' id='word_1_214' title='bbox 1415 1766 1465 1804; x_wconf 90' lang='lat' dir='ltr'>si-</span> 
     </span>
     <span class='ocr_line' id='line_1_27' title="bbox 12 1830 1462 1886; baseline -0.003 -14"><span class='ocrx_word' id='word_1_215' title='bbox 12 1837 127 1886; x_wconf 75' lang='lat' dir='ltr'>gnavit</span> <span class='ocrx_word' id='word_1_216' title='bbox 150 1850 158 1872; x_wconf 92' lang='lat'><strong>:</strong></span> <span class='ocrx_word' id='word_1_217' title='bbox 184 1835 315 1872; x_wconf 80' lang='lat' dir='ltr'>confer</span> <span class='ocrx_word' id='word_1_218' title='bbox 334 1834 380 1871; x_wconf 91' lang='lat' dir='ltr'>de</span> <span class='ocrx_word' id='word_1_219' title='bbox 401 1833 468 1870; x_wconf 86' lang='lat' dir='ltr'>hac</span> <span class='ocrx_word' id='word_1_220' title='bbox 488 1846 528 1870; x_wconf 89' lang='lat' dir='ltr'>re</span> <span class='ocrx_word' id='word_1_221' title='bbox 549 1840 719 1870; x_wconf 88' lang='lat' dir='ltr'>nostrum</span> <span class='ocrx_word' id='word_1_222' title='bbox 744 1831 830 1869; x_wconf 77' lang='lat' dir='ltr'>Exc.</span> <span class='ocrx_word' id='word_1_223' title='bbox 848 1831 906 1869; x_wconf 82' lang='lat' dir='ltr'>lv.</span> <span class='ocrx_word' id='word_1_224' title='bbox 936 1834 983 1868; x_wconf 74' lang='lat' dir='ltr'>At</span> <span class='ocrx_word' id='word_1_225' title='bbox 1008 1831 1065 1866; x_wconf 80' lang='lat' dir='ltr'>vel</span> <span class='ocrx_word' id='word_1_226' title='bbox 1095 1830 1180 1868; x_wconf 83' lang='lat' dir='ltr'>ideo</span> <span class='ocrx_word' id='word_1_227' title='bbox 1200 1830 1316 1880; x_wconf 88' lang='lat' dir='ltr'>quod,</span> <span class='ocrx_word' id='word_1_228' title='bbox 1338 1831 1462 1868; x_wconf 79' lang='lat' dir='ltr'>saten-</span> 
     </span>
     <span class='ocr_line' id='line_1_28' title="bbox 13 1895 1462 1952; baseline -0.002 -15"><span class='ocrx_word' id='word_1_229' title='bbox 13 1901 104 1939; x_wconf 85' lang='lat' dir='ltr'>tibus</span> <span class='ocrx_word' id='word_1_230' title='bbox 129 1900 299 1952; x_wconf 79' lang='lat' dir='ltr'>paganis,</span> <span class='ocrx_word' id='word_1_231' title='bbox 326 1899 476 1937; x_wconf 79' lang='lat' dir='ltr'>difficile</span> <span class='ocrx_word' id='word_1_232' title='bbox 505 1906 585 1935; x_wconf 85' lang='lat' dir='ltr'>erat</span> <span class='ocrx_word' id='word_1_233' title='bbox 619 1898 655 1934; x_wconf 92' lang='lat' dir='ltr'>in</span> <span class='ocrx_word' id='word_1_234' title='bbox 689 1897 760 1934; x_wconf 87' lang='lat' dir='ltr'>hoc</span> <span class='ocrx_word' id='word_1_235' title='bbox 788 1909 925 1947; x_wconf 79' lang='lat' dir='ltr'>genere</span> <span class='ocrx_word' id='word_1_236' title='bbox 949 1895 1156 1933; x_wconf 79' lang='lat' dir='ltr'>carminum</span> <span class='ocrx_word' id='word_1_237' title='bbox 1193 1908 1280 1933; x_wconf 88' lang='lat' dir='ltr'>vera</span> <span class='ocrx_word' id='word_1_238' title='bbox 1310 1904 1346 1933; x_wconf 88' lang='lat' dir='ltr'>et</span> <span class='ocrx_word' id='word_1_239' title='bbox 1374 1896 1462 1935; x_wconf 85' lang='lat' dir='ltr'>falsa</span> 
     </span>
     <span class='ocr_line' id='line_1_29' title="bbox 13 1957 1156 2011; baseline -0.005 -8"><span class='ocrx_word' id='word_1_240' title='bbox 13 1965 236 2011; x_wconf 86' lang='lat' dir='ltr'>discernere,</span> <span class='ocrx_word' id='word_1_241' title='bbox 255 1978 275 2002; x_wconf 88' lang='lat' dir='ltr'>a</span> <span class='ocrx_word' id='word_1_242' title='bbox 292 1963 416 2002; x_wconf 90' lang='lat' dir='ltr'>dubiis</span> <span class='ocrx_word' id='word_1_243' title='bbox 434 1962 480 2000; x_wconf 86' lang='lat' dir='ltr'>ad</span> <span class='ocrx_word' id='word_1_244' title='bbox 502 1962 678 1999; x_wconf 85' lang='lat' dir='ltr'>universa</span> <span class='ocrx_word' id='word_1_245' title='bbox 698 1959 865 2011; x_wconf 88' lang='lat' dir='ltr'>suspicio</span> <span class='ocrx_word' id='word_1_246' title='bbox 890 1957 1156 2010; x_wconf 83' lang='lat' dir='ltr'>pertendebat.</span> 
     </span>
     <span class='ocr_line' id='line_1_30' title="bbox 58 2024 1544 2079; baseline -0.005 -10"><span class='ocrx_word' id='word_1_247' title='bbox 58 2030 246 2069; x_wconf 82' lang='lat' dir='ltr'>Neminem</span> <span class='ocrx_word' id='word_1_248' title='bbox 269 2043 358 2067; x_wconf 90' lang='lat' dir='ltr'>vero</span> <span class='ocrx_word' id='word_1_249' title='bbox 379 2028 567 2066; x_wconf 87' lang='lat' dir='ltr'>credimus</span> <span class='ocrx_word' id='word_1_250' title='bbox 590 2026 692 2077; x_wconf 84' lang='lat' dir='ltr'>apud</span> <span class='ocrx_word' id='word_1_251' title='bbox 718 2025 879 2076; x_wconf 76' lang='lat' dir='ltr'>:equales</span> <span class='ocrx_word' id='word_1_252' title='bbox 900 2037 987 2062; x_wconf 84' lang='lat' dir='ltr'>suos</span> <span class='ocrx_word' id='word_1_253' title='bbox 1018 2024 1291 2074; x_wconf 85' lang='lat' dir='ltr'>Sibyllinorum</span> <span class='ocrx_word' id='word_1_254' title='bbox 1317 2033 1464 2063; x_wconf 82' lang='lat' dir='ltr'>cetero-</span> <span class='ocrx_word' id='word_1_255' title='bbox 1505 2042 1544 2079; x_wconf 51' lang='grc' dir='ltr'>(ν</span> 
     </span>
    </p>

    <p class='ocr_par' dir='ltr' id='par_1_7' title="bbox 14 2069 1734 2859">
     <span class='ocr_line' id='line_1_31' title="bbox 14 2069 1734 2146; baseline -0.003 -15"><span class='ocrx_word' id='word_1_256' title='bbox 14 2109 160 2146; x_wconf 89' lang='lat' dir='ltr'>rumque</span> <span class='ocrx_word' id='word_1_257' title='bbox 190 2095 430 2132; x_wconf 86' lang='lat' dir='ltr'>oraculorum</span> <span class='ocrx_word' id='word_1_258' title='bbox 468 2093 574 2130; x_wconf 85' lang='lat' dir='ltr'>famae</span> <span class='ocrx_word' id='word_1_259' title='bbox 605 2091 688 2141; x_wconf 82' lang='lat' dir='ltr'>plus</span> <span class='ocrx_word' id='word_1_260' title='bbox 723 2089 898 2127; x_wconf 86' lang='lat' dir='ltr'>nocuisse</span> <span class='ocrx_word' id='word_1_261' title='bbox 937 2101 1052 2138; x_wconf 84' lang='lat' dir='ltr'>quam</span> <span class='ocrx_word' id='word_1_262' title='bbox 1092 2089 1325 2136; x_wconf 83' lang='lat' dir='ltr'>Lucianum,</span> <span class='ocrx_word' id='word_1_263' title='bbox 1364 2091 1463 2130; x_wconf 85' lang='lat' dir='ltr'>Celsi</span> <span class='ocrx_word' id='word_1_264' title='bbox 1485 2069 1734 2097; x_wconf 26' lang='lat' dir='ltr'>&#39;&#39;Qucum&#39;&#39;</span> 
     </span>
     <span class='ocr_line' id='line_1_32' title="bbox 14 2153 1464 2210; baseline -0.004 -12"><span class='ocrx_word' id='word_1_265' title='bbox 14 2161 183 2207; x_wconf 84' lang='lat' dir='ltr'>amicum,</span> <span class='ocrx_word' id='word_1_266' title='bbox 213 2159 426 2210; x_wconf 79' lang='lat' dir='ltr'>pariterque</span> <span class='ocrx_word' id='word_1_267' title='bbox 453 2170 538 2194; x_wconf 88' lang='lat' dir='ltr'>cum</span> <span class='ocrx_word' id='word_1_268' title='bbox 570 2156 636 2192; x_wconf 91' lang='lat' dir='ltr'>illo</span> <span class='ocrx_word' id='word_1_269' title='bbox 670 2154 849 2192; x_wconf 86' lang='lat' dir='ltr'>adversus</span> <span class='ocrx_word' id='word_1_270' title='bbox 885 2166 1015 2190; x_wconf 89' lang='lat' dir='ltr'>omnes</span> <span class='ocrx_word' id='word_1_271' title='bbox 1045 2153 1359 2203; x_wconf 83' lang='lat' dir='ltr'>superstitiones,</span> <span class='ocrx_word' id='word_1_272' title='bbox 1386 2168 1464 2205; x_wconf 88' lang='lat' dir='ltr'>quo</span> 
     </span>
     <span class='ocr_line' id='line_1_33' title="bbox 15 2209 1466 2275; baseline -0.003 -14"><span class='ocrx_word' id='word_1_273' title='bbox 15 2227 156 2263; x_wconf 87' lang='lat' dir='ltr'>nomine</span> <span class='ocrx_word' id='word_1_274' title='bbox 183 2237 346 2275; x_wconf 83' lang='lat' dir='ltr'>paganas</span> <span class='ocrx_word' id='word_1_275' title='bbox 365 2222 662 2272; x_wconf 72' lang='lat' dir='ltr'>christianusque</span> <span class='ocrx_word' id='word_1_276' title='bbox 682 2209 1180 2271; x_wconf 26' lang='lat' dir='ltr'>religiones*confunde-bat,</span> <span class='ocrx_word' id='word_1_277' title='bbox 1205 2218 1349 2274; x_wconf 51' lang='lat' dir='ltr'>hostem</span> <span class='ocrx_word' id='word_1_278' title='bbox 1369 2232 1466 2257; x_wconf 87' lang='lat' dir='ltr'>sem-</span> 
     </span>
     <span class='ocr_line' id='line_1_34' title="bbox 17 2272 1464 2341; baseline -0.005 -13"><span class='ocrx_word' id='word_1_279' title='bbox 17 2305 75 2341; x_wconf 90' lang='lat' dir='ltr'>per</span> <span class='ocrx_word' id='word_1_280' title='bbox 97 2278 281 2328; x_wconf 84' lang='lat' dir='ltr'>armatum</span> <span class='ocrx_word' id='word_1_281' title='bbox 303 2288 605 2327; x_wconf 84' lang='lat' dir='ltr'>infensissimum.</span> <span class='ocrx_word' id='word_1_282' title='bbox 627 2287 664 2324; x_wconf 83' lang='lat' dir='ltr'>Is</span> <span class='ocrx_word' id='word_1_283' title='bbox 681 2285 778 2323; x_wconf 90' lang='lat' dir='ltr'>enim</span> <span class='ocrx_word' id='word_1_284' title='bbox 799 2285 833 2321; x_wconf 90' lang='lat' dir='ltr'>in</span> <span class='ocrx_word' id='word_1_285' title='bbox 851 2282 1068 2322; x_wconf 83' lang='lat' dir='ltr'>Alexandro</span> <span class='ocrx_word' id='word_1_286' title='bbox 1085 2272 1464 2335; x_wconf 69' lang='lat' dir='ltr'>Pseudo-propheta,</span> 
     </span>
     <span class='ocr_line' id='line_1_35' title="bbox 16 2342 1465 2404; baseline -0.004 -12"><span class='ocrx_word' id='word_1_287' title='bbox 16 2365 47 2393; x_wconf 86' lang='lat' dir='ltr'>et</span> <span class='ocrx_word' id='word_1_288' title='bbox 63 2358 96 2393; x_wconf 88' lang='lat' dir='ltr'>in</span> <span class='ocrx_word' id='word_1_289' title='bbox 115 2357 236 2394; x_wconf 53' lang='lat' dir='ltr'>Morte</span> <span class='ocrx_word' id='word_1_290' title='bbox 260 2342 545 2404; x_wconf 73' lang='lat' dir='ltr'>Peregrininon</span> <span class='ocrx_word' id='word_1_291' title='bbox 564 2342 724 2389; x_wconf 87' lang='lat' dir='ltr'>cessavit</span> <span class='ocrx_word' id='word_1_292' title='bbox 745 2350 913 2387; x_wconf 83' lang='lat' dir='ltr'>dicteriis</span> <span class='ocrx_word' id='word_1_293' title='bbox 932 2348 1140 2386; x_wconf 80' lang='lat' dir='ltr'>salsissimis</span> <span class='ocrx_word' id='word_1_294' title='bbox 1163 2348 1274 2385; x_wconf 81' lang='lat' dir='ltr'>falsos</span> <span class='ocrx_word' id='word_1_295' title='bbox 1293 2350 1350 2386; x_wconf 87' lang='lat' dir='ltr'>sui</span> <span class='ocrx_word' id='word_1_296' title='bbox 1373 2358 1465 2386; x_wconf 85' lang='lat' dir='ltr'>tem-</span> 
     </span>
     <span class='ocr_line' id='line_1_36' title="bbox 19 2414 1465 2472; baseline -0.004 -13"><span class='ocrx_word' id='word_1_297' title='bbox 19 2423 111 2472; x_wconf 84' lang='lat' dir='ltr'>poris</span> <span class='ocrx_word' id='word_1_298' title='bbox 131 2431 232 2460; x_wconf 89' lang='lat' dir='ltr'>vates</span> <span class='ocrx_word' id='word_1_299' title='bbox 249 2421 440 2472; x_wconf 76' lang='lat' dir='ltr'>exagitare</span> <span class='ocrx_word' id='word_1_300' title='bbox 455 2434 465 2466; x_wconf 90' lang='lat'>·,</span> <span class='ocrx_word' id='word_1_301' title='bbox 481 2432 632 2470; x_wconf 89' lang='lat' dir='ltr'>quoque</span> <span class='ocrx_word' id='word_1_302' title='bbox 660 2417 746 2454; x_wconf 91' lang='lat' dir='ltr'>illos</span> <span class='ocrx_word' id='word_1_303' title='bbox 771 2416 887 2466; x_wconf 83' lang='lat' dir='ltr'>magis</span> <span class='ocrx_word' id='word_1_304' title='bbox 904 2414 1080 2452; x_wconf 86' lang='lat' dir='ltr'>ridendos</span> <span class='ocrx_word' id='word_1_305' title='bbox 1104 2414 1335 2464; x_wconf 87' lang='lat' dir='ltr'>traduceret,</span> <span class='ocrx_word' id='word_1_306' title='bbox 1352 2429 1465 2466; x_wconf 88' lang='lat' dir='ltr'>paro-</span> 
     </span>
     <span class='ocr_line' id='line_1_37' title="bbox 18 2479 1467 2534; baseline -0.003 -11"><span class='ocrx_word' id='word_1_307' title='bbox 18 2482 93 2524; x_wconf 78' lang='lat' dir='ltr'>dias</span> <span class='ocrx_word' id='word_1_308' title='bbox 117 2488 159 2525; x_wconf 89' lang='lat' dir='ltr'>iis</span> <span class='ocrx_word' id='word_1_309' title='bbox 188 2487 332 2524; x_wconf 78' lang='lat' dir='ltr'>affinxit</span> <span class='ocrx_word' id='word_1_310' title='bbox 359 2484 614 2529; x_wconf 88' lang='lat' dir='ltr'>oraculorum,</span> <span class='ocrx_word' id='word_1_311' title='bbox 631 2481 824 2532; x_wconf 83' lang='lat' dir='ltr'>Sibyllinis</span> <span class='ocrx_word' id='word_1_312' title='bbox 844 2480 1008 2529; x_wconf 80' lang='lat' dir='ltr'>antiquis</span> <span class='ocrx_word' id='word_1_313' title='bbox 1029 2479 1212 2534; x_wconf 81' lang='lat' dir='ltr'>novisque</span> <span class='ocrx_word' id='word_1_314' title='bbox 1239 2480 1467 2528; x_wconf 85' lang='lat' dir='ltr'>simillimas,</span> 
     </span>
     <span class='ocr_line' id='line_1_38' title="bbox 19 2535 1465 2602; baseline -0.003 -14"><span class='ocrx_word' id='word_1_315' title='bbox 19 2566 129 2602; x_wconf 87' lang='lat' dir='ltr'>neque</span> <span class='ocrx_word' id='word_1_316' title='bbox 150 2550 434 2601; x_wconf 78' lang='lat' dir='ltr'>Aristoplianeis</span> <span class='ocrx_word' id='word_1_317' title='bbox 461 2548 672 2593; x_wconf 80' lang='lat' dir='ltr'>inferiores,</span> <span class='ocrx_word' id='word_1_318' title='bbox 698 2546 768 2583; x_wconf 86' lang='lat' dir='ltr'>nisi</span> <span class='ocrx_word' id='word_1_319' title='bbox 798 2535 835 2582; x_wconf 85' lang='lat' dir='ltr'>et</span> <span class='ocrx_word' id='word_1_320' title='bbox 859 2544 1068 2595; x_wconf 82' lang='lat' dir='ltr'>aliquando</span> <span class='ocrx_word' id='word_1_321' title='bbox 1092 2545 1250 2594; x_wconf 86' lang='lat' dir='ltr'>propius</span> <span class='ocrx_word' id='word_1_322' title='bbox 1269 2544 1315 2581; x_wconf 88' lang='lat' dir='ltr'>ad</span> <span class='ocrx_word' id='word_1_323' title='bbox 1337 2559 1465 2583; x_wconf 84' lang='lat' dir='ltr'>verum</span> 
     </span>
     <span class='ocr_line' id='line_1_39' title="bbox 19 2608 1464 2665; baseline -0.002 -13"><span class='ocrx_word' id='word_1_324' title='bbox 19 2617 243 2664; x_wconf 81' lang='lat' dir='ltr'>aecedentes3</span> <span class='ocrx_word' id='word_1_325' title='bbox 260 2628 420 2665; x_wconf 88' lang='lat' dir='ltr'>quarum</span> <span class='ocrx_word' id='word_1_326' title='bbox 442 2612 647 2664; x_wconf 82' lang='lat' dir='ltr'>specimina</span> <span class='ocrx_word' id='word_1_327' title='bbox 667 2612 703 2648; x_wconf 90' lang='lat' dir='ltr'>iu</span> <span class='ocrx_word' id='word_1_328' title='bbox 737 2611 810 2647; x_wconf 82' lang='lat' dir='ltr'>sinc</span> <span class='ocrx_word' id='word_1_329' title='bbox 838 2608 949 2659; x_wconf 82' lang='lat' dir='ltr'>liujus</span> <span class='ocrx_word' id='word_1_330' title='bbox 976 2609 1165 2659; x_wconf 55' lang='lat' dir='ltr'>Excursus</span> <span class='ocrx_word' id='word_1_331' title='bbox 1188 2620 1464 2660; x_wconf 84' lang='lat' dir='ltr'>proponentur.</span> 
     </span>
     <span class='ocr_line' id='line_1_40' title="bbox 18 2673 1466 2730; baseline -0.002 -14"><span class='ocrx_word' id='word_1_332' title='bbox 18 2683 100 2725; x_wconf 82' lang='lat' dir='ltr'>Quae</span> <span class='ocrx_word' id='word_1_333' title='bbox 128 2694 216 2718; x_wconf 88' lang='lat' dir='ltr'>sane</span> <span class='ocrx_word' id='word_1_334' title='bbox 238 2679 441 2730; x_wconf 82' lang='lat' dir='ltr'>legentium</span> <span class='ocrx_word' id='word_1_335' title='bbox 470 2679 627 2722; x_wconf 88' lang='lat' dir='ltr'>animos,</span> <span class='ocrx_word' id='word_1_336' title='bbox 643 2676 717 2713; x_wconf 81' lang='lat' dir='ltr'>illis</span> <span class='ocrx_word' id='word_1_337' title='bbox 746 2674 908 2712; x_wconf 79' lang='lat' dir='ltr'>maxime</span> <span class='ocrx_word' id='word_1_338' title='bbox 941 2673 1176 2724; x_wconf 82' lang='lat' dir='ltr'>temporibus</span> <span class='ocrx_word' id='word_1_339' title='bbox 1204 2673 1250 2710; x_wconf 87' lang='lat' dir='ltr'>ad</span> <span class='ocrx_word' id='word_1_340' title='bbox 1277 2675 1466 2713; x_wconf 79' lang='lat' dir='ltr'>fastidium</span> 
     </span>
     <span class='ocr_line' id='line_1_41' title="bbox 20 2727 1496 2789; baseline -0.001 -9"><span class='ocrx_word' id='word_1_341' title='bbox 20 2758 133 2782; x_wconf 77' lang='lat' dir='ltr'>rerum</span> <span class='ocrx_word' id='word_1_342' title='bbox 174 2745 386 2783; x_wconf 85' lang='lat' dir='ltr'>divinarum</span> <span class='ocrx_word' id='word_1_343' title='bbox 416 2743 633 2787; x_wconf 76' lang='lat' dir='ltr'>inclinatos,</span> <span class='ocrx_word' id='word_1_344' title='bbox 671 2754 746 2777; x_wconf 88' lang='lat' dir='ltr'>non</span> <span class='ocrx_word' id='word_1_345' title='bbox 788 2738 1027 2776; x_wconf 85' lang='lat' dir='ltr'>mediocriter</span> <span class='ocrx_word' id='word_1_346' title='bbox 1062 2737 1328 2789; x_wconf 85' lang='lat' dir='ltr'>impellebant:</span> <span class='ocrx_word' id='word_1_347' title='bbox 1366 2727 1496 2778; x_wconf 75' lang='lat' dir='ltr'>undel</span> 
     </span>
     <span class='ocr_line' id='line_1_42' title="bbox 19 2781 1489 2859; baseline -0.001 -15"><span class='ocrx_word' id='word_1_348' title='bbox 19 2810 267 2859; x_wconf 81' lang='lat' dir='ltr'>suspicamur,</span> <span class='ocrx_word' id='word_1_349' title='bbox 293 2808 458 2847; x_wconf 87' lang='lat' dir='ltr'>secundo</span> <span class='ocrx_word' id='word_1_350' title='bbox 487 2807 564 2857; x_wconf 88' lang='lat' dir='ltr'>jam</span> <span class='ocrx_word' id='word_1_351' title='bbox 601 2806 736 2843; x_wconf 77' lang='lat' dir='ltr'>saeculo</span> <span class='ocrx_word' id='word_1_352' title='bbox 774 2804 966 2841; x_wconf 83' lang='lat' dir='ltr'>desinente</span> <span class='ocrx_word' id='word_1_353' title='bbox 992 2813 1056 2841; x_wconf 90' lang='lat' dir='ltr'>aut</span> <span class='ocrx_word' id='word_1_354' title='bbox 1094 2803 1203 2841; x_wconf 87' lang='lat' dir='ltr'>tertio</span> <span class='ocrx_word' id='word_1_355' title='bbox 1237 2781 1489 2857; x_wconf 69' lang='lat' dir='ltr'>incipiente,l</span> 
     </span>
    </p>
   </div>
   <div class='ocr_carea' id='block_1_5' title="bbox 1489 2837 1495 2881">
    <p class='ocr_par' dir='ltr' id='par_1_8' title="bbox 1489 2837 1495 2881">
     <span class='ocr_line' id='line_1_43' title="bbox 1489 2837 1495 2881; baseline 0 0"><span class='ocrx_word' id='word_1_356' title='bbox 1489 2837 1495 2881; x_wconf 79' lang='lat' dir='ltr'>l</span> 
     </span>
    </p>
   </div>
   <div class='ocr_carea' id='block_1_6' title="bbox 20 2868 1493 2925">
    <p class='ocr_par' dir='ltr' id='par_1_9' title="bbox 20 2868 1493 2925">
     <span class='ocr_line' id='line_1_44' title="bbox 20 2868 1493 2925; baseline -0.001 -16"><span class='ocrx_word' id='word_1_357' title='bbox 20 2872 118 2911; x_wconf 78' lang='lat' dir='ltr'>tidem</span> <span class='ocrx_word' id='word_1_358' title='bbox 147 2875 387 2913; x_wconf 73' lang='lat' dir='ltr'>orm-,ntorum</span> <span class='ocrx_word' id='word_1_359' title='bbox 419 2871 690 2922; x_wconf 80' lang='lat' dir='ltr'>Sibyllinorum</span> <span class='ocrx_word' id='word_1_360' title='bbox 721 2869 822 2920; x_wconf 86' lang='lat' dir='ltr'>apud</span> <span class='ocrx_word' id='word_1_361' title='bbox 845 2869 1018 2919; x_wconf 78' lang='lat' dir='ltr'>gentiles,</span> <span class='ocrx_word' id='word_1_362' title='bbox 1038 2868 1147 2906; x_wconf 84' lang='lat' dir='ltr'>etiam</span> <span class='ocrx_word' id='word_1_363' title='bbox 1181 2870 1246 2918; x_wconf 86' lang='lat' dir='ltr'>qui</span> <span class='ocrx_word' id='word_1_364' title='bbox 1277 2871 1493 2925; x_wconf 32' lang='lat' dir='ltr'>religioni&amp;¹</span> 
     </span>
    </p>
   </div>
   <div class='ocr_carea' id='block_1_7' title="bbox 1218 2942 1259 2984">
    <p class='ocr_par' dir='ltr' id='par_1_10' title="bbox 1218 2942 1259 2984">
     <span class='ocr_line' id='line_1_45' title="bbox 1218 2942 1259 2984; baseline 0 0"><span class='ocrx_word' id='word_1_365' title='bbox 1218 2942 1259 2984; x_wconf 84' lang='grc'>8.</span> 
     </span>
    </p>
   </div>
  </div>
 </body>
</html>
