1737 3495
669 194 983 241 excunsns
1017 198 1077 243 v.
1117 219 1122 221 -
1439 249 1448 261 ³
1497 196 1588 242 333

126 292 340 336 orthodoxa
366 286 541 328 etiamne
560 287 723 338 vix-ulla
743 287 927 339 judaismi
955 288 1042 328 labe
1056 289 1210 330 inrecta.
1239 292 1405 331 Tantum
1425 290 1591 342 aliquem

127 361 243 402 habet.
257 369 345 407 erga
362 353 532 394 ,iudaeam
549 360 700 404 gentem
720 353 872 404 pietatis
889 353 1071 392 affectum
1089 353 1299 408 loeus'iste,
1320 370 1358 398 v.
1377 357 1450 402 321.
1470 370 1480 394 t

280 420 410 472 Χαῖρε,
428 415 516 470 ἁγνὴ
536 415 683 471 θύγατερ
701 415 793 458 Σιὼν
812 418 871 456 καὶ
895 417 1009 457 πολλὰ
1027 420 1201 470 παθοῦσα,

127 487 187 528 sed
203 485 241 524 id
260 497 282 522 e
296 496 379 522 saci
382 482 412 520 is
429 481 634 532 Prophetis
651 481 821 527 ductum,
841 495 884 520 ac
899 482 1055 520 minime
1074 483 1112 520 in
1130 482 1205 520 hoc
1221 491 1337 534 poeta
1354 492 1594 535 suspectum;

128 550 246 590 statim
267 548 411 600 quippe
437 546 611 585 Jndaeam
639 554 790 596 gentem
820 545 957 584 invitat
987 546 1036 584 ad
1066 546 1249 598 piistinos
1274 559 1397 585 mores
1424 547 1593 614 ritusque

128 611 389 667 deponendos,
409 623 447 650 v.
471 612 573 649 332.

279 673 370 718 Τους
386 673 575 728 προτέρους
593 675 724 714 ἀπόθου
740 704 753 725 ,

130 741 262 795 quibus
281 741 403 779 Deum
418 753 495 777 non
516 739 658 790 placari
676 748 806 790 aperte
825 737 960 787 docet,
986 752 1023 779 v.
1049 738 1138 785 334,
1155 752 1241 791 sq.:

279 804 332 844 Οὐ
352 802 419 857 γὰρ
438 808 509 846 σοῖς
529 803 657 855 ἐθίμοις
676 803 882 851 ἱλάσκεται,
904 802 982 842 οὔτε
999 804 1170 849 λιταῖσιν,

281 869 335 908 Οὐ
351 866 482 912 Ouo-ian:
501 866 665 921 προσέχει
683 871 865 922 φθαρταῖς.

134 937 175 976 Et
193 935 263 973 hoc
281 933 381 972 idem
402 933 572 985 apertius
593 934 751 971 fortasse
770 933 963 984 professus
978 941 1075 982 erat,
1103 933 1271 972 solutum
1292 932 1385 985 legis
1401 934 1595 973 vinculum

130 999 378 1054 proclamanS,
399 1011 537 1049 snpra,
554 1011 590 1039 ν.
612 999 701 1044 300,
725 1011 784 1049 sq.
802 1012 811 1036 :

280 1063 342 1106 Εἰς
360 1061 462 1101 αὐτὸν
479 1061 557 1101 τότε
579 1067 646 1105 πᾶς
660 1060 779 1100 λύεται
797 1060 900 1112 νόμος
915 1091 926 1112 ,
945 1058 1038 1104 ὅστις
1053 1061 1114 1099 ἀπ’
1134 1062 1244 1115 ἀρχῆς

279 1124 460 1178 Δόγμασιν
481 1125 669 1180 ἀνθρώπων
687 1124 788 1172 ἐδόθη
809 1123 865 1164 διὰ
887 1123 971 1163 λαὸν
991 1126 1138 1174 ἀπειθῆ,

130 1201 187 1243 nt,
207 1191 352 1230 etiamsi
381 1189 534 1229 Judaeus
559 1190 706 1242 origine
730 1189 864 1238 fuerit,
894 1198 1018 1228 tamen
1042 1190 1088 1228 ad
1116 1203 1218 1229 mere
1246 1189 1474 1231 christianos
1501 1191 1599 1230 ritus

131 1256 343 1296 convolasse
364 1269 448 1294 euni
474 1268 627 1293 necesse
650 1255 712 1292 sit.

178 1321 354 1360 Ceterum
379 1319 474 1358 nibil
493 1319 661 1358 occurrit
685 1319 723 1357 in
749 1318 823 1357 hoc
850 1319 1019 1357 carmine
1041 1319 1145 1371 quod
1174 1319 1341 1358 auctoris
1360 1319 1599 1359 domicilium

131 1385 279 1439 prodat.
294 1384 592 1424 Alexandrinum
607 1383 826 1422 subindicat
843 1383 1015 1435 quaedam
1034 1397 1227 1433 versuum,
1248 1384 1387 1435 passim
1403 1384 1598 1434 notabilis,

131 1449 329 1502 elegantia3
348 1449 465 1500 idque
490 1451 630 1487 certius
648 1450 766 1497 fieret,
789 1449 819 1487 si
839 1462 929 1487 veru
952 1458 1064 1498 esset,
1085 1463 1198 1501 qnam
1226 1463 1314 1489 mox
1339 1459 1513 1489 astruere
1529 1464 1601 1490 co·-

131 1515 316 1563 nabimnr,
343 1514 457 1566 hujus
472 1514 562 1552 libri
581 1527 667 1552 cnm
683 1514 871 1552 Prooemio
891 1514 1053 1552 affinitas
1068 1522 1106 1552 et
1123 1514 1312 1565 cognatio.

179 1581 234 1618 De
247 1587 356 1618 aetate
372 1579 514 1616 certius
530 1579 674 1630 aliquid
692 1579 935 1629 pronuntiari
954 1587 1092 1630 potest.
1115 1580 1182 1618 Est
1201 1579 1301 1616 enim
1323 1579 1517 1618 Antonino
1530 1580 1602 1619 I‘io

132 1645 307 1694 anterior,
339 1644 495 1696 qnando
517 1645 671 1683 minime
685 1644 844 1683 dubium
874 1643 995 1683 estad
1022 1645 1084 1682 illa
1122 1658 1238 1695 snpra
1258 1644 1358 1683 dicta
1386 1645 1434 1683 de
1459 1645 1602 1684 Christi

132 1710 202 1748 vita
232 1723 274 1747 ac
305 1709 496 1747 miraculis
526 1709 734 1760 respexisse
758 1709 890 1747 divum
916 1708 1131 1759 Justinnm‚
1161 1708 1324 1750 Cohort.
1355 1713 1373 1756 5
1402 1711 1449 1748 38
1477 1723 1486 1747 :
1513 1709 1603 1749 Πεί-

133 1776 251 1821 σΟητε,
271 1774 415 1825 inquit,
445 1776 489 1826 τῇ
523 1771 737 1826 ἀρχαιοτάτῃ
770 1772 833 1811 καὶ
857 1772 991 1826 σφόδρα
1019 1774 1155 1826 παλαιᾷ
1175 1772 1363 1827 ΙΣιέῗιῖιλλῃ.
1383 1768 1424 1821 ἧς
1455 1773 1514 1818 τὰς
1543 1773 1602 1827 βί-

133 1837 228 1882 ῧλους
246 1838 280 1876 ἐν
300 1837 396 1888 πάσῃ
413 1840 455 1891 τῇ
475 1837 666 1890 οὐκουμένῃ
695 1836 865 1882 σώζεσθαι
890 1836 1092 1888 συμῧαίνει,
1118 1836 1197 1890 περὶ
1219 1836 1281 1888 μὲν
1304 1839 1372 1876 τῶν
1401 1836 1601 1890 λεγομένων

134 1905 211 1941 Θεῶν
229 1904 274 1948 ὥς
293 1902 341 1954 μὴ
362 1902 469 1942 ὄντων
489 1904 558 1941 ἀπό
576 1918 666 1945 τινος
686 1903 831 1949 δυνατῆς
850 1901 1029 1946 ἐπιπνοίας
1050 1900 1106 1939 διὰ
1126 1904 1298 1955 χρησμῶν
1316 1905 1403 1955 ὑμᾶς
1422 1903 1604 1942 διδασκού·

135 1983 185 2020 σῃ·
204 1967 283 2021 περὶ
306 1967 342 2007 δὲ
370 1971 431 2016 τῆς
448 1970 507 2007 τοῦ
529 1970 691 2020 ,εωτῆρος
710 1969 812 2018 ἡμῶν
832 1967 949 2015 Ἰησοῦ
973 1968 1124 2019 Χριστοῦ
1149 1967 1508 2019 μελλούσης-ἔσεσθαι
1535 1985 1602 2007 πα-

136 2032 286 2085 ρουσίας,
304 2031 363 2071 καὶ
379 2032 457 2086 περὶ
476 2031 617 2070 πάντων
635 2033 707 2070 τῶν
731 2031 789 2069 ὑπ’
809 2031 912 2069 αὐτοῦ
932 2030 1087 2082 γίνεσθαι
1105 2031 1301 2082 μελλόντων
1322 2034 1440 2086 σαφῶς
1459 2032 1517 2071 καὶ
1536 2047 1604 2086 φα·-

134 2098 231 2148 νερῶς
249 2094 557 2149 προαναφωνούσῃ.
580 2097 622 2135 ln
647 2096 705 2133 bis
732 2095 928 2134 ,lustinum
949 2095 997 2133 ad
1024 2103 1196 2133 nostrum
1223 2095 1364 2133 librum
1384 2108 1448 2133 seu
1476 2096 1605 2147 potius

138 2159 179 2197 nd
198 2168 365 2198 nostram
394 2159 481 2198 libri
501 2159 626 2198 octavi
646 2167 792 2211 partem
812 2159 1000 2210 respicere
1027 2172 1104 2196 non
1131 2158 1351 2196 dubitamus
1365 2187 1375 2206 ,
1403 2159 1504 2210 quod
1523 2159 1606 2198 illas

93 2256 100 2263 ,
138 2223 397 2274 praedictiones
418 2223 542 2274 palam
563 2232 600 2261 et
624 2231 753 2274 aperte
771 2224 899 2271 factas,
923 2224 1040 2276 σαφῶς
1056 2221 1116 2260 καὶ
1136 2224 1304 2274 φανερῶς,
1326 2222 1373 2260 de
1393 2223 1546 2262 Christo
1561 2236 1605 2261 ac

138 2287 180 2325 de
211 2287 389 2325 omnibus
417 2301 487 2338 per
515 2287 621 2325 illum
650 2287 846 2338 gerendis,
873 2286 952 2339 περὶ
981 2285 1121 2324 πάντων
1147 2287 1216 2324 τῶν
1243 2287 1300 2324 ὑπ’
1325 2288 1430 2325 αὐτοῦ
1452 2287 1606 2338 γίνεσθαι

138 2351 340 2400 μελλόντων,
358 2364 545 2402 nusquam
573 2351 665 2389 alias
693 2351 733 2389 in
753 2350 951 2400 Sibyllinis
974 2349 1224 2397 inveniamus,
1252 2350 1323 2387 nisi
1349 2350 1453 2389 libro
1483 2351 1513 2398 1,
1540 2350 1607 2402 qui

138 2414 284 2453 Justino
314 2414 415 2452 haud
441 2414 559 2452 dnbie
590 2415 781 2453 recentior
807 2423 865 2452 est
894 2422 932 2452 et
961 2428 1135 2466 magnam
1167 2423 1316 2465 partem
1347 2428 1395 2453 ex
1415 2416 1488 2454 hoc
1521 2415 1606 2466 ipso

139 2485 269 2517 octavo
288 2478 388 2516 libro
415 2478 648 2529 desumptus.

186 2542 336 2593 Sibyllae
364 2551 488 2580 autem
519 2543 809 2593 antiquissimae.
832 2541 1047 2595 ἀρχαιοτάτῃ
1067 2540 1126 2580 καὶ
1145 2539 1236 2579 πάνυ
1263 2543 1422 2595 παλαιᾷ,
1441 2541 1511 2579 ista
1534 2541 1607 2579 tri-

140 2605 218 2644 buit
235 2608 433 2653 Justinns,
461 2606 565 2657 quod
597 2609 718 2658 ipsam
739 2620 760 2644 a
780 2606 992 2657 Babylonia
1016 2619 1081 2643 sen
1102 2605 1277 2643 Chaldaea
1299 2618 1374 2643 non
1396 2599 1609 2656 distingne-

141 2678 208 2719 ret,
228 2684 341 2722 quam
369 2659 483 2710 etiam
503 2672 550 2711 ab
571 2671 725 2722 Assyria
745 2671 884 2709 Cumas
909 2670 1059 2708 venisse
1077 2669 1280 2718 credebat,
1300 2670 1426 2708 onmia
1453 2669 1609 2708 turbans

142 2741 249 2785 atque
270 2735 509 2774 confundens
526 2737 607 2788 (cfr.
627 2737 720 2775 Exc.
741 2736 771 2781 l,
795 2749 877 2786 cap.
897 2748 916 2783 7
938 2743 974 2772 et
998 2732 1204 2787 15),l101n0
1225 2747 1314 2772 sane
1337 2747 1470 2786 parum
1487 2733 1609 2772 critici

142 2795 299 2848 ingenii3
318 2800 380 2839 vix
403 2808 527 2839 tamen
545 2813 630 2839 eum
650 2798 838 2838 credimus
856 2807 997 2837 tantam
1017 2798 1259 2850 antiquitatis
1286 2798 1432 2837 laudem
1453 2797 1610 2836 carmini

144 2869 268 2899 nostro
296 2876 565 2902 concessurum
592 2863 722 2909 fnisse,
755 2862 784 2899 si
805 2875 938 2900 recens
956 2861 1083 2900 adbuc
1111 2870 1149 2899 et
1177 2870 1389 2901 atramento
1417 2860 1610 2900 madidum
