1752 3495
249 201 338 246 194
627 195 708 239 An
743 181 1081 241 sissY1.1.1Nos
1116 195 1327 240 LIBROS

245 295 331 341 Iam,
352 305 469 344 quum
485 290 544 329 vet
571 289 641 341 ipsi
663 288 841 328 dictatori
860 303 955 341 opus
975 290 1086 328 fuerit
1102 290 1271 340 ipsorum
1292 289 1501 328 ministerio
1519 292 1564 330 ad
1587 294 1686 336 dedi-

242 357 400 396 eandam
431 355 472 393 in
500 354 612 394 Circo
646 353 830 392 Flaminio
870 353 1045 392 Herculis
1072 352 1210 399 aedem,
1243 366 1377 403 quam,
1415 362 1509 391 teste
1539 355 1686 408 Ovidio,

242 423 339 461 Fast.
357 421 425 467 vt,
441 432 478 457 v.
496 431 582 464 210,
599 431 698 469 sqq.‚
719 416 1059 468 Sibyllinisjussis‚
1082 416 1253 455 nondum
1277 417 1392 468 igitur
1421 418 1566 457 amissis
1592 421 1686 464 libris

238 495 353 537 atque
371 484 459 523 ideo
477 491 565 522 ante
580 483 773 521 incensum
790 481 1034 532 Capitolium,
1052 489 1223 519 voverat.

289 550 346 587 Ita
361 549 461 586 illius
478 546 626 598 collegii
643 559 797 592 munus,
818 553 860 582 ut
876 545 1002 582 omnia
1015 543 1146 583 Romae
1166 543 1400 591 sacerdotia,
1416 546 1552 595 partim
1572 549 1683 599 civile,

235 613 374 665 partim
395 611 611 663 religiosum
631 611 702 648 fuit
718 625 726 647 :
741 609 851 647 civile
872 608 1050 658 quidem,
1072 608 1176 659 quod
1193 608 1444 654 adlibrorum
1463 623 1591 649 curam
1606 618 1684 654 atti-

236 674 678 726 net3religiosum,quod
691 672 737 711 ad
748 685 868 711 sacra.
883 673 980 710 Hinc
993 673 1076 723 ipso
1094 673 1248 710 nomine
1258 675 1464 710 sacerdotes
1480 674 1564 713 illos
1583 690 1681 719 vocat

237 740 370 779 Cicero
388 740 427 777 in
439 740 596 778 Verrem
614 737 661 774 de
676 736 814 786 Signis,
830 736 988 783 Ioc.cit.‚
1007 745 1043 773 et
1063 736 1215 773 eosdem
1235 737 1429 784 antistites,
1445 737 1492 774 de
1508 738 1627 779 Divin.
1640 743 1681 791 11,

237 806 260 856 §
279 805 326 848 54
339 819 350 852 ;
365 804 555 853 pontifices
571 814 677 845 vero,
693 800 779 837 licet
794 799 1018 850 improprie,
1035 799 1170 850 Ulpius
1186 800 1362 850 Syllanus
1378 800 1414 837 in
1436 811 1568 840 senatu
1582 806 1681 847 verba

235 868 378 906 faciens
408 866 511 918 apud
525 865 754 915 Vopiscum,
774 864 906 903 Aurel.
929 863 1002 901 loc.
1026 863 1104 910 cit.,
1132 872 1168 900 et
1193 863 1425 901 Claudianus
1456 865 1493 901 in
1516 865 1679 921 Eiitrop„

235 931 302 972 lib.
323 933 362 982 1,
387 944 423 969 v.
447 943 504 968 ιι.
533 927 645 980 Apud
667 927 829 967 Gellium
846 955 857 973 ‚
879 926 945 965 lib.
968 928 1016 965 lv
1033 957 1044 974 ,
1065 940 1147 978 cap.
1170 941 1202 975 1,
1221 927 1503 978 quindecimvir
1524 939 1577 968 est
1602 947 1680 971 «ar.
1705 922 1710 929 ⁷

225 1014 240 1030 ο
261 995 359 1034 biter
377 1002 489 1044 atque
512 993 700 1043 interpres
720 991 873 1042 Sibyllce
902 991 1157 1029 oraculorum.
1173 1008 1189 1024 υ
1209 992 1339 1030 Livius
1368 993 1479 1030 etiam
1503 993 1679 1037 tribunum

233 1058 356 1111 plebis
371 1057 518 1096 inducit
538 1056 592 1094 sic
611 1069 675 1093 eos
696 1055 734 1093 in
754 1055 938 1093 concione
961 1054 1200 1092 delinien'tem
1214 1083 1224 1102 ,
1243 1054 1308 1093 lib.
1326 1056 1374 1102 X,
1393 1056 1414 1106 S
1436 1056 1458 1094 8
1476 1069 1484 1095 :
1499 1074 1514 1091 «
1534 1059 1678 1099 Decem-

234 1140 251 1158 ι
268 1123 370 1162 viros
388 1121 503 1160 sacris
528 1118 728 1166 faciendis,
749 1119 958 1157 carminum
979 1118 1132 1169 Sibyllae
1159 1131 1201 1156 ac
1222 1119 1388 1157 fatorum
1421 1121 1556 1172 populi
1582 1123 1678 1175 liujus

230 1205 246 1223 ιι
262 1187 508 1238 interpreteS,
527 1183 715 1222 antistites
727 1183 891 1221 'cosdem
913 1183 1146 1233 Apollinaris
1174 1184 1291 1231 sacri,
1317 1184 1677 1240 caerimoniarumque

229 1269 244 1286 a
261 1252 462 1290 almum.-
478 1250 588 1288 necte
606 1247 731 1285 omnia
746 1278 756 1294 ,
776 1247 874 1285 sicut
887 1260 934 1285 ex
952 1247 997 1285 iis
1019 1255 1166 1285 constat
1184 1261 1269 1298 quae
1283 1248 1362 1299 jam
1381 1249 1483 1287 dicta
1502 1260 1599 1298 sunt,
1618 1267 1677 1291 ina.-

229 1315 363 1366 gisque
378 1327 398 1351 e
411 1310 662 1363 sequentibus
680 1311 891 1360 constabit,
911 1311 982 1348 nisi
996 1312 1100 1362 quod
1120 1313 1340 1363 Apollinare
1353 1326 1502 1351 sacrum
1523 1316 1675 1356 nondum

229 1392 347 1431 quum
364 1378 445 1415 haec
464 1376 639 1415 tribunus
659 1375 890 1414 declamasse
913 1376 1081 1426 fingitur,
1097 1377 1313 1414 institutum
1334 1387 1414 1416 erat
1432 1379 1578 1428 (confer
1595 1380 1675 1420 insi-a

228 1457 312 1495 cap.
331 1443 416 1492 13),
431 1440 535 1492 quod
551 1449 681 1491 postea
699 1439 789 1479 huic
808 1439 968 1491 collegio
986 1441 1185 1492 proprium
1203 1454 1427 1492 summeque
1443 1442 1674 1484 honorificum

229 1509 312 1547 fuit.
334 1505 545 1557 Majoribus
563 1517 654 1542 vero
675 1504 896 1542 sacerdotiis
924 1505 1288 1552 annumerabantur,
1317 1507 1431 1546 Dion.
1451 1509 1564 1556 Cass„
1588 1509 1673 1556 LIIl;

232 1570 333 1609 unde
350 1570 496 1616 Cicero,
511 1569 560 1606 de
577 1568 717 1619 Signis,
735 1569 806 1607 loc.
823 1568 889 1607 cit.
908 1583 916 1606 τ
936 1586 951 1602 α
971 1569 1027 1606 Ex
1044 1569 1276 1620 amplissimo
1293 1571 1452 1622 collegio
1471 1571 1646 1612 XVvirali.
1663 1593 1673 1608 .

232 1635 290 1674 Ex
304 1634 349 1672 iis
364 1633 494 1683 itaque
513 1632 680 1682 collegiis
703 1632 876 1678 suerunt,
897 1631 944 1669 de
964 1631 1104 1682 quibus
1124 1633 1204 1683 lege
1225 1634 1392 1672 Domitia
1415 1645 1568 1673 cautum
1595 1639 1673 1684 fuit,

231 1710 330 1735 anno
342 1695 797 1746 ncu,Mari0111cos.,ut
812 1709 930 1745 quum
942 1704 1053 1733 antea
1061 1697 1232 1747 cooptari
1241 1697 1407 1736 solerent
1418 1698 1563 1751 (confer
1576 1701 1673 1751 inpri-

229 1762 300 1800 mis
319 1761 488 1807 Livium,
501 1759 586 1807 XL,
606 1760 627 1809 §
645 1759 725 1810 42),
744 1759 921 1811 deinceps
943 1761 1074 1811 populi
1091 1761 1255 1799 comitiis
1276 1762 1425 1801 tributis
1446 1774 1670 1804 crearentur:

229 1838 311 1877 quae
325 1825 386 1863 Iex
401 1838 469 1876 per
479 1824 620 1874 Syllam
639 1824 862 1862 dictatorem
879 1825 1072 1875 paulisper
1092 1822 1295 1876 abrogata,
1315 1827 1453 1866 deinde
1474 1842 1543 1879 per
1560 1829 1670 1867 Labie·

231 1901 322 1926 num
344 1886 539 1925 tribunum
552 1914 562 1933 ,
578 1885 762 1924 Cicerone
779 1885 935 1924 consule
947 1914 957 1933 ,
981 1886 1154 1924 restituta
1173 1896 1253 1933 est,
1270 1887 1383 1929 Dion.
1402 1889 1586 1941 XXXVII,
1601 1895 1618 1938 3
1634 1892 1668 1939 37

229 1953 375 2006 (confer
389 1952 477 1992 Coel.
495 1952 541 1990 ad
562 1952 642 1991 Cic.
661 1951 726 1990 lib.
745 1952 846 1999 vm,
859 1952 968 2004 epist.
987 1954 1040 2004 1.),
1058 1953 1178 1992 donec
1191 1954 1272 2005 lege
1283 1956 1386 2006 regia
1407 1956 1474 2006 per
1488 1957 1670 2008 imperato·

226 2028 285 2053 res
293 2015 380 2066 eligi
390 2014 502 2065 coepti
515 2022 616 2060 suut,
630 2013 742 2051 Dion.
756 2013 816 2060 LI,
832 2017 925 2061 §aa
936 2014 1018 2053 Alia
1030 2027 1123 2052 vero
1135 2015 1282 2054 minora
1290 2017 1499 2055 sacerdotia
1510 2019 1669 2057 nonnulla

228 2078 299 2117 sub
310 2091 439 2117 eorum
451 2090 543 2116 cura
560 2077 674 2114 fuisse
685 2085 846 2125 constat,
866 2087 909 2116 ut
922 2078 1226 2131 Dendroplioros
1237 2080 1418 2129 Puteolis,
1438 2082 1553 2120 Orell.
1566 2083 1666 2120 2385:

226 2160 240 2176 a
256 2141 528 2193 Dendropho‘ri
542 2141 677 2188 curati,
707 2144 773 2192 qui
799 2150 889 2180 sunt
907 2142 977 2180 sub
998 2156 1087 2181 cura
1104 2132 1168 2182 X'v
1183 2144 1253 2182 vir.
1279 2145 1317 2183 S.
1336 2145 1374 2184 F.
1390 2164 1404 2179 υ
1417 2175 1428 2192 ,
1451 2155 1489 2184 et
1509 2147 1666 2184 sacerdo-

222 2207 318 2245 tium
337 2205 471 2244 Matris
492 2207 580 2244 Deae
601 2205 748 2253 Cumis,
769 2205 816 2244 de
841 2219 919 2257 quo
938 2207 1106 2258 ipsorum
1138 2217 1195 2246 est
1214 2209 1394 2260 epistola,
1418 2210 1536 2250 Orell.
1557 2212 1662 2249 2263:

223 2288 241 2307 ι
257 2267 430 2324 XV[viri]
445 2270 485 2308 S.
503 2269 541 2307 F.
559 2268 774 2321 pr[aesectis]
787 2278 824 2308 et
844 2270 1123 2321 magistratibus
1142 2272 1334 2322 Cumanis,
1351 2275 1416 2313 sal.
1433 2275 1526 2313 Cum
1545 2289 1589 2312 ex
1604 2275 1666 2324 cpi-

226 2353 241 2369 «
257 2336 354 2374 stola
369 2342 496 2373 vestra
513 2334 803 2384 cognoverimus
823 2348 968 2374 creasse
982 2349 1050 2374 vos
1063 2337 1299 2376 sacerdotem
1324 2339 1456 2378 Matris
1472 2342 1588 2378 Deum
1612 2339 1666 2377 Li-

226 2400 401 2439 ·cinium
430 2398 645 2438 Secundum
674 2399 713 2437 in
733 2399 860 2438 locum
889 2399 1038 2439 Claudii
1055 2401 1232 2440 Restituti
1260 2402 1454 2453 defuncti,
1478 2403 1664 2442 secundum

227 2482 242 2500 ιι
257 2465 488 2503 voluntatem
502 2471 664 2502 vestram
674 2464 916 2515 permisimus
933 2465 968 2503 ei
986 2479 1129 2505 occavo
1143 2475 1181 2506 et
1195 2481 1336 2506 corona
1347 2498 1358 2519 ,
1373 2468 1567 2507 dumtaxat
1584 2468 1664 2505 intra

227 2547 242 2562 ιι
257 2530 348 2567 fines
364 2528 523 2567 coloniae
539 2537 694 2577 vestrae,
719 2529 790 2566 uti.
808 2529 991 2581 Optamus
1008 2544 1076 2569 vos
1093 2531 1190 2570 bene
1209 2533 1343 2571 valere.
1363 2535 1524 2572 Pontius
1542 2531 1664 2572 Gavius

228 2593 441 2632 «Maximus
460 2606 531 2645 pro
558 2593 737 2644 magistro
764 2594 994 2646 subscripsi,
1013 2595 1098 2635 XVI
1122 2597 1198 2635 kal.
1233 2597 1439 2649 septembr.
1459 2599 1508 2636 M.
1526 2596 1663 2637 Umbrio

227 2675 245 2691 ι
259 2658 408 2706 Primo,
429 2657 503 2695 Tit.
525 2657 694 2696 Coeliauo
719 2671 828 2707 coss.‚
844 2676 859 2693 ι»
875 2659 1045 2698 suffectis
1065 2673 1201 2712 nempe
1231 2662 1451 2700 consulibus
1472 2674 1568 2701 anno
1593 2665 1664 2710 post

227 2722 316 2762 Chr.
335 2723 422 2772 289,
437 2720 508 2759 sub
537 2722 786 2761 Diocletiano.
820 2724 874 2762 Ea
903 2724 974 2762 fuit
996 2724 1339 2775 quindecimvirum
1369 2727 1407 2764 in
1438 2726 1550 2765 rebus
1567 2722 1662 2762 sacris

225 2786 446 2826 auctoritas.
468 2784 703 2824 Fruebantur
719 2786 785 2825 illo
801 2787 948 2827 honore
963 2802 1032 2840 per
1052 2797 1170 2828 totum
1198 2791 1267 2828 aevi
1291 2791 1502 2838 decursum,
1525 2789 1576 2828 διὰ
1589 2788 1660 2839 βίαν,

226 2852 382 2902 Dionys.
395 2850 476 2890 Hal.
494 2850 519 2890 l.
540 2851 602 2889 cit.
617 2851 758 2890 Militiae
772 2865 1006 2904 onerumque
1021 2853 1263 2905 publicorum
1277 2865 1449 2908 expertes
1468 2855 1550 2909 ipsi,
1568 2851 1659 2896 ibid-3
