1752 3495
635 215 933 261 EXCURSUS
970 218 1002 260 l.
1063 266 1066 269 ,
1480 219 1539 262 33

84 320 211 356 rianus
247 317 296 356 ab
328 313 522 355 Eustathio
553 312 688 350 citatus
724 312 770 350 ad
812 314 923 352 Iliad.
957 311 992 358 6,
1027 313 1101 356 ὃιί.
1123 326 1131 349 =
1153 309 1324 366 Ἀῤῥιανός
1355 328 1458 366 φησιν
1488 314 1539 352 ὅτι

79 381 253 435 Δάρδανος
272 382 310 419 ἐκ
325 379 444 428 Σάμου
461 379 522 421 τῆς
536 376 693 429 Θρᾳκίας
714 375 820 415 ἐλθὼν
840 378 901 420 τὰς
919 379 978 415 τοῦ
993 375 1150 428 Τεύκρου
1171 376 1538 429 βασιλέωςὊυ-(ατέρας

81 445 189 496 ἔγημε
209 442 316 493 Νησὼ
331 442 387 481 καὶ
407 440 571 486 Βάτειαν,
593 440 651 478 καὶ
669 443 707 479 ἐκ
729 439 792 492 μὲν
811 443 873 486 τ’ἧς
890 442 1026 488 Νησοῦέ
1042 436 1083 488 ἦν
1104 442 1199 493 αὐτῷ
1215 441 1363 494 θυγάτηρ
1384 441 1541 482 Σίὸυλλα
1576 476 1578 479 .

80 513 101 556 ἡ
124 508 266 560 μάντις,
287 500 395 560 ἀφ’-ἦς
421 503 481 541 καὶ
501 503 604 541 ἄλλαι
627 510 784 552 γυναῖκες
803 504 882 542 ὅσαι
912 503 1065 554 ἐγένοντο
1084 503 1270 554 gummi,
1293 506 1358 557 οὐχ
1386 508 1432 549 ὡς
1456 506 1541 558 πρὸς

82 572 229 624 αἵματος
260 572 345 621 αὐτῇ
372 562 490 611 οὖσαι,
523 567 612 605 ἀλλὰ
650 567 707 606 διὰ
731 564 795 615 ’τὴν
824 568 1001 621 θεοφορίαν
1029 572 1199 621 τυχοῦσαι
1230 570 1290 614 τῆς
1318 569 1540 616 ἐπικλήσεως.

81 638 137 676 En
160 637 227 674 tibi
246 647 332 674 sane
355 633 520 681 'l'rOJ'ana
540 630 684 681 Sibylla
701 645 722 669 a
747 631 962 670 Mermessia
984 631 1250 677 diversissima,
1270 632 1349 668 sive
1369 642 1543 682 parentes

82 701 278 750 utriusque
294 697 373 735 sive
391 702 537 732 aetatem
555 704 716 745 spectes.
736 695 1006 746 Antiquissima
1022 709 1134 733 sane:
1151 696 1294 746 quippe
1311 696 1402 747 ipsis
1420 696 1544 747 Trojae

80 764 196 802 initiis
214 775 318 814 paene
335 772 492 811 suppar.
514 758 572 797 Ad
591 772 703 810 quam
727 760 937 810 respexisse
958 759 1137 796 videntur
1155 759 1219 810 qui
1241 759 1422 810 Sibyllam
1449 760 1545 811 Ery·

84 828 234 865 tliraeam
251 825 382 871 Trois,
401 824 498 874 regis
518 824 699 872 Trojani,
729 824 967 875 temporibus
991 823 1296 875 assignaverunt,
1317 832 1358 861 ut
1381 825 1546 864 Joannes

83 892 254 937 Malalas,
269 890 402 928 citatus
419 903 439 926 a
461 888 574 926 nobis
592 902 721 940 supra,
739 902 821 940 cap.
850 902 885 926 a.
905 887 980 927 sed
999 902 1070 926 nec
1089 897 1279 926 recentem
1304 889 1418 928 fuisse
1433 873 1562 928 illam3

80 957 128 995 de
146 956 289 1006 Sibylla
308 956 425 993 Nesus
441 953 516 991 filia
537 954 803 1002 traditionem,
821 954 880 991 vel
903 967 999 991 unus
1015 954 1179 992 ostendit
1195 954 1425 1006 Lycophron
1443 955 1546 1006 apud

81 1034 192 1071 quem
213 1020 424 1076 Cassandra
440 1017 718 1069 periphrastice
737 1018 791 1056 sic
815 1026 988 1065 vocatur,
1011 1032 1046 1055 v.
1071 1019 1184 1065 1464,
1206 1032 1286 1069 sq.:

580 1081 853 1136 Μελαγκραίρας
872 1081 972 1126 >edm

367 1149 504 1194 Νησοῧς
523 1146 690 1200 Θυγατρὸς
706 1177 717 1198 ,

78 1213 119 1252 id
140 1222 206 1262 est,
224 1212 331 1251 simia
351 1213 429 1249 sive
448 1212 583 1249 aemula
599 1211 869 1260 Melancraerae,
888 1212 1007 1250 Nesus
1027 1212 1122 1250 filiae.
1143 1211 1332 1250 Habemus
1352 1212 1466 1264 igitur
1484 1212 1547 1251 hic

78 1278 258 1329 Sibyllam
282 1292 300 1315 a
333 1277 545 1316 Cassandra
575 1277 807 1324 distinctam,
837 1291 959 1328 eaque
978 1277 1257 1328 antiquiorem,
1278 1286 1315 1315 et
1344 1279 1391 1315 ad
1425 1278 1546 1329 prima
1573 1322 1577 1327 .

82 1344 205 1397 Trojae
226 1352 394 1394 tempora
426 1343 696 1394 pertinentem.
721 1342 910 1381 Habemus
927 1343 1040 1380 etiam
1060 1355 1199 1381 nomen
1226 1343 1308 1394 ejus
1327 1343 1548 1381 Melancrae-

80 1421 180 1456 ram,
212 1408 317 1460 quod
338 1408 500 1447 Arriano
521 1408 599 1445 sive
620 1407 816 1446 Eustatbio
847 1407 992 1447 deerat.
1013 1408 1094 1446 -Sed
1119 1422 1258 1446 nomen
1278 1421 1300 1447 a
1320 1417 1431 1460 pocta
1452 1421 1549 1446 con-

79 1475 206 1512 fictum
235 1474 383 1512 videtur
402 1487 448 1512 ex
467 1473 679 1511 Aristotelis
705 1473 788 1510 loco
805 1486 919 1523 supra
940 1474 1080 1523 citato,
1099 1473 1136 1510 in
1157 1487 1234 1524 quo
1255 1481 1378 1511 tamen
1395 1473 1550 1524 Sibyllae

78 1552 214 1577 nomen
245 1538 496 1592 Μελάγχραινα
515 1547 591 1585 est,
612 1552 687 1576 non
712 1538 982 1591 Μελάγκραιρα,
1003 1538 1083 1576 sive
1112 1538 1225 1575 aliam
1254 1538 1467 1576 Aristotelis
1497 1537 1550 1577 le·

77 1605 240 1642 ctionem
269 1614 408 1656 praesto
435 1604 570 1656 habuit
594 1603 849 1655 Lycopliron,
870 1603 947 1641 sive
976 1604 1097 1655 ipsam
1121 1604 1270 1655 poetica
1292 1603 1442 1648 licentia
1466 1616 1550 1641 mu-

79 1669 189 1716 tavit;
211 1678 420 1720 potuerunt
435 1670 547 1707 etiam
566 1668 699 1716 ambo,
721 1668 972 1719 philosophus
993 1681 1129 1719 nempe
1149 1677 1187 1705 et
1216 1678 1328 1719 poeta
1342 1698 1352 1716 ,
1377 1668 1549 1706 diversos

78 1741 252 1771 auctores
271 1735 398 1785 sequi,
418 1734 477 1775 vel
498 1733 669 1771 diversas
698 1731 841 1770 habere
861 1732 1071 1783 scripturas
1102 1733 1212 1770 unius
1231 1732 1414 1777 auctoris,
1435 1743 1548 1781 quem

78 1799 316 1848 suspicamur
331 1812 351 1836 e
367 1798 527 1848 Cyclicis
548 1798 712 1848 aliquem
732 1797 845 1835 fuisse
863 1810 872 1843 3
895 1797 950 1834 sin
974 1798 1111 1844 minus,
1129 1810 1175 1834 ex
1194 1796 1466 1847 antiquissimis
1483 1808 1548 1832 seu

79 1862 201 1913 poetis
232 1875 297 1899 seu
325 1861 628 1913 mythographiS.
668 1861 781 1912 Apud
813 1861 1107 1912 Lycophroncm
1136 1870 1236 1898 certe
1256 1861 1368 1907 lectio
1398 1859 1549 1898 minime

80 1926 195 1964 dubia
216 1934 292 1972 est,
317 1940 430 1977 quam
461 1927 788 1977 sit-matiuterpres
806 1925 886 1976 ejus
908 1934 1029 1975 poetae
1049 1929 1205 1964 Tzetzes
1224 1925 1271 1962 ad
1301 1925 1340 1963 h.
1370 1925 1411 1972 l.‚
1435 1926 1546 1962 etiam

79 1991 332 2029 Melancraerae
362 1991 529 2028 nominis
558 1990 823 2040 etymologiam
863 1991 1054 2037 asserens,
1085 1989 1182 2041 παρὰ
1210 1988 1249 2027 τὸ
1273 1988 1445 2037 μελαίνειν
1484 1988 1547 2034 τὴν

82 2055 202 2108 φράσιν
222 2052 373 2098 καὶτοὺς
391 2054 582 2107 χρησμούς,
600 2054 664 2093 sed
684 2054 786 2091 illam
813 2054 980 2104 ineptam
1006 2066 1162 2104 prorsus
1191 2066 1235 2091 ae
1252 2054 1315 2091 vix
1335 2066 1402 2104 per
1420 2067 1459 2091 se
1476 2066 1547 2090 no-

83 2128 159 2155 tatu
181 2119 348 2169 dignam.

133 2182 246 2233 Magis
273 2182 438 2221 notanda
458 2191 513 2221 est
532 2183 659 2221 ultima
682 2182 783 2233 apud
803 2182 1002 2221 Arrianum
1026 2182 1232 2229 sententia,
1252 2195 1382 2219 omnes
1410 2194 1547 2233 nempe

83 2247 241 2298 Sibyllas
266 2248 314 2286 ab
346 2249 408 2286 illa
439 2247 606 2299 Trojana
629 2247 892 2298 antiquissima
921 2260 1060 2285 nomen
1093 2246 1261 2285 ducere:
1281 2246 1382 2298 quod
1405 2247 1548 2298 potuit,

81 2316 156 2350 imo
177 2313 307 2352 debuit
324 2314 502 2353 audacter
528 2327 696 2352 asserere
714 2313 945 2364 quicumque
963 2313 1109 2364 primus
1127 2313 1332 2364 Trojanam
1363 2312 1546 2364 Sibyllam

79 2379 295 2418 Mermessia
312 2380 566 2430 antiquiorem
583 2378 818 2431 excogitavit.
836 2378 1093 2417 Mermessiam
1113 2386 1239 2416 tamen
1265 2378 1425 2430 primam
1443 2377 1547 2429 apud

82 2457 170 2482 suos
200 2445 252 2482 ita
275 2454 444 2483 vocatam
476 2445 606 2494 fuisse,
634 2452 747 2494 atque
774 2443 863 2481 inde
884 2442 921 2480 id
947 2431 1098 2480 'nomen
1128 2443 1173 2480 ad
1204 2443 1378 2493 Cyclicos
1417 2451 1559 2494 poetas⁴

83 2509 276 2557 transisse,
297 2524 343 2548 ex
365 2510 409 2547 iis
428 2523 512 2561 quae
526 2522 642 2560 supra
665 2508 967 2560 disputavimus,
984 2509 1095 2559 longe
1111 2507 1351 2546 verisimilius
1368 2517 1435 2546 est.
1454 2507 1547 2547 Nam

83 2573 130 2611 de
160 2574 301 2626 Libyca
335 2575 496 2626 Sibylla,
526 2575 633 2626 illum
669 2587 822 2625 quoque
856 2574 1057 2625 praecipuae
1094 2573 1326 2624 antiquitatis
1363 2573 1547 2612 honorem

84 2638 184 2688 apud
201 2639 384 2689 quosdam
408 2641 561 2690 sortita,
582 2640 750 2677 dicemus
768 2638 867 2676 infra
883 2640 984 2688 quod
1004 2637 1197 2676 sentimus.

216 2959 299 3003 111.
1284 2940 1294 2950 '
1367 2957 1393 3002 3
