1686 3500
132 198 226 242 420
517 194 595 238 Au
630 156 969 239 s1ssYi,1,1Nos
1009 194 1217 239 manos

185 292 278 331 lnde
297 290 390 330 illud
414 289 593 342 estquod
617 304 732 342 supra
758 290 946 339 diximus,
971 290 1148 328 dubitare
1169 302 1237 327 nos
1261 297 1388 328 utrum
1408 298 1510 328 recte
1539 290 1604 330 has

133 362 259 408 partes
278 363 454 406 tanquam
474 354 569 394 duas
588 354 899 402 discreverimus,
920 367 1037 405 quum
1057 366 1078 392 e
1101 353 1251 392 duabus
1271 359 1347 392 un‘a
1364 354 1443 392 fieri
1466 366 1603 405 posset.

96 443 104 450 ·
131 422 211 460 lino
228 419 307 471 jam
338 419 441 471 piget
466 419 638 468 haesisse,
670 420 850 470 quoniam
874 419 912 457 in
946 417 1133 457 ambabus
1162 418 1312 456 easdem
1349 418 1428 457 sere
1456 419 1605 459 dicendi

131 486 292 524 virtutes
312 484 524 535 reperimus
543 498 553 524 :
574 493 719 522 motum
737 483 937 534 quemdam
954 491 992 520 et
1009 483 1176 520 colorem
1204 482 1410 530 orationis;
1433 483 1606 534 spiritum

123 550 162 586 in
183 547 323 595 verbis,
342 547 436 586 etin
458 548 626 586 numeris
646 547 961 598 amplitudinem3
983 546 1158 584 nonnihil
1178 547 1345 597 denique
1371 548 1530 598 poeticae
1547 548 1604 586 sa-

127 612 277 650 cultatis
291 641 302 662 ,
322 625 370 651 ne
388 621 469 650 arte
492 612 646 663 quidem
672 611 886 649 destitutae:
912 611 1022 648 simul
1044 610 1135 649 vitia
1153 599 1275 662 pauca
1300 611 1358 648 vel
1381 611 1579 649 toleranda
1595 642 1605 661 ‚

125 685 163 715 et
181 676 418 715 assectationi
438 677 565 728 potius
583 689 698 727 quam
721 675 957 725 negligentiae
977 674 1201 725 tribuenda3
1222 675 1361 725 figuras
1382 687 1519 724 nempe
1535 688 1602 712 au-

128 741 314 788 daciores,
335 750 370 780 et
388 741 556 779 studium
583 740 683 778 falsae
700 739 919 790 elegantiae,
943 738 1101 777 nimium
1124 738 1280 777 auribus
1307 739 1522 786 tribuentis,
1544 752 1604 777 se-

128 805 264 844 ctantis
277 805 478 856 strepitum
505 802 709 842 verborum
729 811 767 840 et
786 803 994 840 novitatem
1022 803 1295 853 epithetorum,
1315 816 1423 854 paene
1443 813 1484 841 ut
1503 803 1603 854 apud

126 869 361 909 Nicandrum
394 869 452 906 vel
481 867 711 918 Oppianum.
742 867 830 905 llaec
865 868 901 904 in
936 867 1128 918 principio
1157 869 1365 918 praesertim
1395 876 1432 906 et
1461 867 1498 904 in
1532 867 1604 904 fine

133 934 323 972 carminis,
342 933 469 979 Quum
493 944 584 969 vero
602 930 650 969 ad
671 931 864 982 Virginem
887 932 1044 970 Mariam
1065 931 1223 970 caelestis
1243 932 1400 970 nuntius
1429 932 1602 979 affertur,

134 997 218 1035 lene
236 994 383 1047 aquuid
406 1003 443 1033 et
466 1003 583 1032 suave
601 994 723 1045 spirat
749 995 893 1042 oratio,
919 996 1034 1045 scita,
1061 1004 1238 1041 venusta,
1269 1008 1346 1033 non
1376 993 1498 1033 famen
1526 996 1603 1033 sine

129 1060 335 1100 ambitione
360 1058 552 1110 quadam:
579 1058 712 1097 credas
740 1067 775 1097 te
801 1060 977 1098 Nonnum
1007 1059 1064 1097 vel
1094 1060 1302 1098 Coluthum
1333 1059 1388 1098 vel
1422 1060 1603 1099 Musaeum

126 1127 262 1177 legere.
281 1125 377 1164 Sunt
403 1123 521 1173 igitur
547 1121 647 1161 bona
675 1123 782 1174 plura‘
812 1124 918 1162 malis
948 1123 1078 1161 mixtu.
1111 1123 1217 1162 lnter
1242 1124 1338 1162 mala
1372 1124 1604 1176 reputandus

128 1198 182 1227 est
207 1189 376 1239 ingratus
400 1186 462 1225 ille
479 1199 616 1224 vocum
638 1185 901 1224 hebraicarum
929 1185 975 1224 ad
1006 1199 1169 1237 graecum
1197 1200 1341 1224 morem
1365 1187 1519 1225 minime
1543 1187 1604 1223 in-

127 1254 310 1290 flexarum
338 1263 451 1299 usus,
482 1249 644 1303 Γαὸριήλ
671 1264 807 1302 nempe
835 1259 872 1288 et
900 1250 1083 1302 Βηθλεέμ,
1105 1250 1210 1302 quod
1237 1248 1369 1289 vitiuin
1398 1252 1436 1290 in
1467 1251 1604 1289 ceteris

121 1317 278 1371 quidem
298 1315 496 1366 Sibyllinis
518 1315 714 1364 occurrit,
733 1316 797 1353 vix
817 1323 943 1353 tamen
965 1315 1056 1353 alibi
1078 1329 1194 1367 quam
1211 1316 1249 1353 in
1270 1315 1550 1354 recentioribus
1564 1325 1602 1354 et

128 1380 386 1421 deterioribus
409 1379 517 1418 libris
540 1379 556 1417 1
584 1389 623 1417 et
643 1380 701 1426 11,
727 1379 826 1418 uude
858 1379 1016 1418 sortasse
1050 1380 1166 1432 hujus
1190 1379 1278 1419 libri
1308 1379 1484 1431 proditur
1512 1388 1600 1419 aetas

129 1448 201 1485 illis
221 1446 406 1497 proxima.
1100 1459 1103 1462 ⁴

180 1512 356 1551 Ceterum
386 1523 532 1549 summa
559 1518 614 1548 est
641 1510 841 1562 utriusque
866 1511 985 1562 partis
1009 1510 1255 1549 orthodoxia.
1283 1512 1438 1562 Quippe
1465 1524 1532 1549 seu
1558 1511 1604 1549 de

130 1577 212 1616 Filii
229 1575 493 1627 generatione,
512 1588 548 1614 v.
570 1580 665 1622 440,
686 1588 758 1625 sq„
776 1587 842 1613 seu
868 1574 915 1613 de
930 1574 1072 1613 Christi
1095 1574 1307 1621 natalibus,
1330 1588 1368 1614 v.
1393 1575 1482 1622 457,
1504 1589 1602 1626 sqq..

129 1640 221 1679 nihil
243 1638 502 1692 judaismum,
525 1637 623 1676 nihil
641 1632 889 1677 arianismum
918 1639 1079 1678 redolet.
1098 1640 1312 1678 Praesertim
1333 1639 1381 1677 de
1404 1639 1605 1678 divinitate

129 1703 247 1744 Verbi
280 1702 488 1750 incarnati,
519 1702 635 1740 etiam
657 1702 695 1740 in
716 1703 799 1754 ipso
828 1703 1091 1755 conceptionis
1112 1711 1214 1750 actu,
1237 1703 1444 1742 admodum
1465 1703 1603 1742 diserta

129 1777 219 1808 sunt
238 1766 471 1815 testimonia,
492 1780 528 1806 v.
547 1767 647 1812 462:

287 1831 390 1877 Δέξαι
405 1831 473 1884 [ἐν]
488 1831 690 1884 ἀχρᾶντοισι
706 1830 796 1871 Θεὸν
815 1836 886 1874 σοῖς
897 1861 908 1879 ,
929 1831 1088 1886 Παρθὲνε
1101 1861 1111 1877 .
1135 1832 1276 1876 κόλποις
1289 1863 1300 1881 ,

128 1907 168 1937 et
187 1898 298 1944 infra,
320 1910 357 1936 v.
375 1902 447 1945 [074
469 1908 480 1937 ε

288 1960 381 2001 Ἀλλ’
394 1959 493 1999 οὐδὲν
516 1959 607 2011 μέγα
623 1962 739 2011 θαῦμα
760 1961 843 2012 Θεῷ
860 1959 977 2014 [Ia-:pi
990 1960 1049 1999 καὶ
1066 1961 1149 2014 Θεῷ
1164 1961 1257 2014 Υἱῷ.

181 2028 308 2068 Unum
337 2026 709 2066 forsitan.hodierno
735 2026 846 2065 alicui
873 2027 1051 2079 theologo
1075 2027 1296 2081 displiceat,
1325 2028 1429 2079 quod
1450 2028 1489 2066 in
1509 2028 1604 2067 chri·

129 2093 260 2133 stianis
275 2091 413 2130 ritibus
431 2104 498 2130 usu
521 2090 659 2129 florum
677 2094 715 2129 et
733 2104 930 2129 cereorum
948 2100 985 2130 et
1006 2086 1128 2130 thuris
1148 2092 1327 2131 interdici
1351 2092 1512 2132 videtur.
1530 2092 1601 2131 Sed

131 2157 264 2196 eadem
277 2164 316 2194 et
331 2156 368 2194 in
383 2154 558 2206 Sibyllini
578 2153 664 2192 libri
679 2155 763 2194 vul
788 2156 950 2193 maxime
972 2155 1192 2194 orthodoxa
1208 2165 1330 2207 parte,
1357 2161 1376 2205 5
1397 2169 1432 2203 2,
1449 2165 1486 2195 et
1501 2156 1600 2206 apud

133 2221 372 2261 Lactantium
390 2220 561 2270 aliosque
578 2227 722 2257 veteres
740 2232 850 2270 aequa
868 2220 1071 2259 severitate
1087 2220 1274 2270 damnari,
1293 2221 1600 2272 monuimusjam

132 2284 221 2323 olim
238 2292 277 2322 et
299 2283 392 2321 alias
416 2281 666 2321 monebimus.
694 2283 860 2321 Duriora
878 2294 966 2322 sunt
990 2284 1069 2322 haec
1089 2284 1258 2336 judicia,
1279 2294 1317 2323 et
1341 2299 1431 2324 sane
1448 2285 1598 2336 iniqua,

133 2348 198 2387 sed
221 2348 309 2387 ideo
329 2355 475 2386 tantum
502 2347 592 2398 quia
611 2348 786 2388 duriora.
809 2349 887 2386 lmo
911 2349 949 2386 in
973 2349 1031 2387 his
1049 2349 1205 2388 laudare
1231 2349 1390 2388 forsitan
1411 2359 1450 2387 et
1473 2350 1598 2388 mirari
1621 2371 1624 2373 Δ

134 2412 254 2463 possis
272 2412 465 2463 antiquam
491 2413 616 2450 cultus
637 2412 834 2452 christiani
854 2414 1153 2465 simplicitatem,
1174 2414 1221 2452 (le
1241 2428 1317 2466 qua
1346 2415 1458 2466 plura
1474 2415 1599 2453 dicen·

134 2484 196 2514 tur
212 2476 252 2514 in
271 2476 362 2514 Exc.
379 2476 442 2514 Vl.

182 2539 257 2580 Sed
277 2540 338 2578 vel
366 2539 432 2578 illa
457 2540 599 2578 rituum
626 2540 811 2581 modestia
832 2550 978 2580 aetatem
998 2541 1201 2581 denuntiat
1219 2542 1388 2594 priorem
1414 2543 1598 2582 Constan·
1661 2573 1666 2579 .

130 2603 201 2642 tini
221 2602 471 2654 temporibus.
496 2604 639 2642 Contra
664 2605 772 2644 color
796 2605 954 2657 quidam
980 2606 1133 2645 dicendi
1164 2607 1405 2656 neotericus,
1428 2607 1599 2660 quamvis

127 2667 244 2706 scitus
263 2675 301 2705 et
321 2666 494 2718 elegans,
523 2676 561 2705 et
589 2669 628 2706 in
653 2668 717 2706 illa
737 2670 1005 2708 concinnitatis
1024 2671 1271 2710 assectatione
1291 2671 1487 2723 negligens
1512 2672 1597 2717 iste,

127 2745 241 2783 quem
258 2744 372 2783 supra
385 2731 615 2781 notavimus,
630 2731 898 2772 hebraicarum
917 2747 1052 2772 vocum
1073 2748 1178 2786 usus,
1194 2740 1342 2774 aetatem
1358 2735 1525 2787 prodens
1543 2734 1597 2771 in·

125 2796 264 2835 flexam
282 2810 326 2835 ac
344 2795 590 2848 degenerem3
613 2806 795 2848 praeterea
811 2798 850 2836 in
869 2799 1081 2851 pangendis
1096 2800 1261 2851 Virginis
1276 2800 1406 2839 Mariae
1423 2798 1596 2838 laudibus

126 2859 289 2911 amplior
307 2860 469 2899 forsitan
485 2872 678 2914 „excursus
703 2874 816 2912 quam
835 2875 905 2913 pro
924 2862 1036 2914 primi
1060 2871 1124 2903 aut
1139 2863 1296 2902 secundi
1321 2863 1449 2902 saeculi
1474 2873 1595 2904 more;
