1686 3500
564 200 565 203 ’
617 216 632 239 ·-’
647 205 976 252 'EXCURSUS‘
996 208 1052 254 V.
1401 232 1409 244 ι
1512 212 1597 258 341

131 303 296 356 primum
312 299 467 353 quidem
485 298 690 352 opprobrii
709 300 816 347 loc03
840 299 979 356 deinde
1002 314 1095 340 vero
1111 302 1204 341 illud
1219 304 1407 356 probrum
1424 305 1609 346 Christia-

131 378 200 415 nos
222 363 296 402 sibi
314 363 420 402 laudi
435 363 615 411 vertisse,
636 376 754 414 quum
772 363 954 415 aliunde,
975 371 1055 402 tum
1074 377 1120 403 ex
1134 365 1208 404 hoc
1227 367 1353 419 lapide
1368 378 1530 411 constat.
1633 406 1635 409 .

181 429 287 470 Vixit
302 441 394 480 ergo
413 428 552 466 saeculo
568 428 619 467 lv
641 428 721 466 fere
742 428 870 467 medio
883 457 892 474 ,
915 437 959 467 ut
980 429 1209 480 opinamur,
1233 419 1434 471 Pectorius
1454 433 1517 473 ille
1543 433 1611 486 (an

131 492 296 535 Pectorii
323 491 733 544 alieujuslibertus?),
759 492 827 543 qui
859 493 1074 532 Alexandro
1101 493 1203 545 patri
1228 494 1421 546 (ejusdem
1450 498 1612 537 sortasse

130 556 276 596 domini
292 556 421 606 servo)
437 564 475 593 et
492 556 604 594 matri
615 564 653 594 et
672 555 855 594 fratribus
871 556 946 595 hoc
961 567 1251 596 monumentum
1271 560 1413 610 posuit,
1430 562 1624 601 Christia-’

131 633 201 659 nus
217 619 299 671 ipse
315 619 540 657 Christianis
561 628 598 658 et
620 620 660 658 in
682 619 835 659 Christo
852 621 1015 660 mortuis
1030 635 1042 674 3
1058 635 1183 674 neque
1201 622 1355 661 illorum
1376 625 1612 675 sepulturam

132 684 262 723 melius
276 682 456 721 adornari
476 696 587 734 posse
604 684 753 722 censuit
772 697 886 736 quam
907 698 954 724 eo
973 686 1143 725 carmine
1164 699 1242 738 quo
1257 686 1347 726 fidei
1363 697 1504 727 nostrae
1518 702 1612 741 pre-

133 747 331 788 tiosissima
354 748 536 798 mysteria
552 750 807 788 continentur.

133 832 137 839 ·
181 814 268 851 Haec
283 811 331 850 de
348 812 602 851 acrostichide
615 812 817 864 Sibyllina,
839 827 925 865 quae
938 812 1168 860 diceremus,
1193 814 1410 862 habuimus,
1425 815 1614 868 simulque

131 876 392 928 supplevimus
421 890 507 928 quae
526 877 574 915 de
604 877 771 916 secunda
798 885 907 929 parte
935 877 1027 916 iibri
1057 879 1145 919 Vln
1175 879 1339 918 dicenda
1359 879 1576 926 restabant,
1594 895 1616 922 a

133 940 362 994 quibusjam
379 940 426 978 ad
444 941 551 980 initia
568 942 737 994 ejusdem
755 941 845 980 libri
866 941 1128 985 remeandum.

463 1212 570 1251 CAP.
603 1213 664 1251 vl.
694 1215 752 1251 De
771 1211 857 1250 libri
877 1217 995 1250 octavi
1009 1221 1121 1263 parte
1135 1216 1278 1263 prima.

185 1335 269 1375 Non
287 1348 400 1388 posse
416 1335 517 1374 hanc
532 1334 621 1373 libri
641 1336 769 1374 octavi
792 1335 954 1387 primam
974 1344 1122 1387 partem
1136 1348 1223 1373 cum
1246 1334 1411 1373 secunda
1436 1335 1620 1389 conjungi

136 1401 277 1454 patebit
305 1401 366 1439 vel
382 1414 443 1439 -εκ
463 1401 550 1451 ipso
575 1400 754 1438 carminis
781 1408 927 1441 tenore.
949 1400 1017 1439 Est
1032 1408 1158 1438 autem
1178 1398 1425 1451 hujusmodi:

187 1466 228 1504 ln
249 1465 411 1504 exordio
437 1464 581 1516 Sibylla
603 1463 731 1516 (quam
754 1464 874 1516 ipsam
895 1464 1114 1516 loquentem
1132 1463 1264 1502 induci
1284 1477 1333 1502 ne
1361 1462 1497 1504 dubita
1516 1479 1525 1504 ε
1542 1463 1621 1504 no-

138 1544 220 1570 men
236 1530 335 1568 enim
359 1543 492 1576 suum,
511 1530 578 1567 etsi
599 1543 676 1567 non
702 1537 834 1580 aperte
865 1529 1116 1580 pronuntiat,
1139 1537 1262 1567 tamen
1277 1557 1288 1576 ,
1311 1529 1404 1567 dum
1436 1530 1619 1570 feminino

137 1608 270 1647 genere
298 1594 484 1646 loquitur,
505 1594 596 1632 satis
632 1593 775 1644 prodit)
797 1592 911 1632 docet
934 1606 973 1631 se
992 1593 1170 1632 nuntiare
1190 1592 1419 1633 mortalibus
1441 1607 1511 1647 per
1525 1607 1612 1633 om·

104 1681 106 1683 >
139 1673 203 1697 nes
223 1668 343 1698 terras
363 1659 458 1697 iram
480 1659 552 1697 Dei
569 1658 785 1696 venientem
806 1672 815 1696 ε

295 1723 517 1776 Ἐρχομένης
537 1722 690 1774 μεγάλης
704 1723 828 1774 ὀργῆς,
850 1736 883 1760 κ.
908 1738 941 1762 τ.
964 1722 1001 1762 λ.

187 1790 393 1840 Postquam
420 1787 538 1840 igitur
562 1801 583 1826 a
612 1787 705 1824 turri
733 1785 848 1826 Babel
863 1786 1085 1838 (respiciens
1100 1799 1239 1838 nempe
1253 1787 1300 1826 ad
1315 1787 1424 1827 initia
1444 1787 1532 1828 libri
1550 1790 1617 1836 11¹,

139 1854 154 1905 §
170 1853 220 1902 a),
235 1853 400 1891 diversas
416 1852 648 1904 populorum
666 1851 854 1898 fortunas,
871 1859 907 1888 et
918 1849 1161 1889 succedentia
1177 1851 1341 1890 invicem
1359 1865 1489 1904 regna,
1504 1853 1617 1905 AEgy·

142 1919 212 1969 pti,
230 1919 446 1969 Persarum⁹
468 1915 717 1966 Macedoniae,
738 1923 810 1954 etc.
832 1913 930 1967 (haec
950 1927 1106 1965 quoque
1125 1927 1147 1953 e
1167 1915 1280 1953 tertio
1299 1915 1427 1968 libro),
1447 1916 1617 1956 breviter

141 1991 177 2020 et
191 1982 351 2034 carptim
373 1980 613 2032 recognovit,
628 1993 667 2020 v.
688 1979 769 2025 4-8,
792 1978 890 2016 mitti
905 1978 984 2029 jam
1005 1990 1044 2015 se
1063 1978 1118 2015 ait
1135 1978 1175 2015 in
1195 1978 1341 2017 ltaliam
1354 2007 1364 2026 ,
1382 1993 1468 2030 quae
1485 1980 1618 2019 ultima

142 2047 187 2086 sit
207 2047 314 2085 terris
330 2047 580 2097 imperatum,
597 2057 664 2082 seu
683 2044 827 2095 potius,
850 2051 893 2081 ut
909 2043 991 2095 ipsa
1009 2042 1118 2091 dicit,
1136 2055 1268 2082 omnes
1284 2057 1349 2083 seu
1366 2044 1533 2097 populos
1553 2059 1621 2084 seu

143 2125 244 2162 reges
283 2124 513 2163 oppressura
528 2138 538 2157 ‚
555 2124 589 2147 v.
618 2123 657 2160 9,
687 2122 770 2160 sqq.
801 2107 898 2159 Sed,
925 2107 1100 2159 quamvis
1130 2120 1237 2159 sera,
1257 2108 1328 2148 Dei
1350 2109 1443 2147 ultio
1464 2109 1617 2148 tandem

143 2177 271 2223 aderit,
284 2189 448 2214 accenso
458 2175 536 2227 jam
557 2183 594 2212 et
615 2187 703 2212 mox
715 2181 902 2224 erupturo
919 2172 1007 2224 igne
1025 2172 1090 2223 qui
1105 2172 1234 2211 omnia
1249 2172 1397 2220 deleat,
1413 2186 1455 2214 v.
1482 2176 1617 2218 14-16.

191 2242 323 2281 Statim
350 2242 388 2280 in
414 2239 612 2279 avaritiam
639 2239 767 2277 multis
793 2237 967 2276 versibus
996 2237 1222 2286 invehitur,
1242 2239 1384 2277 omisso
1397 2238 1528 2277 Romae
1544 2253 1616 2278 no·

144 2308 257 2359 mine,
279 2309 333 2346 sic
361 2316 482 2346 tamen
517 2313 559 2344 ut
588 2305 636 2343 ad
664 2304 857 2344 Romanos
879 2303 1120 2356 potissimum
1148 2312 1323 2355 spectare
1350 2317 1429 2343 non
1457 2304 1620 2346 obscure

145 2372 389 2419 vi‹leatur,=v.
409 2371 545 2418 17-37.

193 2437 290 2476 Tum
309 2437 440 2476 Romae
466 2442 596 2487 aperte
616 2434 767 2486 plagam
787 2432 835 2470 de
855 2432 948 2471 caelo
974 2432 1162 2484 minatur,
1182 2445 1220 2471 v.
1250 2433 1297 2480 37
1311 2460 1321 2480 ,
1341 2445 1450 2484 sqq.,
1479 2446 1619 2486 nempe

145 2502 236 2554 ignis
259 2503 359 2540 illius
379 2501 427 2539 de
451 2514 529 2552 quo
549 2512 679 2551 supra,
709 2497 810 2537 unde
829 2506 866 2535 et
898 2497 959 2536 hic
979 2497 1161 2545 additur,
1181 2496 1240 2536 καὶ
1258 2500 1326 2549 πῦρ
1344 2512 1384 2536 σε
1401 2496 1484 2546 ὅλην
1502 2498 1620 2537 δαπα-

146 2565 250 2613 νήσει,
276 2581 312 2605 ν.
339 2568 403 2617 39.
420 2566 517 2605 ilinc
538 2572 652 2617 poeta
675 2563 795 2601 ruinis
811 2562 966 2601 insultat
982 2561 1088 2600 urbis
1106 2561 1254 2613 impiae,
1273 2561 1412 2601 frustra
1434 2563 1617 2602 auxilium
1649 2608 1657 2616 ¹

147 2643 167 2668 a
183 2630 252 2669 diis
270 2631 348 2670 suis
368 2631 651 2683 imploratur-ze,
670 2642 707 2666 v.
729 2629 862 2677 43—49.

196 2696 320 2742 Quum
337 2709 425 2734 vero
446 2708 551 2746 reges
568 2693 788 2746 quindecim
804 2692 947 2730 fuerint
967 2691 1020 2743 (id
1037 2700 1108 2739 est,
1125 2699 1210 2743 post
1228 2690 1450 2743 quindecim
1464 2702 1531 2731 seu
1547 2706 1617 2745 po·
1637 2741 1643 2747 ι

149 2758 218 2797 tius
238 2759 528 2810 quatuordecim
556 2760 746 2798 Romanos
774 2756 1060 2808 imperatores),
1092 2756 1166 2795 erit
1190 2768 1259 2794 rex
1276 2754 1366 2794 albo
1385 2755 1492 2795 crine
1508 2787 1520 2805 ,
1543 2765 1616 2797 etc.

148 2824 324 2874 Sequitur
347 2823 527 2863 Hadriani
556 2822 700 2874 effigies
718 2821 766 2859 ad
792 2822 922 2859 vivum
948 2820 1122 2872 depicta,
1140 2834 1177 2860 v.
1203 2820 1318 2859 52-58
1334 2849 1345 2865 ,
1367 2833 1444 2872 quo
1464 2829 1616 2861 mortuo

150 2886 274 2926 Romae
289 2888 415 2927 luctus
434 2886 686 2933 describitur,
706 2884 852 2924 cladem
870 2883 961 2923 inde
986 2897 1091 2923 suam
1111 2883 1329 2933 ominantis,
1350 2896 1386 2924 v.
1408 2884 1532 2934 59-64.
