1752 3495
244 224 332 268 164
375 191 378 195 ’
623 220 703 263 AD
739 219 1087 264 sissYLmNos
1125 217 1331 264 manos

241 318 404 356 Herenn.
424 315 488 361 1,§
510 314 569 353 13.
589 313 668 353 Nisi
684 313 770 364 quis
787 313 903 362 dicat,
922 327 1030 366 poena
1053 315 1088 351 iu
1114 311 1323 364 parricidas
1346 313 1425 362 jam
1455 311 1544 349 olim
1584 328 1603 353 n
1628 331 1687 356 re-

241 381 347 431 gibus
369 379 569 418 constituta
587 406 597 424 ,
622 386 702 416 tum
738 379 902 429 primum
934 387 1125 429 repertum
1149 389 1228 414 esse
1246 376 1310 426 qni
1334 375 1559 415 multaretur
1578 393 1587 416 z
1607 393 1687 421 nam

242 445 372 482 Cicero
408 451 509 480 certe
547 442 595 480 de
625 455 668 480 ea
698 455 807 494 poena
830 451 1006 494 tanquam
1030 455 1049 479 a
1079 439 1298 490 majoribus,
1326 452 1403 476 non
1427 447 1605 490 tanquam
1625 457 1688 484 suo

243 514 411 557 tempore
426 506 613 555 instituta,
635 506 821 556 loquitur,
844 506 913 544 loc.
934 506 996 543 cit.
1017 504 1192 542 Ceterum
1214 502 1318 553 quod
1340 502 1386 539 de
1404 503 1493 541 seris
1520 518 1604 543 cum
1621 508 1689 546 ho-

241 571 340 608 mine
357 571 396 608 in
419 571 528 608 culco
553 571 687 608 insutis
711 571 824 621 vulgo
846 570 977 614 fertur,
997 568 1103 606 multi
1121 575 1257 617 putant
1278 567 1469 605 recentius
1501 567 1689 612 inventum

241 648 320 674 csse
342 648 351 675 ε
370 635 627 686 antiquissima
649 634 791 685 quippe
818 634 896 684 lege
909 632 1003 671 culei
1025 639 1165 668 tantum
1190 643 1338 681 poenam
1358 632 1566 670 institutam
1581 647 1591 684 3
1609 636 1690 686 Syl-

243 700 315 736 lam
337 699 430 737 nihil
451 700 539 737 novi
559 699 812 736 introduxisse
844 697 913 734 nisi
937 695 1162 746 peculiarem
1183 695 1395 746 actionem3
1417 695 1556 735 deinde
1586 700 1689 738 Pom.

241 763 369 814 peium
397 763 537 801 bestias
574 773 739 814 quatuor
766 761 965 810 adjecisse;
994 772 1107 810 quam
1136 759 1181 796 ad
1213 772 1293 797 rem
1321 760 1455 797 confer
1488 762 1610 802 Instit.
1629 764 1686 811 IV,

241 828 298 865 tit.
324 834 384 874 18,
412 831 430 874 S
451 829 489 875 6,
511 827 642 878 ibique
660 826 960 878 jurisconsultos.

293 893 356 930 Sic
379 894 512 943 punito
533 892 740 942 sacrilegio,
756 889 980 940 Tarquinius
1011 900 1192 925 summam
1213 887 1365 925 videtur
1384 887 1604 928 adhibuisse
1629 906 1690 930 cu-

241 969 321 994 ram
339 970 386 994 ne
401 956 504 1007 quod
524 965 651 1007 postea
671 955 740 991 tale
770 954 906 991 malum
926 951 1136 1001 accideret3
1156 961 1193 989 et
1222 952 1341 990 libros
1370 953 1526 1003 quidem
1557 954 1688 994 duum-

239 1020 333 1057 viris
353 1028 394 1057 ut
413 1029 539 1068 antea,
558 1019 759 1065 commisit,
777 1018 840 1055 sed
859 1026 955 1055 terra
977 1016 1154 1062 inclusos,
1170 1030 1292 1066 neque
1304 1017 1383 1068 jam
1405 1017 1596 1056 sacile'aut
1614 1020 1689 1058 sine
1725 1040 1729 1047 -

243 1084 398 1134 publico
427 1085 532 1136 jussu
565 1082 828 1121 attrectando&
860 1081 900 1119 Id
942 1091 1019 1118 tum
1050 1079 1200 1119 demum
1235 1095 1359 1133 neque
1396 1091 1505 1120 antea
1542 1093 1687 1124 cautum

241 1147 371 1195 fuisse,
397 1147 521 1197 colligi
542 1154 663 1197 potest
690 1158 736 1182 ex
760 1145 871 1181 unico
889 1144 1058 1193 Tzetzae‚
1081 1144 1111 1181 si
1141 1152 1244 1182 tanta
1265 1154 1321 1183 est
1340 1145 1422 1197 ejus
1447 1146 1562 1195 fides,
1594 1150 1688 1187 testi-

245 1213 373 1250 monio
392 1225 399 1249 :
422 1213 542 1250 Ζῶντα
562 1210 595 1248 δὲ
613 1212 749 1256 τοῦτον,
776 1210 915 1259 inquit,
948 1208 1100 1246 ἀνεῖλον·
1135 1207 1196 1255 τὴν
1229 1208 1264 1247 δὲ
1286 1209 1403 1261 βίέἶλον
1426 1209 1449 1258 ἢ
1469 1214 1528 1254 τὰς
1559 1211 1688 1263 βίὸλους

240 1275 429 1327 ὀρύξαντες.
453 1306 461 1315 .
481 1304 489 1312 .
506 1305 514 1313 .
537 1273 751 1325 κατέχωσαν.
774 1274 908 1324 Utique
927 1282 1073 1311 certum
1085 1283 1141 1312 est
1161 1274 1333 1313 defossos
1352 1276 1524 1323 suisse,et
1542 1278 1687 1328 quidem

243 1355 330 1379 arca
364 1341 464 1392 prius
482 1340 625 1390 lapidea
656 1339 853 1388 diligenter
884 1338 1067 1384 inclusos,
1097 1347 1139 1376 nt
1172 1339 1225 1376 ait
1258 1340 1492 1391 Dionysius,
1521 1341 1555 1378 ἐν
1587 1341 1687 1394 λιθίνῃ

242 1405 405 1457 λάρνακι,
427 1414 467 1442 ut
494 1419 582 1443 vero
610 1404 785 1453 Tzetzes,
811 1402 897 1454 μετὰ
915 1403 1106 1456 λάρνακος;
1143 1405 1280 1456 idque,
1308 1420 1356 1444 ne
1384 1406 1475 1457 quid
1507 1409 1688 1447 securitati

244 1470 402 1518 deesset,
421 1470 458 1507 in
480 1470 660 1507 tutissimo
677 1477 713 1506 et
737 1468 987 1517 sanctissimo,
1007 1470 1071 1519 qui
1093 1470 1254 1508 inveniri
1280 1472 1418 1521 potuit,
1439 1472 1543 1522 loco,
1563 1486 1688 1524 nempe

243 1538 281 1573 in
300 1536 380 1586 ipso
397 1535 598 1586 Capitolio,
627 1536 682 1572 vel
713 1543 752 1571 ut
773 1535 995 1584 Dionysius,
1013 1535 1050 1572 in
1071 1536 1213 1586 templo
1232 1537 1440 1587 Capitolini
1463 1538 1583 1576 Jovis.
1596 1540 1687 1578 Cave

242 1613 325 1638 cum
357 1598 564 1637 editoribus
595 1599 761 1638 Salmasii
789 1599 828 1636 in
855 1599 1044 1647 Solinum,
1071 1614 1109 1651 p.
1130 1602 1193 1649 78,
1211 1601 1267 1639 ed.
1293 1602 1511 1653 1629,legas
1533 1621 1548 1636 κ
1568 1603 1604 1640 in
1625 1604 1696 1643 de-‘

241 1663 351 1701 lubro
378 1663 538 1702 Junonis
555 1669 588 1708 n,
615 1677 728 1714 quum
759 1663 815 1700 vir
841 1662 1084 1702 doctissimus
1111 1678 1187 1702 non
1213 1665 1337 1711 alium=
1360 1673 1554 1704 auctorem
1579 1666 1623 1705 de
1651 1682 1688 1707 ca

241 1742 282 1766 re
297 1736 474 1779 sequatur
491 1741 601 1778 quam
621 1728 732 1766 Dion.
750 1727 886 1775 Halie„
903 1727 1080 1780 idemque
1096 1742 1211 1781 supra
1226 1737 1263 1767 et
1284 1730 1382 1768 inl'ra
1399 1740 1529 1782 aperte
1546 1731 1687 1782 scribat,

241 1811 254 1825 ι
272 1792 311 1830 in
330 1793 468 1844 templo
487 1792 687 1844 Capitolini
706 1793 824 1831 Jovis.
843 1810 858 1826 υ

291 1857 449 1895 Videtur
479 1866 600 1896 tamen
625 1857 776 1896 obstare
808 1858 912 1909 quod
939 1857 1041 1910 apud
1065 1853 1237 1898 Sei-'vium
1261 1861 1423 1912 legitur,
1454 1862 1502 1900 ad
1522 1862 1685 1911 AEn.v1‚

240 1935 277 1963 v.
297 1922 344 1962 36
366 1937 374 1960 :
398 1923 520 1962 «Post
547 1922 740 1977 incensum
766 1923 954 1975 Apollinis
983 1924 1166 1975 templum
1186 1925 1224 1962 in
1246 1939 1324 1977 quo
1353 1927 1502 1964 fuerant
1522 1926 1638 1979 [libri]
1652 1946 1685 1973 n,

241 1996 280 2026 et
300 1987 391 2026 ibid.
414 2001 449 2026 v.
471 2001 519 2035 7²
539 2003 547 2026 ε
568 2005 582 2021 α
600 1988 672 2035 Qui
692 1987 778 2026 libri
808 1989 845 2027 in
865 1989 1006 2041 templo
1033 1990 1219 2041 Apollinis
1239 1992 1509 2045 servabantur,
1528 2007 1596 2031 nec
1625 1993 1685 2044 ipsi

242 2061 433 2101 «tantum,
448 2052 511 2090 sed
528 2061 564 2090 et
574 2053 815 2101 Marciorum,
835 2062 928 2092 ete.»
948 2063 984 2093 et
1002 2054 1098 2094 ibid,
1122 2069 1159 2096 v.
1183 2057 1253 2094 321
1276 2071 1284 2095 :
1309 2074 1324 2091 «
1338 2057 1494 2095 incenso
1512 2057 1686 2108 Apollinis

244 2135 259 2151 a
282 2118 443 2168 templo,
479 2118 566 2156 inde
595 2118 752 2157 Romam
785 2119 890 2158 allati
923 2128 1060 2158 sunt.»
1080 2120 1228 2171 Quibus
1260 2122 1353 2160 locis
1378 2123 1488 2160 facile
1513 2136 1601 2160 sane
1627 2135 1685 2172 pro

244 2185 424 2232 Apollinis
458 2183 729 2222 rescriberetur
763 2185 958 2234 Capitolii,
992 2186 1021 2224 si
1043 2186 1248 2225 verisimile
1272 2197 1369 2226 esset
1388 2188 1426 2225 in
1454 2188 1585 2226 eadem
1605 2200 1685 2225 voce

245 2254 301 2283 ter
317 2255 504 2296 peccatum
519 2262 539 2285 a
556 2247 731 2288 librariis,
758 2250 830 2289 Sed
848 2264 935 2288 ecce
956 2252 995 2288 in
1018 2252 1150 2303 script.
1174 2261 1263 2292 vett.
1281 2253 1508 2292 collectione
1530 2254 1684 2297 Maiam,

245 2319 273 2348 t.
291 2311 324 2349 ll
342 2339 352 2357 ,
371 2324 408 2361 p.
436 2313 502 2361 187
516 2341 526 2359 ,
545 2313 642 2350 inter
666 2323 844 2365 excerpta
862 2316 1014 2364 Dionis,
1035 2318 1201 2355 occurrit
1221 2319 1361 2356 mentio
1381 2332 1480 2356 nova
1501 2327 1537 2357 et
1555 2320 1685 2369 impro-

244 2375 322 2413 visa
342 2377 483 2414 oraculi
503 2378 692 2428 cujusdam
719 2379 913 2432 Sibyllini,
934 2382 1102 2420 Gallicos
1128 2384 1311 2421 tumultus
1331 2384 1471 2422 instare
1491 2392 1569 2421 tum
1600 2396 1684 2434 prae·

246 2442 454 2489 monentis,
477 2456 591 2492 quum
612 2444 748 2483 fulmen
770 2445 814 2482 de
847 2447 939 2485 caelo
961 2447 1108 2498 lapsum
1138 2457 1235 2487 esset
1262 2449 1299 2486 in
1330 2449 1559 2500 Capitolium
1588 2451 1684 2498 juxta

246 2505 431 2555 Apollinis
451 2508 565 2544 aedem
578 2537 590 2556 ‚
611 2509 753 2555 πλησίον
772 2509 1000 2550 Ἀπολλωνίου
1017 2513 1084 2562 (sic
1104 2527 1173 2564 pro
1193 2513 1461 2565 Ἁπολλωνείου)
1484 2529 1492 2551 :
1513 2523 1624 2564 atque
1640 2512 1683 2550 ibi

245 2568 480 2608 doctissimus
500 2571 622 2609 editor
641 2583 738 2612 recte
757 2583 816 2622 et,
847 2585 888 2613 ut
907 2576 1023 2625 solet,
1044 2578 1229 2629 sagaciter
1248 2580 1465 2629 annotavit,
1486 2580 1605 2617 refelli
1623 2579 1683 2616 hoc

243 2647 462 2685 argumento
484 2650 613 2675 eorum
642 2639 856 2689 opinionem
877 2643 941 2692 qui
962 2644 1095 2681 cellam
1119 2644 1284 2695 A-pollini
1314 2647 1512 2696 propriam
1535 2646 1572 2682 in
1593 2643 1682 2683 Jovis

243 2701 443 2750 Capitolini
467 2704 606 2753 templo
637 2704 748 2743 fuisse
765 2716 959 2756 negarent,
983 2709 1157 2760 inprimis
1190 2712 1426 2760 l‘tucquium,
1455 2711 1503 2750 de
1533 2710 1681 2761 Capitol.

243 2777 328 2816 cap.
355 2779 386 2812 7.
406 2765 642 2805 Concedatur
661 2768 786 2819 itaque
805 2772 958 2820 servio,
985 2775 1146 2813 Dionem
1168 2775 1245 2826 jam
1271 2790 1493 2826 sponsorem
1515 2774 1681 2821 habenti,

240 2828 278 2865 in
297 2828 486 2880 Capitolio
501 2832 650 2882 quidem
668 2841 704 2870 et
720 2834 754 2871 in
769 2835 873 2872 Jovis
891 2839 1042 2889 templo,
1053 2840 1116 2877 sed
1132 2848 1256 2877 tamen
1276 2840 1311 2877 in
1326 2841 1514 2892 Apollinis
1525 2855 1587 2878 seu
1604 2838 1682 2877 cella

241 2893 317 2931 sive
334 2894 490 2934 aedicnla
509 2909 574 2934 seu
591 2898 726 2935 sacello
757 2901 968 2940 reconditos
994 2903 1105 2943 fuisse
1137 2919 1156 2942 a
1177 2906 1390 2956 Tarquinio
1419 2905 1624 2956 Sibyllinos
1642 2903 1681 2940 li-
