1686 3500
668 124 972 169 EXCURSUS
1005 126 1061 170 V.
1484 127 1576 172 383

272 212 324 257 Ὦ
339 217 432 263 ξύλον
451 211 480 256 ὦ
500 217 728 270 μακαριστὸν,
747 218 800 272 ἐφ’
817 213 846 273 ᾧ
861 218 949 263 Θεὸς
961 217 1164 266 ἐξετανύσθη
1175 249 1186 268 ,
1467 255 1469 258 Α

118 282 257 334 quibus
271 282 408 320 similia
433 296 454 320 e
467 281 566 320 libro
579 282 661 330 ΥΠ,
674 283 820 333 pariter
843 282 890 321 de
905 282 1047 321 Christi
1061 282 1256 335 divinitate
1271 284 1420 335 pienam
1439 297 1482 323 ac
1496 297 1581 336 per-

119 346 250 385 fectam
269 345 486 385 exhibentia
500 345 714 384 doctrinam
727 375 739 396 ‚
752 347 848 385 infra
867 347 1124 398 proferentur.
1140 346 1261 385 Etiam
1273 348 1485 387 orthodoxa
1496 363 1581 387 sen-

119 410 188 448 tire
209 408 358 448 videtur
372 409 420 448 de
436 409 633 447 hominum
648 418 747 448 statu
764 410 1058 462 postjudicium,
1074 411 1157 458 VH,
1177 416 1260 456 124,
1274 423 1377 462 sqq.,
1402 413 1492 460 148,
1508 425 1581 463 δεμ

119 475 206 512 item
226 463 280 512 de*
293 475 378 524 igne
393 487 472 524 quo
489 486 528 512 se
551 473 693 524 Sibylla
710 474 844 513 ardere
865 475 944 525 jani
960 483 999 514 et
1017 475 1083 513 diu
1114 488 1283 513 arsuram
1311 475 1443 521 tradit,
1475 486 1582 515 ante-

119 551 231 589 quam
254 538 292 576 in
308 551 466 588 superas
489 537 594 577 sedes
615 538 849 583 admittatur,
869 553 902 578 v.
931 539 1017 587 157,
1045 552 1141 590 sqq.‚
1159 539 1224 591 qui
1244 538 1394 590 quidem
1415 540 1512 591 ignis
1533 541 1581 580 ad

119 602 329 653 purgatorii
346 602 512 652 speciem
531 615 652 652 prope
677 603 838 641 accedit.
866 602 1030 640 Laudari
1059 603 1170 640 etiam
1194 611 1354 653 possunt
1379 615 1509 641 versus
1535 604 1584 642 de

117 674 254 704 sanctae
269 665 404 704 Crucis
419 666 676 712 veneratione,
690 665 757 704 lib.
773 666 836 714 Vl,
851 680 883 704 v.
897 667 958 714 26,
973 674 1121 717 sqq.‚et
1136 666 1183 705 de
1197 665 1401 704 virtutibus
1414 666 1585 704 christia·

119 731 189 777 nis,
202 729 286 778 VH,
307 743 391 776 171,
406 743 488 780 sqq.
505 729 581 768 sed
598 730 678 767 haec
697 730 786 768 satis
814 730 890 768 sint
909 730 1034 768 obiter
1053 739 1090 768 et
1109 730 1267 781 carptim
1292 730 1472 778 indicata,
1495 734 1585 782 quia

119 793 332 845 theologica
351 807 454 832 nunc
474 794 694 845 attingimus
710 803 856 832 tantum
872 826 882 843 ,
902 797 1013 846 plura
1034 794 1081 832 de
1101 795 1147 833 iis
1165 795 1305 832 dicturi
1324 795 1364 832 in
1388 795 1478 834 Exc.
1498 797 1558 835 Vi.

170 859 368 910 Praecipue
388 872 489 897 nunc
512 859 692 897 lectorem
717 859 913 898 attendere
931 859 1092 897 velimus
1111 859 1156 898 ad
1186 859 1373 911 insignem
1401 873 1478 898 non
1503 868 1587 898 sen-

120 922 323 960 tentiarum
354 922 493 969 modo,
513 922 579 960 sed
602 931 640 961 et
659 923 837 961 dictionis
856 923 1162 970 similitudinem,
1181 937 1266 975 quae
1287 924 1324 962 in
1352 932 1517 974 utroque
1540 925 1586 962 li-

119 985 189 1025 bro
219 987 458 1025 observatur.
482 987 575 1027 Nam
604 997 743 1039 praeter
770 988 884 1026 citata
914 1001 1030 1039 supra
1059 989 1106 1026 de
1128 988 1412 1035 incarnatione,
1436 988 1483 1026 de
1515 987 1584 1026 ba-

119 1051 281 1102 ptismo,
308 1051 355 1090 de
375 1051 541 1090 fluminis
565 1052 765 1100 incendio,
784 1051 864 1090 haec
890 1065 1045 1103 quoque
1070 1051 1185 1104 digna
1211 1061 1299 1090 sunt
1319 1065 1404 1103 quae
1425 1051 1525 1092 inter
1549 1064 1588 1089 se

121 1125 414 1167 componantur,
435 1116 504 1156 lib.
520 1117 624 1164 V1‚v.
651 1131 683 1165 ι,
701 1130 786 1168 sqq.
805 1132 813 1154 :

277 1181 465 1221 Ἀθανάτου
486 1181 594 1233 μέγαν
614 1180 684 1221 υἱὸν
704 1182 861 1233 ἀοίδιμον
872 1209 987 1222 .....

275 1239 325 1299 τῼ.
348 1245 467 1298 (θρόνον
489 1244 630 1299 ὕψιστος
648 1245 786 1297 γενέτης
802 1245 983 1298 παρέδωκε
1003 1244 1172 1284 λαὸἔσθαι

278 1308 399 1357 Μήπω
417 1308 612 1361 γεννηθέντι
623 1337 738 1348 .....

121 1374 261 1412 Confer
276 1373 339 1412 lib.
362 1374 451 1420 vil,
473 1386 514 1414 v.
533 1380 597 1420 al„
622 1386 704 1425 sqq.
723 1385 733 1412 ε

279 1436 390 1481 Αὐτὸς
406 1439 423 1475 ὁ
438 1436 611 1488 γεννηθεὶς
632 1440 650 1476 ὁ
664 1437 772 1488 μέγας
785 1435 892 1480 Θεός.
908 1464 918 1476 .
935 1465 944 1475 .

279 1502 344 1553 Τῷ
362 1500 429 1553 γάρ
448 1500 481 1539 τ’
500 1500 602 1545 αὐτὸς
623 1500 729 1539 ἔδωκε
751 1499 867 1553 Θρόνον
881 1499 972 1546 Θεὸς
986 1498 1200 1551 ἐγγυαλίξας.

121 1566 211 1604 ltem
230 1564 277 1604 de
299 1566 398 1617 regia
417 1565 560 1605 Christi
582 1565 749 1617 origine,
771 1564 834 1603 lib.
856 1565 903 1603 vl
918 1595 929 1612 ,
949 1578 984 1605 ν.
1004 1564 1049 1603 ι6
1066 1579 1074 1602 2

279 1623 387 1674 Οἶκος
401 1629 483 1669 ὅταν
499 1629 612 1669 Δαὸὶδ
632 1629 701 1683 φύῃ
723 1629 841 1683 φυτόν.

121 1693 263 1732 Confer
281 1694 345 1733 lib.
359 1694 451 1744 Vll,
470 1709 507 1734 v.
533 1696 576 1733 31
600 1709 609 1733 ς

278 1759 391 1798 Δαὸὶδ
410 1759 445 1798 δὲ
466 1760 512 1798 δι’
532 1758 626 1797 οἴκου
646 1758 761 1797 πάντα
778 1759 946 1798 τελεῖται.

122 1811 213 1850 item
234 1811 282 1851 de
304 1812 461 1850 caeiestis
485 1812 670 1850 doctrinae
691 1824 788 1862 pane
810 1824 856 1850 ex
876 1818 1005 1849 sancta
1032 1809 1174 1849 Christi
1207 1808 1355 1862 radice,
1383 1809 1491 1862 quasi
1517 1809 1607 1848 stu·-

125 1883 253 1915 mento
267 1876 451 1927 quodam,
478 1875 729 1927 germinante,
750 1874 817 1913 lib.
839 1876 908 1920 vl,
930 1888 967 1912 v.
1000 1875 1071 1912 15:

282 1938 350 1978 Ἐκ
371 1938 406 1976 δὲ
427 1944 504 1990 μιᾶς
525 1938 621 1992 ῥίζης
636 1937 740 1991 ἄρτου
758 1936 857 1991 κόρος
875 1936 1016 1977 ἔσσεται
1034 1937 1179 1990 ἀνδρῶν.

124 2007 265 2046 Confer
284 2007 350 2046 lib.
371 2001 514 2056 Vlev.
531 2009 593 2055 38,
611 2020 693 2058 sq.:

284 2072 376 2112 Ἀλλ’
392 2071 472 2112 ὅταν
485 2073 523 2110 ἐκ
539 2072 631 2126 ῥίζης
646 2069 793 2124 βλαστὸς
811 2070 883 2113 νέος
903 2071 1049 2123 ὄμματα
1067 2069 1156 2123 λύσῃ
1168 2097 1178 2115 ,

283 2137 316 2175 Τ
319 2135 429 2180 ἑκνοις
447 2136 469 2184 ἦ
489 2151 573 2175 ποτε
592 2141 680 2174 πᾶσι
696 2133 824 2188 τροφὴν
847 2134 989 2174 διέδωκε
1004 2134 1188 2188 περισσῆν.

175 2202 263 2240 Haec
287 2201 428 2252 legenti
461 2201 580 2239 cuivis
609 2209 647 2239 et
675 2200 913 2251 comparanti
941 2199 1050 2237 facile
1075 2198 1245 2250 ejusdem
1268 2199 1435 2237 auctoris
1461 2211 1598 2238 manus

125 2274 360 2317 agnoscetur.
381 2266 521 2304 Verum
549 2275 592 2304 ut
612 2274 746 2304 auctor
764 2265 844 2317 ipse
866 2272 1132 2316 cognoscatur,
1161 2271 1280 2314 utque
1298 2263 1451 2302 definiri
1480 2264 1599 2315 possit

125 2330 203 2381 ejus
225 2339 332 2375 aetas,
353 2330 499 2381 reliqua
531 2329 611 2380 ejus
636 2329 845 2367 carminum
869 2328 1135 2380 persequenda
1157 2336 1265 2376 sunt,
1289 2336 1328 2366 et
1358 2329 1599 2367 recensendae

127 2394 276 2445 septimi
317 2393 406 2432 libri
439 2394 579 2442 etiam,
603 2407 684 2444 quae
714 2393 897 2431 hactenus
928 2393 1075 2431 omissae
1108 2401 1222 2440 sunt,
1251 2391 1423 2444 prosanae
1454 2393 1595 2444 praedi-

127 2458 285 2498 ctiones.
312 2459 482 2505 Quarum
514 2458 641 2496 multae
671 2457 826 2509 quidem
846 2466 995 2495 temere
1018 2470 1089 2508 pro
1115 2456 1227 2494 libitu
1248 2454 1452 2494 scribentis
1468 2456 1601 2494 essusae

129 2521 325 2570 videntum
354 2522 437 2559 aliae
463 2521 686 2573 compositae
711 2521 759 2559 ad
792 2521 1041 2559 imitationem
1065 2520 1309 2559 oraculorum
1336 2519 1597 2571 antiquiorum

128 2585 402 2638 Sibyllinorum
422 2587 649 2628 aliorumve.
671 2588 725 2624 Ita
749 2587 937 2637 respicere
965 2585 1146 2625 videntur
1173 2584 1222 2622 ad
1247 2584 1387 2623 librum
1417 2585 1493 2634 lv,
1515 2599 1600 2634 qnae

129 2650 175 2689 dc
193 2652 322 2704 Cypro
343 2657 380 2691 et
398 2652 495 2691 Delo
511 2660 711 2700 canuntur,
728 2665 762 2690 v.
781 2652 816 2699 5,
836 2665 911 2702 sq„
935 2660 972 2690 et
991 2664 1076 2702 quse
1094 2650 1141 2689 de
1163 2643 1301 2689 Siciliae'
1315 2650 1466 2689 interno
1489 2651 1598 2703 igne,

130 2728 163 2755 v.
184 2717 220 2764 6,
248 2725 286 2754 et
308 2730 392 2768 ques
417 2716 464 2754 de
489 2716 634 2755 Thebis
653 2716 774 2767 captis
791 2745 808 2762 ,5
826 2729 862 2754 v.
888 2716 982 2766 ¹153
1003 2715 1051 2753 ad
1074 2715 1216 2752 librum
1236 2715 1306 2762 111,
1325 2719 1345 2761 S
1368 2717 1404 2762 3,
1437 2729 1522 2767 quae
1549 2716 1595 2754 de

131 2778 316 2818 Laodicea
345 2788 381 2817 et
405 2780 534 2831 Lyco,
555 2793 590 2819 v.
621 2793 684 2826 αα,
707 2793 781 2831 sq„
807 2788 843 2818 et
865 2792 950 2830 quae
974 2779 1020 2817 de
1047 2778 1256 2828 Corintho,
1285 2791 1319 2816 v.
1349 2779 1418 2827 60,
1454 2793 1528 2832 sq.,
1561 2790 1598 2820 et
