1686 3500
663 230 981 276 excussus
1016 198 1073 274 ν.
1379 217 1387 227 “
1510 232 1602 278 395

128 336 282 378 auctore
301 325 507 377 primario,
537 325 616 363 sive
649 338 716 363 sua
742 313 863 375 ipsius
882 324 961 363 sive
989 337 1037 363 ex
1064 319 1188 362 aliena
1210 337 1313 376 penu
1331 324 1602 378 depromptum

127 391 247 446 (parvi
266 389 421 442 quidem
441 390 478 428 id
503 389 656 440 refert),
679 388 719 428 in
740 388 859 438 illam,
878 401 995 439 quam
1018 400 1118 426 nunc
1139 381 1283 438 habet,
1299 388 1428 427 sedem
1454 389 1602 429 illatum

127 469 223 497 esse.
244 454 304 494 Ab
331 463 488 494 auctore
515 453 705 501 diximus,
724 467 801 491 non
832 453 881 492 ab
901 453 989 492 alio.
1009 453 1050 491 Si
1066 453 1169 491 enim
1191 451 1240 491 ab
1265 453 1525 502 emendatore,
1541 455 1604 493 cui

127 521 252 562 bono?
272 520 482 572 praesertim
499 531 617 570 quum
636 519 719 570 ipse
742 518 860 570 magis
876 519 1069 569 epitomen
1088 520 1316 569 suscepisset
1331 531 1445 569 quam
1467 520 1604 571 ampli·

126 585 340 625 ficationem
360 583 475 635 hujus
493 582 594 624 libri.
614 582 719 621 ldem
740 582 788 622 de
816 582 969 621 duobus
990 581 1242 634 sequentibus
1269 582 1363 621 locis
1382 582 1604 633 dicendum,

126 664 221 703 quos
248 649 352 688 nulla
371 656 453 687 erat
477 661 592 686 causa
615 661 684 686 cur
697 661 717 685 e
738 647 853 686 tertio
873 647 933 686 vel
953 647 1117 698 septimo
1137 646 1238 685 libro
1259 646 1333 689 huc
1351 647 1507 686 afferret
1524 648 1606 699 epi-

127 722 302 762 tomator‚
317 712 389 752 nisi
407 725 474 752 eos
496 711 536 752 in
556 712 749 764 primario,
763 720 869 750 textu
891 711 1112 752 invenisset.

175 780 269 819 Post
283 779 476 828 lacunam,
495 785 673 829 suspecta
687 777 799 816 etiam
815 790 896 815 esse
909 776 1029 827 possit
1049 790 1137 827 pars
1157 776 1282 815 omnis
1297 789 1384 827 quae
1394 776 1442 814 de
1452 776 1608 816 Christo

125 845 211 897 agit,
225 852 387 895 propter
403 842 640 882 crebriorem
659 843 697 880 in
714 856 758 881 ea
773 841 864 880 libri
881 842 1006 880 octavi
1027 842 1292 889 imitationem,
1312 855 1380 881 seu
1400 842 1529 893 potius
1545 855 1608 881 au·

124 909 254 947 dacem
273 917 311 947 et
329 907 587 959 importunam
611 906 963 958 transcriptionem.
986 908 1129 945 Verum
1148 906 1248 944 iuter
1262 905 1359 944 hanc
1376 914 1415 945 et
1435 906 1605 958 priorem

124 972 210 1011 libri
239 972 352 1020 hujus
379 979 527 1022 partem
550 970 719 1009 diximus
750 970 889 1008 similia
917 970 1092 1023 quaedam
1111 979 1148 1008 et
1167 979 1327 1022 cognata
1356 970 1539 1022 reperiri,
1566 979 1608 1010 ut

122 1037 207 1075 illos
226 1035 305 1074 duo
326 1035 504 1087 griphos,
524 1034 686 1073 alterum
705 1034 753 1073 de
772 1035 860 1084 Dei,
895 1035 1060 1073 alterum
1095 1034 1145 1073 de
1172 1038 1262 1074 Jesu
1289 1035 1466 1082 nomine,
1491 1048 1607 1087 supra

123 1102 273 1141 citatos.
295 1099 401 1138 Adde
418 1098 559 1150 passim
589 1098 793 1137 notandam
823 1099 1002 1137 dictionis
1031 1098 1318 1137 similitudinem
1334 1127 1346 1147 ,
1366 1107 1403 1138 et
1423 1099 1604 1150 quasdam

122 1177 344 1204 communes
363 1177 496 1211 voces,
516 1172 558 1201 ut
585 1162 824 1216 ἁπιστοκόρος,
852 1177 889 1203 v.
915 1164 1002 1209 150.
1025 1177 1113 1212 177,
1134 1176 1341 1215 rursusque
1359 1177 1393 1203 v.
1413 1165 1504 1215 329.
1525 1163 1605 1203 Nec

124 1229 244 1281 plagia
277 1227 487 1280 quidquam
523 1228 728 1266 officiunt:
755 1228 947 1280 primum,
975 1227 1078 1279 quod
1113 1242 1183 1280 per
1215 1236 1337 1268 totum
1366 1228 1505 1267 librum
1526 1242 1603 1267 non

122 1308 242 1347 pauca
261 1294 484 1345 hujusmodi
504 1293 939 1339 notaverimus3deinde
954 1293 1056 1344 quod
1078 1294 1198 1332 multo
1220 1293 1330 1344 plura
1348 1302 1386 1332 ct
1399 1293 1607 1332 audaciora

123 1373 324 1398 recursura
348 1359 423 1397 sint
456 1359 493 1396 iu
522 1358 629 1396 libris
652 1359 833 1405 Xl-XlV,
865 1357 956 1396 huic
989 1371 1114 1410 prope
1140 1357 1386 1408 supparibus.
1412 1359 1539 1410 Atque
1563 1358 1602 1396 id

123 1428 159 1463 in
187 1437 326 1475 genere
356 1423 433 1462 dici
452 1431 597 1474 potest,
622 1422 838 1473 Sibyllistas
867 1436 1000 1460 omnes
1029 1435 1110 1461 sese
1140 1423 1298 1460 invicem
1319 1422 1549 1474 excerpendi
1569 1431 1606 1461 et

121 1487 354 1539 compilandi
378 1487 531 1526 licentia
550 1487 690 1526 abusos
715 1501 817 1535 esse,
837 1488 1000 1527 maxime
1018 1501 1111 1526 vcro
1143 1488 1447 1526 recentissimum
1468 1501 1606 1539 quem-

121 1566 210 1604 que,
228 1561 271 1590 ut
287 1566 307 1591 e
329 1552 434 1591 libris
450 1553 591 1591 nostris
610 1552 711 1591 inter
731 1566 772 1591 se
794 1554 1025 1604 comparatis
1045 1552 1260 1604 apparebit.
1276 1552 1454 1604 Denique
1473 1553 1504 1591 si
1523 1552 1605 1591 haec

123 1617 169 1655 ab
192 1625 350 1655 auctore
372 1617 557 1667 primario
582 1613 695 1668 liujus
721 1616 810 1654 libri
841 1618 1015 1667 profecta
1034 1630 1111 1655 non
1132 1625 1241 1667 sunt,
1264 1630 1358 1668 ergo
1380 1616 1429 1654 ab
1455 1617 1607 1656 editore

120 1681 198 1720 sive
220 1681 518 1733 interpolatore,
543 1681 591 1719 de
607 1695 686 1732 quo
709 1682 825 1720 modo
845 1683 1006 1734 egimus.
1026 1684 1075 1722 At
1095 1681 1134 1720 id
1155 1682 1312 1720 difficile
1331 1681 1602 1733 concedemus,

121 1747 290 1798 potuisse
311 1746 506 1785 hominem
530 1747 733 1785 mediocris
760 1761 851 1786 sane
871 1748 1015 1798 ingenii
1037 1762 1082 1786 ac
1104 1748 1262 1786 minime
1285 1757 1438 1799 poetam
1453 1777 1464 1796 ,
1489 1747 1603 1786 etiam

121 1810 301 1850 adhibitis
316 1820 535 1851 ceterorum
555 1811 741 1850 librorum
760 1812 924 1858 auxiliis,
940 1821 1014 1850 tam
1038 1821 1126 1864 apte
1145 1812 1377 1851 concinnare
1395 1821 1478 1860 aut,
1495 1812 1525 1850 si
1542 1813 1604 1852 cui

126 1876 240 1927 magis
259 1876 683 1927 placet,consarcinare
705 1884 823 1914 totam
839 1876 942 1916 illam
959 1876 1007 1914 de
1023 1876 1176 1915 Christo
1198 1876 1407 1927 pericopen
1424 1889 1602 1919 versuum

124 1942 199 1980 sere
219 1955 314 1988 Lxx3
332 1942 541 1993 praesertim
560 1954 679 1991 quum
699 1942 737 1979 in
765 1941 809 1979 iis
826 1950 1032 1980 occurrant
1052 1941 1152 1979 bona
1175 1941 1350 1992 quaedam
1370 1949 1408 1980 ct
1426 1940 1514 1980 satis
1531 1941 1606 1979 ele-

120 2016 251 2057 ganter
271 2006 393 2053 dicta,
411 2020 496 2057 quae
514 2019 585 2045 nec
603 2006 642 2045 in
664 2008 801 2046 ceteris
815 2006 925 2045 libris
944 2020 1107 2057 usquam
1127 2014 1360 2057 occurrunt,
1379 2016 1416 2048 et
1433 2006 1496 2050 hic
1516 2005 1603 2045 ideo

121 2079 205 2109 sunt
222 2084 294 2123 pro
311 2071 422 2108 novis
439 2070 615 2108 habenda
628 2100 638 2116 ‚
659 2079 701 2109 ut
720 2071 837 2118 illud,
858 2084 894 2110 v.
915 2072 1004 2118 336,
1024 2084 1107 2122 sqq.
1124 2085 1133 2108 ε

276 2140 368 2180 Ἀλλ’
384 2140 513 2179 ὁπόταν
534 2141 631 2194 φωνή
647 2156 699 2185 τις
716 2141 889 2194 ἐρημαίης
912 2141 966 2179 διὰ
991 2140 1109 2194 χώρης

275 2203 379 2250 Ἥξει
395 2204 666 2257 ἀπαγγέλλουσα
684 2207 841 2258 βροτοῖς,
864 2221 896 2246 κ.
915 2221 947 2243 τ.
961 2207 997 2245 λ.

125 2277 169 2315 Et
187 2275 305 2321 inud,
330 2289 365 2313 v.
387 2277 480 2326 379,
500 2289 587 2326 sqq.
610 2289 619 2316 :

279 2346 396 2398 Αὐτὰρ
409 2344 495 2393 ἐπὴν
514 2344 595 2397 ἔλθῃ
615 2345 727 2398 τρισὶν
745 2344 879 2398 ἤμασιν
897 2347 944 2389 εἷς
958 2346 1042 2400 φάος
1055 2340 1150 2390 αὖθις
1163 2375 1173 2394 ,

279 2410 349 2450 Καὶ
372 2410 469 2463 δείξῃ
489 2412 643 2457 θνητοῖσι
661 2409 788 2459 τύπον,
805 2425 837 2449 κ.
854 2427 888 2450 τ.
907 2411 944 2451 λ.

124 2481 168 2520 Et
183 2481 294 2532 paulo
310 2482 423 2530 infra,
442 2494 480 2520 v.
502 2482 592 2529 383,
613 2494 697 2533 sqq.
718 2496 727 2519 ε

275 2552 349 2591 Τοῦ
369 2552 429 2591 καὶ
449 2552 630 2605 ἐπωνυμίῃ
652 2550 802 2602 βλαστὸς
820 2550 894 2596 νέος
909 2550 1088 2599 ἀνθήσειεν

275 2615 337 2662 Ἐξ
356 2618 463 2656 ἐθνῶν
476 2648 487 2666 ,
511 2632 548 2657 κ.
570 2632 602 2655 τ.
622 2616 655 2656 λ.

122 2684 166 2723 Et
186 2688 401 2739 sequentia,
423 2701 544 2739 usque
566 2687 614 2725 ad
635 2686 726 2726 libri
747 2688 882 2735 finem,
903 2700 940 2725 v.
962 2687 1054 2735 387,
1077 2699 1164 2738 sqq.
1187 2700 1196 2724 ε

275 2758 395 2798 Ἔνθεν
417 2758 500 2798 ὅταν
524 2758 701 2812 Ἑὸραῖοι,
718 2774 751 2797 κ.
774 2774 806 2798 τ.
827 2759 860 2797 λ.

121 2828 209 2873 Quae
237 2830 384 2878 omnia,
404 2839 447 2869 ut
474 2843 543 2883 per
571 2844 610 2868 se
635 2829 738 2869 bona
757 2838 856 2877 sunt,
877 2829 929 2867 ita
950 2842 1019 2880 per
1039 2842 1079 2867 se
1103 2828 1183 2867 sola
1195 2836 1298 2868 stare
1309 2841 1387 2868 non
1415 2836 1596 2881 possunt,

122 2899 158 2929 ct
177 2906 262 2931 cum
286 2893 331 2932 iis
349 2908 434 2946 quae
453 2895 676 2947 praecedunt
690 2908 854 2946 quaeque
872 2902 1084 2945 sequuntur
1105 2901 1180 2932 tam
1201 2901 1304 2932 arcte
1322 2892 1539 2941 cohaerent,
1556 2902 1598 2932 ut
