1686 3500
592 237 900 282 EXCURSUS
936 238 1015 283 vt.
1374 237 1382 248 “
1449 239 1539 285 503

71 344 109 373 ιιι
129 332 220 371 olim
243 332 468 384 Pompeius,
487 318 632 371 bellum
648 332 760 371 civile
782 318 1039 371 translaturus
1057 333 1219 381 canitur,
1236 342 1422 386 quantum
1440 334 1546 373 colli-

69 397 193 449 gimus
206 409 254 435 ex
275 396 360 449 ipso
379 409 498 446 supra
514 396 633 434 citato
651 397 760 444 loco,
779 410 814 435 v.
833 398 923 445 372,
936 408 1019 448 sqq.
1037 411 1046 435 ι

227 461 303 507 Τῆς
321 473 359 497 τι
379 458 605 507 Μακηδονίης
623 459 740 505 στάξει
752 460 855 513 χόλος
870 461 905 498 ἐν
925 460 1072 500 πεδίοισι

230 522 447 575 Συμμαχίην
467 525 516 576 τῷ
533 523 566 574 γ’
582 524 620 562 ἐκ
645 524 802 574 δυσμῶν,
819 525 1000 576 βασιλεῦσι
1020 524 1049 562 δ’
1068 522 1207 578 ὄλεθρον
1220 552 1232 572 ,

72 586 173 627 unde
193 595 316 640 patet,
337 587 469 639 praelio
489 587 528 625 in
552 588 776 627 Macedonia
801 587 1018 636 commisso,
1041 587 1226 626 victorem
1249 587 1331 626 fore
1347 587 1543 628 Antichri-

71 660 170 690 stum
183 679 194 700 ,
214 664 327 703 quem
358 651 421 690 hic
441 651 633 703 designari
654 661 799 690 certum
816 660 874 690 est
895 651 956 690 his
977 651 1104 690 verbis
1121 652 1172 705 τῷ
1186 651 1220 702 γ’
1240 652 1282 691 ἐκ
1304 652 1470 703 δυσμῶν,
1490 653 1545 691 si-

70 724 135 754 cut
155 728 294 767 supra,
313 728 349 754 v.
375 716 463 760 103,
481 714 582 759 αὐτὸς
598 715 628 753 δ’
647 715 686 753 ἐκ
706 715 847 767 δυσμῶν
865 731 873 755 :
898 715 1126 767 additurque
1144 716 1322 755 ultimum
1352 724 1443 755 tunc
1465 716 1546 756 sore

69 779 180 818 victis
199 779 376 826 exitium,
397 780 577 831 βασιλεῦσι
602 778 662 816 vel
690 781 834 830 βασιλῆϊ
858 779 887 817 δ’
909 778 1066 832 ὄλεθρον,
1085 780 1166 819 sive
1188 793 1327 818 novam
1348 779 1546 819 lectionem

69 843 239 895 sequaris
268 845 468 896 βασιλεῦσι,
493 843 541 881 de
561 842 739 883 omnibus
760 844 987 894 Antoninis,
1018 845 1098 883 sive
1124 854 1289 884 veterem
1316 846 1478 897 βασιλῆϊ,
1501 844 1549 884 de

69 923 147 947 uno
167 922 301 948 eorum
324 908 543 961 superstite.

122 973 180 1012 Ad
213 973 315 1012 istud
348 973 501 1011 veroin
523 973 669 1012 Graecia
695 972 839 1011 bellum
869 974 1064 1024 pertinere
1092 983 1272 1026 putamus
1300 974 1400 1013 illum
1431 988 1547 1026 supra

68 1038 245 1077 Corinthi
263 1038 633 1089 complorationem,
654 1052 691 1077 v.
711 1040 804 1087 213,
825 1051 912 1090 sqq.
931 1053 940 1076 ε

227 1102 350 1155 Μύρου
369 1101 428 1140 καὶ
445 1100 486 1140 σὺ
501 1132 511 1150 ,
534 1101 702 1155 ΚόρινΟε,
721 1116 755 1140 κ.
773 1118 805 1140 τ.
826 1103 860 1141 λ.

70 1167 127 1207 lbi
140 1167 242 1206 enim
261 1167 446 1205 docemur
460 1182 481 1204 n
497 1168 647 1206 Nerone
662 1167 900 1206 Antichristo
912 1166 1099 1207 redeunte
1110 1168 1399 1208 Corinthiorum
1415 1182 1548 1220 agrum

69 1241 258 1271 vastatum
281 1231 351 1280 iri,
377 1244 417 1271 v.
441 1232 516 1269 218
536 1246 545 1269 ε

227 1295 298 1336 Καὶ
316 1295 380 1343 σὴν
401 1302 503 1347 γαῖαν
521 1296 617 1343 ὀλεῖ,
634 1296 693 1334 καὶ
712 1296 832 1350 κόψει,
848 1298 894 1340 ὡς
912 1296 1152 1350 προτὲθειται,

69 1360 276 1400 ulciscente
295 1372 432 1410 nempe
445 1357 710 1399 crudelissimo
735 1361 821 1400 viro
842 1362 982 1399 frustra
1001 1361 1092 1400 olim
1112 1376 1132 1400 a
1152 1374 1192 1400 se
1211 1369 1397 1401 tentatum
1416 1361 1548 1402 isthmi

70 1424 315 1477 perfodiendi
334 1424 519 1471 laborem,
537 1439 574 1465 v.
593 1426 687 1475 216,
707 1439 762 1477 sq.
781 1440 788 1464 :

595 1489 694 1534 Ἕως
709 1489 851 1531 ἐσίδωσί
868 1506 906 1530 τε
925 1490 1050 1535 πάντες

226 1555 297 1594 Τὸν
317 1555 431 1595 πάλαι
453 1554 650 1609 ἐκκόψαντα
670 1554 802 1609 πέτρην
825 1556 1023 1602 πολυήλατι
1039 1556 1179 1610 χαλκῷ.

71 1623 207 1661 Postea
228 1620 383 1659 minime
411 1620 571 1658 dubium
595 1629 676 1667 est,
700 1622 769 1659 etsi
793 1622 910 1659 multa
933 1622 1276 1672 praetermittantur
1292 1635 1314 1660 a
1333 1630 1469 1673 poeta,
1492 1636 1551 1661 re·

71 1694 277 1736 gnaturum
310 1685 349 1723 in
373 1684 469 1723 orbe
496 1685 680 1723 universo
702 1685 1006 1734 Antichristum‚
1033 1685 1264 1738 saevitiaeque
1284 1694 1324 1725 et
1344 1685 1551 1725 sceleribus

71 1750 282 1788 effusurum
297 1749 477 1796 habenas,
491 1748 594 1800 quod
605 1750 803 1800 sequentia
824 1749 1001 1788 videntur
1015 1750 1201 1799 indicare,
1219 1763 1256 1790 v.
1275 1756 1365 1796 224,
1389 1763 1470 1802 sqq.
1486 1763 1495 1791 :

232 1816 329 1854 Πᾶσι
349 1813 416 1867 γὰρ
436 1812 647 1866 ἀνθρώποισι
669 1813 767 1867 φόνος
787 1812 845 1852 καὶ
866 1813 1013 1864 δείματα
1033 1820 1160 1863 κεῖται,
1176 1830 1211 1854 κ.
1230 1830 1264 1855 τ.
1287 1815 1340 1861 λ.,

74 1889 186 1930 atque
202 1879 291 1918 illuc
312 1878 424 1917 etiam
448 1879 547 1916 redit
565 1879 704 1916 citatus
720 1892 837 1930 supra
858 1892 1017 1917 versus:

222 1942 432 1997 ΙΣύμποισαν
451 1949 553 1994 γαῖαν
572 1943 788 1995 πολιορκῶν,
805 1948 920 1994 πᾶσαν
940 1944 1094 1995 ἐρημῶν.

74 2008 146 2048 Sed
167 2018 253 2047 ante
283 2009 382 2047 illius
402 2009 579 2047 immanis
600 2008 758 2046 monstri
787 2008 1023 2059 tyrannidem
1046 2007 1220 2059 quaedam
1251 2007 1405 2046 videtur
1425 2021 1552 2047 rerum

76 2074 274 2112 conversio
299 2074 334 2111 in
358 2074 491 2122 terris,
525 2074 656 2112 saltem
679 2073 718 2110 in
733 2073 880 2123 Judaea,
906 2074 1033 2112 fuisse.
1067 2073 1160 2112 Nam
1183 2073 1245 2111 vix
1268 2072 1414 2125 potitus
1436 2085 1552 2125 regno

79 2135 335 2177 Antichristus
347 2139 490 2176 dicitur
505 2138 631 2176 statim
652 2138 834 2176 adversus
850 2147 1070 2176 sanctorum
1088 2137 1222 2177 urbem
1244 2151 1346 2176 arma
1366 2134 1556 2185 moturus,

77 2220 113 2245 ν.
139 2206 223 2252 105,
242 2217 302 2255 sq.
324 2219 332 2242 z

234 2267 325 2306 Ἀλλ’
342 2268 423 2305 ὅταν
439 2267 521 2321 ὕψος
540 2265 604 2320 ἔχῃ
626 2266 792 2319 κρατερὸν
807 2266 866 2305 καὶ
881 2265 1005 2319 τάρὸος
1025 2265 1132 2314 ἀηδὴς
1144 2295 1155 2314 ,

232 2331 333 2378 Ἵὶξει
353 2332 383 2370 δ’
398 2326 441 2370 αὖ
464 2331 629 2383 μακάρων
649 2331 774 2371 ἐθέλων
796 2332 897 2372 πόλιν
915 2331 1137 2377 ἐξαλαπάξαι.

75 2400 287 2446 Quamnam
315 2397 416 2434 illam
447 2396 602 2442 urbem,
626 2395 697 2434 nisi
727 2397 810 2447 ipsa
835 2397 1129 2447 Hierosolyma?
1158 2396 1205 2434 Et
1225 2396 1327 2434 unde
1352 2395 1414 2434 illa
1434 2409 1551 2448 gens,

79 2462 149 2501 nisi
168 2462 393 2501 Judaeorum
417 2469 565 2512 gentem
595 2461 786 2511 intelligas
810 2461 849 2498 in
875 2461 1002 2511 patrio
1021 2460 1103 2498 solo
1127 2461 1367 2499 restitutam?
1394 2461 1555 2500 Videtur

77 2542 168 2579 ergo
195 2536 306 2579 poeta
333 2535 482 2579 gentem
505 2539 642 2566 novam
670 2526 899 2564 intellexisse
918 2525 1164 2577 Judaeorum,
1189 2539 1253 2565 seu
1278 2525 1417 2577 partim
1441 2539 1462 2564 e
1481 2527 1552 2566 Ju-

78 2592 191 2640 daeis,
218 2591 355 2643 partim
377 2606 397 2629 e
423 2591 650 2643 proselytis,
678 2591 819 2641 partim
842 2591 978 2639 etiam,
1006 2591 1078 2628 nisi
1109 2591 1292 2636 fallimur,
1312 2604 1334 2629 e
1357 2590 1554 2630 Christia-

81 2658 138 2695 nis
159 2655 448 2708 judaizantibus
472 2656 673 2693 conflatam
687 2684 698 2706 ‚
719 2668 804 2706 quoe
828 2655 975 2694 Messiae
995 2654 1112 2693 ductu
1133 2656 1192 2693 vel
1216 2655 1395 2706 auspiciis
1414 2654 1454 2693 in
1474 2655 1555 2707 ipsa

80 2734 146 2759 sua
174 2720 332 2771 antiqua
354 2719 569 2769 dilectaque
597 2720 720 2770 patria
743 2732 883 2756 novum
914 2732 1071 2769 regnum
1092 2718 1334 2767 condiderit,
1368 2718 1416 2757 ad
1440 2733 1555 2771 quam
1602 2748 1608 2754 .

78 2785 369 2837 expugnandam
391 2798 493 2823 nnnc
519 2785 723 2823 adducitur
742 2785 1008 2824 Antichristus.
1037 2786 1084 2823 lit
1104 2786 1181 2835 jam
1211 2784 1379 2823 diximus
1402 2786 1461 2823 vel
1484 2786 1557 2824 hoc

82 2863 158 2888 uno
178 2857 403 2899 argumento
421 2849 514 2888 satis
535 2849 655 2887 refelli
675 2850 742 2901 qui
762 2850 874 2887 istum
894 2848 1023 2887 decem
1049 2848 1226 2888 tribubus
1248 2862 1294 2887 ex
1315 2848 1470 2888 Oriente
1493 2863 1556 2888 re-

83 2909 290 2951 deuntibus
326 2912 458 2951 ducem
493 2913 768 2964 praesecerunt3
794 2914 851 2951 vel
875 2913 938 2965 qui
967 2914 1089 2965 ipsum
1117 2912 1259 2952 Judaeis
1289 2913 1557 2951 amicissimum
