1686 3500
77 172 172 218 572
460 170 538 215 AD
571 169 911 216 sissYLuNos
950 141 1156 217 Llssaos

76 268 240 307 decretis
268 267 454 316 definitae,
483 267 608 306 libero
643 281 753 320 paene
787 268 985 308 hominum
1013 266 1176 306 arbitrio
1205 266 1539 318 permittebantur.

75 333 252 384 Amplior
268 341 394 371 autem
411 332 533 370 errori
554 345 712 384 campus
729 333 900 384 patebat,
915 332 1018 385 quod
1031 331 1206 382 plerique
1220 329 1430 369 Christiani
1446 332 1542 384 aju-

70 397 221 449 da'ismo
248 397 308 435 vel
325 397 534 448 gentilitate
563 410 695 435 recens
719 396 768 434 ad
798 407 946 436 nostras
975 404 1099 447 partes
1128 395 1374 445 transgressi,
1408 395 1545 446 saepius

74 461 218 499 incauti
234 469 348 513 atque
370 460 478 499 inviti
495 460 705 512 priscarum
726 461 952 513 opinionum
971 457 1151 509 reliquias
1172 470 1299 496 secum
1315 458 1544 498 asserebant.

75 524 182 574 Ipsos
205 524 338 563 Patres
364 524 640 562 ecclesiasticos
652 552 662 569 ,
685 526 890 576 praesertim
907 522 1174 575 graecos,circa
1189 521 1301 560 iidem
1316 535 1416 573 soepe
1430 523 1544 560 vacil-

75 587 194 625 lantes
212 587 549 639 deprehendimuS.
571 588 617 626 Et
634 596 713 626 tum
734 589 897 627 maxime
923 585 1135 639 apocryphi
1163 584 1405 636 pullulabant
1432 585 1541 634 libri,

74 665 144 689 nec
162 651 253 690 satis
275 665 296 690 a
316 651 510 690 canonicis
531 651 712 703 distingui
734 659 931 704 poterant,
954 651 992 688 in
1013 663 1151 700 magno
1175 649 1355 688 Ecclesiae
1378 650 1543 688 silentio.

71 716 216 766 Synodi
243 716 291 754 ‹le
318 715 433 754 rebus
461 716 725 754 ecclesiasticis
758 730 887 767 paucae
912 714 1143 761 admodum,
1173 713 1335 752 necdum
1358 714 1544 765 generalis

73 779 149 817 ulla
163 779 351 819 celebrata
373 781 510 819 suerat.
527 781 668 819 Deerat
687 794 777 832 ergo
798 780 883 818 fidei
900 780 1048 831 regula;
1068 779 1201 817 deerat
1213 779 1326 816 etiarn
1341 792 1545 817 commune

67 844 151 895 juS,
173 857 292 895 quum
322 845 494 896 episcopi
511 858 615 883 suam
633 845 792 895 quisque
814 844 1007 882 ecclesiam
1035 857 1105 881 suo
1137 856 1245 894 paene
1271 842 1459 881 arbitratu
1482 857 1543 882 re-

71 916 222 958 gentes,
245 909 338 946 nulli
363 917 471 946 extra
491 909 722 960 provinciam
743 921 850 945 suam
869 907 1086 945 auctoritati
1104 921 1147 944 ac
1166 907 1230 944 vix
1252 907 1542 958 provincialium

70 984 160 1009 raro
176 980 212 1010 et
227 971 379 1010 difficile
399 972 614 1011 cocuntium
628 971 774 1023 judicio
790 970 945 1009 obnoxii
963 979 1096 1010 essent.
1110 973 1161 1009 Ac
1176 983 1222 1008 ne
1238 970 1373 1022 optimi
1389 970 1542 1020 quidem

70 1035 338 1087 episcoporum
357 1036 592 1089 presbyteris
613 1036 690 1074 suis
709 1032 747 1073 et'
763 1036 868 1074 laicis
889 1036 976 1074 satis
998 1034 1218 1085 invigilar'e,
1238 1034 1376 1073 sntisve
1397 1034 1546 1072 tuendae

71 1098 158 1137 {idei
182 1100 381 1137 consulere
400 1108 591 1150 poterant,
615 1099 864 1137 circumventi
886 1099 1110 1150 plerumque
1131 1096 1485 1148 persecutionibus,
1501 1109 1544 1134 ac

69 1176 167 1212 saepe
183 1163 241 1200 vel
261 1164 347 1213 suga
365 1163 422 1200 vel
443 1175 595 1200 carcere
615 1163 672 1200 vel
702 1163 886 1212 martyrio
917 1176 937 1200 a
969 1174 1125 1200 suorum
1150 1160 1318 1198 fidelium
1345 1174 1436 1198 cura
1462 1159 1543 1197 dis-

71 1228 194 1275 tracti,
213 1228 360 1266 ctiamsi
383 1226 671 1276 omnes-judicio
691 1235 728 1266 et
749 1227 923 1265 doctrina
944 1241 1051 1277 aeque
1072 1226 1220 1278 praediti
1245 1226 1429 1274 fuissent,
1451 1239 1545 1276 non,

71 1300 113 1329 ut
129 1304 228 1342 saepe
247 1290 420 1329 accidere
438 1303 591 1328 necesse
611 1290 697 1339 ruit,
727 1290 878 1342 pietatis
894 1291 1034 1341 saepius
1062 1303 1175 1340 quam
1205 1290 1348 1340 ingenii
1378 1290 1474 1327 sama
1496 1289 1543 1327 ad

70 1354 163 1392 illud
184 1368 322 1393 munus
343 1355 475 1393 evecti.
495 1354 608 1400 Quod
635 1355 664 1392 si
685 1367 817 1392 omnes
844 1362 923 1392 tum
945 1353 1150 1392 Christiani
1171 1353 1217 1391 ad
1243 1367 1367 1392 veram
1389 1353 1543 1392 vivendi

69 1427 109 1456 et
136 1418 323 1457 sentiendi
348 1431 521 1456 normam
543 1418 740 1456 informati
768 1418 929 1456 fuissent
951 1417 1066 1456 docto
1093 1430 1301 1468 severoque
1326 1418 1544 1468 magisterio

68 1483 274 1522 Clementis
302 1482 462 1534 alicujus
486 1483 670 1534 Romani,
690 1491 755 1521 aut
777 1482 939 1534 ignatii,
963 1491 1027 1520 aut
1054 1482 1363 1533 l‘olycarpi,nut
1389 1482 1542 1528 lrenaei,

68 1547 189 1585 rarius
221 1548 395 1599 profecto
419 1547 465 1585 ad
493 1561 632 1598 pravas
664 1547 868 1599 opiniones
885 1546 1146 1594 deflexissent;
1178 1545 1243 1584 sed
1263 1554 1315 1592 et,
1350 1546 1421 1583 nisi
1449 1545 1540 1584 salli-

68 1625 179 1661 mur,
208 1626 229 1649 a
256 1610 467 1650 scribendis
494 1611 689 1662 Sibyllinis
713 1610 885 1659 dissuasi,
907 1610 998 1649 huic
1021 1609 1294 1648 controversiae
1311 1610 1436 1648 locum
1466 1622 1540 1647 nou

66 1676 273 1714 dedissent.

248 1896 256 1906 ·
276 1878 387 1918 CAP.
418 1877 481 1917 lV.
510 1880 568 1916 De
599 1879 839 1915 democratico
855 1875 1135 1926 Sc'bylllstarum
1160 1875 1328 1927 ingenie.

121 1993 232 2032 Aliud
250 1991 457 2045 Sibyllistis
475 1993 596 2046 objici
614 1993 812 2045 quondam
831 1993 1047 2032 audivimus
1070 2007 1092 2032 a
1114 1994 1200 2032 viro
1210 1992 1327 2045 gravi
1347 2000 1386 2031 et
1405 1991 1541 2040 docto,

65 2057 170 2108 quod
186 2057 445 2107 democratiae,
467 2067 504 2096 et
524 2058 680 2110 quidem
701 2057 757 2096 illi
771 2058 1017 2096 democratiae
1037 2058 1164 2110 generi
1187 2070 1264 2108 quo
1286 2064 1324 2096 et
1352 2057 1543 2095 humana-

67 2136 150 2160 rum
167 2123 432 2161 conditionum
447 2132 484 2161 et
506 2123 675 2175 ipsorum
698 2123 1017 2174 patrimoniorum
1036 2122 1183 2161 tollitur
1196 2135 1309 2160 omne
1323 2121 1542 2170 discrimen,

68 2186 224 2224 nimium
253 2186 382 2226 favere
408 2187 646 2226 viderentur.
674 2187 793 2239 Cujus
814 2188 869 2226 rei
897 2195 1028 2226 testem
1056 2187 1160 2225 hunc
1189 2186 1384 2238 praecipue
1415 2186 1541 2224 locum

67 2250 263 2301 asserebat,
284 2251 352 2291 lib.
373 2252 477 2302 vul,
497 2265 535 2293 v.
555 2266 644 2304 209,
665 2266 747 2305 sqq.
770 2266 779 2291 :

223 2316 312 2355 Γαῖα
334 2317 363 2354 δ’
380 2315 439 2364 ἴση
458 2317 613 2364 πάντων,
636 2318 673 2356 οὗ
693 2316 856 2370 τείχεσιν,
876 2315 915 2354 οὗ
932 2320 1185 2369 περιφρκγμοῖς

223 2381 313 2419 Οὐδὲ
342 2381 563 2435 μεριζομένη,
583 2380 736 2435 καρποὺς
756 2381 834 2420 τότε
853 2379 1014 2423 πλείονας
1033 2379 1132 2419 οἴσει.

64 2445 139 2493 Qui
157 2445 263 2484 locus
282 2447 395 2485 etiam
419 2456 553 2486 auctus
569 2448 748 2494 recurrit,
766 2446 837 2487 lib.
858 2446 912 2492 11,
934 2459 967 2484 v.
994 2446 1081 2494 320,
1097 2458 1181 2497 sqq.
1205 2457 1215 2484 2

224 2511 313 2556 Γαῖα
334 2511 366 2549 δ’
386 2511 446 2559 ἴση
464 2512 620 2564 πάντων,
638 2513 676 2551 οὖ
692 2511 858 2564 τείχεσιν,
885 2511 923 2549 οὗ
943 2514 1196 2563 περιφραγμοῖς

224 2574 315 2614 Οὐδὲ
337 2576 559 2627 μεριζομένη.
580 2575 734 2629 καρποὺς
753 2574 831 2614 τότε
847 2573 1010 2617 πλείονας
1025 2573 1114 2612 οἴσει

223 2639 428 2690 Αὖτομοίτη,
451 2641 558 2678 κοινοί
573 2655 611 2678 τε
633 2641 715 2692 βίοι,
741 2639 799 2678 καὶ
817 2641 965 2681 πλοῦτος
986 2638 1139 2691 ἄμοιρος.

220 2704 274 2743 Οὗ
294 2703 360 2757 γὰρ
379 2703 518 2757 πτωχὸς
538 2705 624 2753 ἐκεῖ,
645 2705 681 2743 οὗ
701 2703 863 2746 πλούσιος
876 2734 886 2752 ,
907 2703 983 2741 οὐδὲ
1002 2701 1162 2755 τύραννος
1175 2731 1186 2750 ,

220 2770 273 2807 Οὐ
293 2769 424 2814 δοῦλος,
446 2768 517 2808 οὔτ’
539 2763 582 2807 αὖ
603 2769 724 2823 μέγας,
744 2769 780 2807 οὗ
797 2767 916 2820 μικρός
936 2783 985 2810 τις
1009 2766 1055 2805 ἔτ’
1072 2766 1187 2816 ἔσται,

220 2834 277 2872 Οὐ
297 2835 464 2887 βασιλεῖς,
483 2834 548 2887 οὐχ
563 2833 744 2887 ἡγεμόνες,
767 2835 864 2885 κοινῇ
882 2833 911 2871 δ’
939 2833 1011 2885 ἅμα
1033 2831 1170 2877 πάντες.
