<?xml version="1.0" encoding="UTF-8"?>
<!DOCTYPE html PUBLIC "-//W3C//DTD XHTML 1.0 Transitional//EN"
    "http://www.w3.org/TR/xhtml1/DTD/xhtml1-transitional.dtd">
<html xmlns="http://www.w3.org/1999/xhtml" xml:lang="en" lang="en">
 <head>
  <title>
</title>
<meta http-equiv="Content-Type" content="text/html;charset=utf-8" />
  <meta name='ocr-system' content='tesseract 3.04.00' />
  <meta name='ocr-capabilities' content='ocr_page ocr_carea ocr_par ocr_line ocrx_word'/>
</head>
<body>
  <div class='ocr_page' id='page_1' title='image "./excursusadsibyll00alexuoft_0021.png"; bbox 0 0 1752 3495; ppageno 0'>
   <div class='ocr_carea' id='block_1_1' title="bbox 164 184 1234 229">
    <p class='ocr_par' dir='ltr' id='par_1_1' title="bbox 164 184 1234 229">
     <span class='ocr_line' id='line_1_1' title="bbox 164 184 1234 229; baseline 0.001 -2"><span class='ocrx_word' id='word_1_1' title='bbox 164 184 221 227; x_wconf 77' lang='lat'>12</span> <span class='ocrx_word' id='word_1_2' title='bbox 540 184 620 228; x_wconf 80' lang='lat' dir='ltr'>AD</span> <span class='ocrx_word' id='word_1_3' title='bbox 654 185 993 229; x_wconf 84' lang='lat' dir='ltr'>SlBYLLlNOS</span> <span class='ocrx_word' id='word_1_4' title='bbox 1028 184 1234 229; x_wconf 78' lang='lat' dir='ltr'>Llssssos</span> 
     </span>
    </p>
   </div>
   <div class='ocr_carea' id='block_1_2' title="bbox 129 278 1646 2908">
    <p class='ocr_par' dir='ltr' id='par_1_2' title="bbox 135 278 1616 2133">
     <span class='ocr_line' id='line_1_2' title="bbox 160 278 1616 331; baseline 0.003 -16"><span class='ocrx_word' id='word_1_5' title='bbox 160 278 301 321; x_wconf 77' lang='lat' dir='ltr'>tiones.</span> <span class='ocrx_word' id='word_1_6' title='bbox 334 279 443 326; x_wconf 73' lang='lat' dir='ltr'>facile</span> <span class='ocrx_word' id='word_1_7' title='bbox 465 280 636 331; x_wconf 78' lang='lat' dir='ltr'>ignosces</span> <span class='ocrx_word' id='word_1_8' title='bbox 664 281 822 319; x_wconf 91' lang='lat' dir='ltr'>multum</span> <span class='ocrx_word' id='word_1_9' title='bbox 851 281 949 318; x_wconf 84' lang='lat' dir='ltr'>circa</span> <span class='ocrx_word' id='word_1_10' title='bbox 980 281 1081 318; x_wconf 78' lang='lat' dir='ltr'>illam</span> <span class='ocrx_word' id='word_1_11' title='bbox 1103 280 1277 318; x_wconf 80' lang='lat' dir='ltr'>seminam</span> <span class='ocrx_word' id='word_1_12' title='bbox 1309 279 1616 320; x_wconf 78' lang='lat' dir='ltr'>dissentientibus</span> 
     </span>
     <span class='ocr_line' id='line_1_3' title="bbox 157 342 1614 396; baseline 0.002 -16"><span class='ocrx_word' id='word_1_13' title='bbox 157 342 387 381; x_wconf 80' lang='lat' dir='ltr'>auctoribus,</span> <span class='ocrx_word' id='word_1_14' title='bbox 422 345 472 384; x_wconf 88' lang='lat' dir='ltr'>Ut</span> <span class='ocrx_word' id='word_1_15' title='bbox 501 353 616 396; x_wconf 84' lang='lat' dir='ltr'>puta,</span> <span class='ocrx_word' id='word_1_16' title='bbox 651 344 822 396; x_wconf 81' lang='lat' dir='ltr'>quamvis</span> <span class='ocrx_word' id='word_1_17' title='bbox 849 343 896 381; x_wconf 93' lang='lat' dir='ltr'>de</span> <span class='ocrx_word' id='word_1_18' title='bbox 928 357 1060 395; x_wconf 78' lang='lat' dir='ltr'>magna</span> <span class='ocrx_word' id='word_1_19' title='bbox 1088 344 1170 395; x_wconf 85' lang='lat' dir='ltr'>ejus</span> <span class='ocrx_word' id='word_1_20' title='bbox 1205 344 1432 396; x_wconf 75' lang='lat' dir='ltr'>antiquitate</span> <span class='ocrx_word' id='word_1_21' title='bbox 1459 346 1614 384; x_wconf 86' lang='lat' dir='ltr'>omnino</span> 
     </span>
     <span class='ocr_line' id='line_1_4' title="bbox 155 406 1613 460; baseline 0.001 -17"><span class='ocrx_word' id='word_1_22' title='bbox 155 415 301 444; x_wconf 88' lang='lat' dir='ltr'>constet</span> <span class='ocrx_word' id='word_1_23' title='bbox 320 407 386 459; x_wconf 87' lang='lat' dir='ltr'>(ita</span> <span class='ocrx_word' id='word_1_24' title='bbox 403 408 541 446; x_wconf 89' lang='lat' dir='ltr'>Strabo</span> <span class='ocrx_word' id='word_1_25' title='bbox 556 439 568 460; x_wconf 88' lang='lat'>,</span> <span class='ocrx_word' id='word_1_26' title='bbox 590 409 655 448; x_wconf 86' lang='lat' dir='ltr'>lib.</span> <span class='ocrx_word' id='word_1_27' title='bbox 688 407 785 456; x_wconf 79' lang='lat' dir='ltr'>XIV,</span> <span class='ocrx_word' id='word_1_28' title='bbox 807 420 845 458; x_wconf 74' lang='lat' dir='ltr'>p,</span> <span class='ocrx_word' id='word_1_29' title='bbox 867 407 941 452; x_wconf 71' lang='grc'>645</span> <span class='ocrx_word' id='word_1_30' title='bbox 971 421 978 444; x_wconf 93' lang='lat'><strong>:</strong></span> <span class='ocrx_word' id='word_1_31' title='bbox 1009 406 1070 445; x_wconf 81' lang='grc' dir='ltr'>Ἐκ</span> <span class='ocrx_word' id='word_1_32' title='bbox 1089 408 1118 444; x_wconf 84' lang='grc' dir='ltr'>δ’</span> <span class='ocrx_word' id='word_1_33' title='bbox 1138 408 1315 460; x_wconf 77' lang='grc' dir='ltr'>Ἐρυθρῶν</span> <span class='ocrx_word' id='word_1_34' title='bbox 1341 407 1497 447; x_wconf 74' lang='grc' dir='ltr'>Σίὸυλλά</span> <span class='ocrx_word' id='word_1_35' title='bbox 1521 411 1613 447; x_wconf 76' lang='grc' dir='ltr'>ἐστιν</span> 
     </span>
     <span class='ocr_line' id='line_1_5' title="bbox 154 470 1614 527; baseline 0.003 -19"><span class='ocrx_word' id='word_1_36' title='bbox 154 470 268 514; x_wconf 75' lang='grc' dir='ltr'>ἔνθους</span> <span class='ocrx_word' id='word_1_37' title='bbox 281 472 339 510; x_wconf 74' lang='grc' dir='ltr'>καὶ</span> <span class='ocrx_word' id='word_1_38' title='bbox 356 472 506 523; x_wconf 81' lang='grc' dir='ltr'>μαντικὴ</span> <span class='ocrx_word' id='word_1_39' title='bbox 524 473 609 525; x_wconf 78' lang='grc' dir='ltr'>γυνὴ</span> <span class='ocrx_word' id='word_1_40' title='bbox 630 475 697 511; x_wconf 81' lang='grc' dir='ltr'>τῶν</span> <span class='ocrx_word' id='word_1_41' title='bbox 718 471 872 524; x_wconf 76' lang='grc' dir='ltr'>ἀρχαίων</span> <span class='ocrx_word' id='word_1_42' title='bbox 886 487 958 518; x_wconf 83' lang='grc' dir='ltr'>τις,</span> <span class='ocrx_word' id='word_1_43' title='bbox 976 480 1013 509; x_wconf 88' lang='lat' dir='ltr'>et</span> <span class='ocrx_word' id='word_1_44' title='bbox 1031 472 1095 511; x_wconf 90' lang='lat' dir='ltr'>lib.</span> <span class='ocrx_word' id='word_1_45' title='bbox 1113 472 1234 520; x_wconf 81' lang='lat' dir='ltr'>XVII,</span> <span class='ocrx_word' id='word_1_46' title='bbox 1255 487 1295 524; x_wconf 83' lang='lat' dir='ltr'>p.</span> <span class='ocrx_word' id='word_1_47' title='bbox 1312 474 1399 519; x_wconf 70' lang='grc'>814,</span> <span class='ocrx_word' id='word_1_48' title='bbox 1420 476 1462 526; x_wconf 74' lang='grc' dir='ltr'>τῇ</span> <span class='ocrx_word' id='word_1_49' title='bbox 1479 475 1614 527; x_wconf 68' lang='grc' dir='ltr'>παλαιᾷ</span> 
     </span>
     <span class='ocr_line' id='line_1_6' title="bbox 135 534 1614 590; baseline -0.001 -14"><span class='ocrx_word' id='word_1_50' title='bbox 135 534 311 587; x_wconf 69' lang='grc' dir='ltr'>,Σιὸύλλῃ</span> <span class='ocrx_word' id='word_1_51' title='bbox 326 538 368 588; x_wconf 79' lang='grc' dir='ltr'>τῇ</span> <span class='ocrx_word' id='word_1_52' title='bbox 390 536 592 590; x_wconf 74' lang='grc' dir='ltr'>ἸΞρυΟραίᾳ)</span> <span class='ocrx_word' id='word_1_53' title='bbox 609 566 619 584; x_wconf 87' lang='lat'><em>,</em></span> <span class='ocrx_word' id='word_1_54' title='bbox 642 536 687 573; x_wconf 89' lang='lat' dir='ltr'>de</span> <span class='ocrx_word' id='word_1_55' title='bbox 711 536 791 586; x_wconf 86' lang='lat' dir='ltr'>ipsa</span> <span class='ocrx_word' id='word_1_56' title='bbox 813 543 950 582; x_wconf 88' lang='lat' dir='ltr'>tamen,</span> <span class='ocrx_word' id='word_1_57' title='bbox 965 549 1035 585; x_wconf 87' lang='lat' dir='ltr'>qua</span> <span class='ocrx_word' id='word_1_58' title='bbox 1058 536 1204 582; x_wconf 88' lang='lat' dir='ltr'>vixerit,</span> <span class='ocrx_word' id='word_1_59' title='bbox 1219 545 1328 575; x_wconf 85' lang='lat' dir='ltr'>aetate</span> <span class='ocrx_word' id='word_1_60' title='bbox 1341 537 1493 575; x_wconf 90' lang='lat' dir='ltr'>minime</span> <span class='ocrx_word' id='word_1_61' title='bbox 1513 539 1614 576; x_wconf 85' lang='lat' dir='ltr'>inter</span> 
     </span>
     <span class='ocr_line' id='line_1_7' title="bbox 152 599 1609 652; baseline 0.002 -16"><span class='ocrx_word' id='word_1_62' title='bbox 152 612 192 636; x_wconf 89' lang='lat' dir='ltr'>se</span> <span class='ocrx_word' id='word_1_63' title='bbox 213 609 390 639; x_wconf 81' lang='lat' dir='ltr'>auctores</span> <span class='ocrx_word' id='word_1_64' title='bbox 418 602 665 639; x_wconf 86' lang='lat' dir='ltr'>conveniunt.</span> <span class='ocrx_word' id='word_1_65' title='bbox 699 600 866 638; x_wconf 82' lang='lat' dir='ltr'>Joannes</span> <span class='ocrx_word' id='word_1_66' title='bbox 885 599 1037 650; x_wconf 84' lang='lat' dir='ltr'>quidem</span> <span class='ocrx_word' id='word_1_67' title='bbox 1056 600 1209 638; x_wconf 81' lang='lat' dir='ltr'>Malalas</span> <span class='ocrx_word' id='word_1_68' title='bbox 1223 629 1232 647; x_wconf 93' lang='lat'>,</span> <span class='ocrx_word' id='word_1_69' title='bbox 1247 601 1387 639; x_wconf 86' lang='lat' dir='ltr'>Chron.</span> <span class='ocrx_word' id='word_1_70' title='bbox 1404 614 1441 652; x_wconf 88' lang='lat' dir='ltr'>p.</span> <span class='ocrx_word' id='word_1_71' title='bbox 1464 615 1526 651; x_wconf 85' lang='lat'>97,</span> <span class='ocrx_word' id='word_1_72' title='bbox 1547 601 1609 641; x_wconf 86' lang='lat' dir='ltr'>ed.</span> 
     </span>
     <span class='ocr_line' id='line_1_8' title="bbox 151 664 1609 717; baseline 0.001 -16"><span class='ocrx_word' id='word_1_73' title='bbox 151 666 414 713; x_wconf 84' lang='lat' dir='ltr'>Bonn.‚Trois</span> <span class='ocrx_word' id='word_1_74' title='bbox 432 667 529 704; x_wconf 89' lang='lat' dir='ltr'>illam</span> <span class='ocrx_word' id='word_1_75' title='bbox 553 664 790 717; x_wconf 78' lang='lat' dir='ltr'>temporibus</span> <span class='ocrx_word' id='word_1_76' title='bbox 806 664 970 716; x_wconf 79' lang='lat' dir='ltr'>assignat</span> <span class='ocrx_word' id='word_1_77' title='bbox 983 664 1047 716; x_wconf 86' lang='lat' dir='ltr'>qui</span> <span class='ocrx_word' id='word_1_78' title='bbox 1066 673 1174 715; x_wconf 80' lang='lat' dir='ltr'>puter</span> <span class='ocrx_word' id='word_1_79' title='bbox 1194 666 1236 703; x_wconf 83' lang='lat' dir='ltr'>lli</span> <span class='ocrx_word' id='word_1_80' title='bbox 1257 666 1338 713; x_wconf 83' lang='lat' dir='ltr'>suit,</span> <span class='ocrx_word' id='word_1_81' title='bbox 1355 666 1609 717; x_wconf 82' lang='lat' dir='ltr'>propinquam</span> 
     </span>
     <span class='ocr_line' id='line_1_9' title="bbox 151 728 1612 780; baseline 0.001 -16"><span class='ocrx_word' id='word_1_82' title='bbox 151 728 264 779; x_wconf 75' lang='lat' dir='ltr'>igitur</span> <span class='ocrx_word' id='word_1_83' title='bbox 291 730 431 768; x_wconf 79' lang='lat' dir='ltr'>faciens</span> <span class='ocrx_word' id='word_1_84' title='bbox 456 730 581 778; x_wconf 81' lang='lat' dir='ltr'>&#39;l&#39;rojae</span> <span class='ocrx_word' id='word_1_85' title='bbox 600 730 720 780; x_wconf 90' lang='lat' dir='ltr'>ipsius</span> <span class='ocrx_word' id='word_1_86' title='bbox 739 729 853 766; x_wconf 88' lang='lat' dir='ltr'>initiis</span> <span class='ocrx_word' id='word_1_87' title='bbox 875 743 883 767; x_wconf 88' lang='lat'><strong>:</strong></span> <span class='ocrx_word' id='word_1_88' title='bbox 910 742 1031 779; x_wconf 88' lang='lat' dir='ltr'>eoque</span> <span class='ocrx_word' id='word_1_89' title='bbox 1051 729 1205 766; x_wconf 79' lang='lat' dir='ltr'>sortasse</span> <span class='ocrx_word' id='word_1_90' title='bbox 1225 730 1390 779; x_wconf 77' lang='lat' dir='ltr'>pertinet</span> <span class='ocrx_word' id='word_1_91' title='bbox 1410 730 1612 768; x_wconf 79' lang='lat' dir='ltr'>Clementis</span> 
     </span>
     <span class='ocr_line' id='line_1_10' title="bbox 150 792 1613 844; baseline 0.001 -13"><span class='ocrx_word' id='word_1_92' title='bbox 150 793 396 831; x_wconf 79' lang='lat' dir='ltr'>Alexandrini</span> <span class='ocrx_word' id='word_1_93' title='bbox 410 793 610 840; x_wconf 87' lang='lat' dir='ltr'>sententia,</span> <span class='ocrx_word' id='word_1_94' title='bbox 627 793 783 843; x_wconf 87' lang='lat' dir='ltr'>Orpheo</span> <span class='ocrx_word' id='word_1_95' title='bbox 801 793 965 844; x_wconf 87' lang='lat' dir='ltr'>priorem</span> <span class='ocrx_word' id='word_1_96' title='bbox 982 793 1083 830; x_wconf 83' lang='lat' dir='ltr'>illam</span> <span class='ocrx_word' id='word_1_97' title='bbox 1099 792 1237 831; x_wconf 84' lang='lat' dir='ltr'>vixisse</span> <span class='ocrx_word' id='word_1_98' title='bbox 1251 794 1487 841; x_wconf 81' lang='lat' dir='ltr'>affirmantis,</span> <span class='ocrx_word' id='word_1_99' title='bbox 1505 797 1613 833; x_wconf 90' lang='lat' dir='ltr'>Stro-</span> 
     </span>
     <span class='ocr_line' id='line_1_11' title="bbox 150 857 1612 908; baseline 0.001 -14"><span class='ocrx_word' id='word_1_100' title='bbox 150 865 236 895; x_wconf 87' lang='lat' dir='ltr'>mat.</span> <span class='ocrx_word' id='word_1_101' title='bbox 256 859 290 905; x_wconf 88' lang='lat'>1,</span> <span class='ocrx_word' id='word_1_102' title='bbox 311 871 349 908; x_wconf 86' lang='lat' dir='ltr'>p.</span> <span class='ocrx_word' id='word_1_103' title='bbox 373 859 467 907; x_wconf 83' lang='lat'>139,</span> <span class='ocrx_word' id='word_1_104' title='bbox 486 857 560 897; x_wconf 85' lang='lat' dir='ltr'>loe.</span> <span class='ocrx_word' id='word_1_105' title='bbox 583 857 647 897; x_wconf 89' lang='lat' dir='ltr'>cit.</span> <span class='ocrx_word' id='word_1_106' title='bbox 668 857 896 908; x_wconf 79' lang='lat' dir='ltr'>Argonautis</span> <span class='ocrx_word' id='word_1_107' title='bbox 914 865 1016 895; x_wconf 81' lang='lat' dir='ltr'>certe</span> <span class='ocrx_word' id='word_1_108' title='bbox 1032 870 1233 907; x_wconf 81' lang='lat' dir='ltr'>supparem</span> <span class='ocrx_word' id='word_1_109' title='bbox 1254 857 1406 908; x_wconf 90' lang='lat' dir='ltr'>quidam</span> <span class='ocrx_word' id='word_1_110' title='bbox 1423 860 1612 896; x_wconf 75' lang='lat' dir='ltr'>linxerunt</span> 
     </span>
     <span class='ocr_line' id='line_1_12' title="bbox 150 921 1611 975; baseline 0.002 -16"><span class='ocrx_word' id='word_1_111' title='bbox 150 922 200 970; x_wconf 88' lang='lat' dir='ltr'>(et</span> <span class='ocrx_word' id='word_1_112' title='bbox 215 923 268 960; x_wconf 90' lang='lat' dir='ltr'>sic</span> <span class='ocrx_word' id='word_1_113' title='bbox 285 923 424 960; x_wconf 90' lang='lat' dir='ltr'>diserte</span> <span class='ocrx_word' id='word_1_114' title='bbox 440 922 590 972; x_wconf 78' lang='lat' dir='ltr'>suidas,</span> <span class='ocrx_word' id='word_1_115' title='bbox 609 937 646 960; x_wconf 86' lang='lat' dir='ltr'>v.</span> <span class='ocrx_word' id='word_1_116' title='bbox 673 921 807 975; x_wconf 86' lang='grc' dir='ltr'>Ἴλιον),</span> <span class='ocrx_word' id='word_1_117' title='bbox 826 923 921 960; x_wconf 89' lang='lat' dir='ltr'>duce</span> <span class='ocrx_word' id='word_1_118' title='bbox 941 923 1098 960; x_wconf 85' lang='lat' dir='ltr'>sortasse</span> <span class='ocrx_word' id='word_1_119' title='bbox 1117 923 1349 974; x_wconf 78' lang='lat' dir='ltr'>Acesandro,</span> <span class='ocrx_word' id='word_1_120' title='bbox 1370 925 1436 974; x_wconf 90' lang='lat' dir='ltr'>qui</span> <span class='ocrx_word' id='word_1_121' title='bbox 1458 925 1495 962; x_wconf 88' lang='lat' dir='ltr'>in</span> <span class='ocrx_word' id='word_1_122' title='bbox 1513 924 1611 962; x_wconf 88' lang='lat' dir='ltr'>libro</span> 
     </span>
     <span class='ocr_line' id='line_1_13' title="bbox 148 986 1612 1037; baseline 0.001 -13"><span class='ocrx_word' id='word_1_123' title='bbox 148 987 195 1025; x_wconf 91' lang='lat' dir='ltr'>de</span> <span class='ocrx_word' id='word_1_124' title='bbox 228 986 346 1037; x_wconf 84' lang='lat' dir='ltr'>Libya</span> <span class='ocrx_word' id='word_1_125' title='bbox 380 987 542 1026; x_wconf 86' lang='lat' dir='ltr'>docebat</span> <span class='ocrx_word' id='word_1_126' title='bbox 567 996 729 1026; x_wconf 79' lang='lat' dir='ltr'>certasse</span> <span class='ocrx_word' id='word_1_127' title='bbox 760 987 880 1037; x_wconf 80' lang='lat' dir='ltr'>ipsam</span> <span class='ocrx_word' id='word_1_128' title='bbox 913 996 1025 1024; x_wconf 88' lang='lat' dir='ltr'>cantu</span> <span class='ocrx_word' id='word_1_129' title='bbox 1060 987 1096 1023; x_wconf 90' lang='lat' dir='ltr'>in</span> <span class='ocrx_word' id='word_1_130' title='bbox 1123 986 1345 1024; x_wconf 73' lang='lat' dir='ltr'>funebribus</span> <span class='ocrx_word' id='word_1_131' title='bbox 1374 988 1488 1026; x_wconf 79' lang='lat' dir='ltr'>Peliae</span> <span class='ocrx_word' id='word_1_132' title='bbox 1514 989 1612 1027; x_wconf 88' lang='lat' dir='ltr'>ludis</span> 
     </span>
     <span class='ocr_line' id='line_1_14' title="bbox 146 1051 1610 1103; baseline 0.001 -15"><span class='ocrx_word' id='word_1_133' title='bbox 146 1060 259 1101; x_wconf 88' lang='lat' dir='ltr'>atque</span> <span class='ocrx_word' id='word_1_134' title='bbox 277 1052 364 1090; x_wconf 90' lang='lat' dir='ltr'>inde</span> <span class='ocrx_word' id='word_1_135' title='bbox 386 1053 577 1090; x_wconf 89' lang='lat' dir='ltr'>victricem</span> <span class='ocrx_word' id='word_1_136' title='bbox 593 1052 762 1102; x_wconf 59' lang='lat' dir='ltr'>rediisse3</span> <span class='ocrx_word' id='word_1_137' title='bbox 777 1052 878 1089; x_wconf 85' lang='lat' dir='ltr'>Plut.</span> <span class='ocrx_word' id='word_1_138' title='bbox 900 1051 1153 1101; x_wconf 88' lang='lat' dir='ltr'>Sympos.lib.</span> <span class='ocrx_word' id='word_1_139' title='bbox 1175 1053 1218 1095; x_wconf 84' lang='lat' dir='ltr'>V,</span> <span class='ocrx_word' id='word_1_140' title='bbox 1238 1066 1274 1103; x_wconf 89' lang='lat' dir='ltr'>p.</span> <span class='ocrx_word' id='word_1_141' title='bbox 1292 1053 1381 1100; x_wconf 82' lang='lat'><strong>685,</strong></span> <span class='ocrx_word' id='word_1_142' title='bbox 1404 1053 1464 1092; x_wconf 88' lang='lat' dir='ltr'>ed.</span> <span class='ocrx_word' id='word_1_143' title='bbox 1486 1053 1610 1090; x_wconf 75' lang='lat' dir='ltr'>Reisk.</span> 
     </span>
     <span class='ocr_line' id='line_1_15' title="bbox 145 1115 1610 1167; baseline 0 -14"><span class='ocrx_word' id='word_1_144' title='bbox 145 1115 218 1154; x_wconf 78' lang='lat' dir='ltr'>Alii</span> <span class='ocrx_word' id='word_1_145' title='bbox 238 1117 408 1167; x_wconf 83' lang='lat' dir='ltr'>Trojano</span> <span class='ocrx_word' id='word_1_146' title='bbox 432 1116 531 1155; x_wconf 89' lang='lat' dir='ltr'>bello</span> <span class='ocrx_word' id='word_1_147' title='bbox 548 1129 711 1154; x_wconf 82' lang='lat' dir='ltr'>coaevam</span> <span class='ocrx_word' id='word_1_148' title='bbox 733 1130 740 1152; x_wconf 90' lang='lat'>:</span> <span class='ocrx_word' id='word_1_149' title='bbox 762 1115 906 1166; x_wconf 86' lang='lat' dir='ltr'>quippe</span> <span class='ocrx_word' id='word_1_150' title='bbox 925 1133 940 1148; x_wconf 78' lang='grc' dir='ltr'>ιι</span> <span class='ocrx_word' id='word_1_151' title='bbox 955 1115 1096 1152; x_wconf 73' lang='lat' dir='ltr'>Graecis</span> <span class='ocrx_word' id='word_1_152' title='bbox 1117 1115 1221 1153; x_wconf 86' lang='lat' dir='ltr'>Iliam</span> <span class='ocrx_word' id='word_1_153' title='bbox 1240 1116 1455 1167; x_wconf 85' lang='lat' dir='ltr'>petentibus</span> <span class='ocrx_word' id='word_1_154' title='bbox 1474 1117 1610 1155; x_wconf 74' lang='lat' dir='ltr'>vatici-</span> 
     </span>
     <span class='ocr_line' id='line_1_16' title="bbox 143 1180 1609 1232; baseline 0.001 -15"><span class='ocrx_word' id='word_1_155' title='bbox 143 1197 159 1218; x_wconf 76' lang='grc' dir='ltr'>σι</span> <span class='ocrx_word' id='word_1_156' title='bbox 179 1188 305 1217; x_wconf 89' lang='lat' dir='ltr'>natam</span> <span class='ocrx_word' id='word_1_157' title='bbox 320 1189 355 1218; x_wconf 90' lang='lat' dir='ltr'>et</span> <span class='ocrx_word' id='word_1_158' title='bbox 369 1181 573 1232; x_wconf 84' lang='lat' dir='ltr'>perituram</span> <span class='ocrx_word' id='word_1_159' title='bbox 588 1193 668 1218; x_wconf 84' lang='lat' dir='ltr'>esse</span> <span class='ocrx_word' id='word_1_160' title='bbox 680 1180 835 1231; x_wconf 76' lang='lat' dir='ltr'>&#39;frojam</span> <span class='ocrx_word' id='word_1_161' title='bbox 851 1187 887 1217; x_wconf 91' lang='lat' dir='ltr'>et</span> <span class='ocrx_word' id='word_1_162' title='bbox 901 1180 1106 1217; x_wconf 82' lang='lat' dir='ltr'>Homerum</span> <span class='ocrx_word' id='word_1_163' title='bbox 1123 1181 1318 1219; x_wconf 86' lang='lat' dir='ltr'>mendacia</span> <span class='ocrx_word' id='word_1_164' title='bbox 1333 1183 1579 1232; x_wconf 86' lang='lat' dir='ltr'>scripturum,</span> <span class='ocrx_word' id='word_1_165' title='bbox 1595 1200 1609 1214; x_wconf 74' lang='grc' dir='ltr'>»ι</span> 
     </span>
     <span class='ocr_line' id='line_1_17' title="bbox 143 1237 1606 1298; baseline 0 -14"><span class='ocrx_word' id='word_1_166' title='bbox 143 1246 379 1295; x_wconf 80' lang='lat' dir='ltr'>Apollodoro</span> <span class='ocrx_word' id='word_1_167' title='bbox 403 1254 494 1283; x_wconf 90' lang='lat' dir='ltr'>teste</span> <span class='ocrx_word' id='word_1_168' title='bbox 513 1246 614 1296; x_wconf 85' lang='lat' dir='ltr'>apud</span> <span class='ocrx_word' id='word_1_169' title='bbox 638 1247 848 1283; x_wconf 88' lang='lat' dir='ltr'>Varronem</span> <span class='ocrx_word' id='word_1_170' title='bbox 869 1259 931 1283; x_wconf 87' lang='lat' dir='ltr'>seu</span> <span class='ocrx_word' id='word_1_171' title='bbox 961 1237 1197 1294; x_wconf 62' lang='lat' dir='ltr'>L&#39;actantiu&#39;m</span> <span class='ocrx_word' id='word_1_172' title='bbox 1211 1275 1222 1292; x_wconf 93' lang='lat'><strong><em>,</em></strong></span> <span class='ocrx_word' id='word_1_173' title='bbox 1247 1247 1316 1284; x_wconf 91' lang='lat' dir='ltr'>loc.</span> <span class='ocrx_word' id='word_1_174' title='bbox 1337 1247 1422 1292; x_wconf 89' lang='lat' dir='ltr'>cit.;</span> <span class='ocrx_word' id='word_1_175' title='bbox 1442 1261 1606 1298; x_wconf 87' lang='lat' dir='ltr'>quorum</span> 
     </span>
     <span class='ocr_line' id='line_1_18' title="bbox 142 1309 1609 1362; baseline 0.002 -16"><span class='ocrx_word' id='word_1_176' title='bbox 142 1319 286 1360; x_wconf 86' lang='lat' dir='ltr'>partem</span> <span class='ocrx_word' id='word_1_177' title='bbox 320 1309 434 1348; x_wconf 84' lang='lat' dir='ltr'>babet</span> <span class='ocrx_word' id='word_1_178' title='bbox 465 1310 669 1349; x_wconf 81' lang='lat' dir='ltr'>Pausanias</span> <span class='ocrx_word' id='word_1_179' title='bbox 696 1323 868 1361; x_wconf 85' lang='lat' dir='ltr'>quoque,</span> <span class='ocrx_word' id='word_1_180' title='bbox 899 1311 970 1347; x_wconf 86' lang='lat' dir='ltr'>loc.</span> <span class='ocrx_word' id='word_1_181' title='bbox 1000 1310 1066 1348; x_wconf 86' lang='lat' dir='ltr'>cit.</span> <span class='ocrx_word' id='word_1_182' title='bbox 1086 1322 1096 1349; x_wconf 76' lang='lat' dir='ltr'><em>z</em></span> <span class='ocrx_word' id='word_1_183' title='bbox 1120 1310 1191 1349; x_wconf 75' lang='grc' dir='ltr'>Καὶ</span> <span class='ocrx_word' id='word_1_184' title='bbox 1219 1309 1368 1357; x_wconf 71' lang='grc' dir='ltr'>Ἑλένην</span> <span class='ocrx_word' id='word_1_185' title='bbox 1395 1326 1433 1349; x_wconf 84' lang='grc' dir='ltr'>τε</span> <span class='ocrx_word' id='word_1_186' title='bbox 1461 1312 1609 1362; x_wconf 70' lang='grc' dir='ltr'>προεδή·</span> 
     </span>
     <span class='ocr_line' id='line_1_19' title="bbox 141 1374 1606 1426; baseline 0.001 -17"><span class='ocrx_word' id='word_1_187' title='bbox 141 1374 250 1411; x_wconf 86' lang='grc' dir='ltr'>λωσεν</span> <span class='ocrx_word' id='word_1_188' title='bbox 277 1375 311 1412; x_wconf 85' lang='grc' dir='ltr'>ἐν</span> <span class='ocrx_word' id='word_1_189' title='bbox 341 1379 412 1416; x_wconf 76' lang='grc' dir='ltr'>τοῖς</span> <span class='ocrx_word' id='word_1_190' title='bbox 441 1379 628 1426; x_wconf 76' lang='grc' dir='ltr'>χρησμοῖς,</span> <span class='ocrx_word' id='word_1_191' title='bbox 649 1389 681 1412; x_wconf 82' lang='grc' dir='ltr'>κ.</span> <span class='ocrx_word' id='word_1_192' title='bbox 698 1389 733 1413; x_wconf 86' lang='grc' dir='ltr'>τ.</span> <span class='ocrx_word' id='word_1_193' title='bbox 757 1375 792 1411; x_wconf 88' lang='grc' dir='ltr'>λ.</span> <span class='ocrx_word' id='word_1_194' title='bbox 818 1374 994 1424; x_wconf 71' lang='grc' dir='ltr'>’1“ι·ο]“ῑιηὶ5</span> <span class='ocrx_word' id='word_1_195' title='bbox 1029 1374 1164 1419; x_wconf 90' lang='lat' dir='ltr'>etiam,</span> <span class='ocrx_word' id='word_1_196' title='bbox 1185 1384 1295 1425; x_wconf 88' lang='lat' dir='ltr'>capta</span> <span class='ocrx_word' id='word_1_197' title='bbox 1314 1376 1450 1425; x_wconf 82' lang='lat' dir='ltr'>patria,</span> <span class='ocrx_word' id='word_1_198' title='bbox 1480 1376 1606 1426; x_wconf 72' lang='lat' dir='ltr'>sugam</span> 
     </span>
     <span class='ocr_line' id='line_1_20' title="bbox 142 1438 1524 1490; baseline 0.002 -15"><span class='ocrx_word' id='word_1_199' title='bbox 142 1438 403 1489; x_wconf 85' lang='lat' dir='ltr'>molientibus,</span> <span class='ocrx_word' id='word_1_200' title='bbox 427 1452 605 1490; x_wconf 77' lang='lat' dir='ltr'>responsa</span> <span class='ocrx_word' id='word_1_201' title='bbox 629 1438 779 1488; x_wconf 81' lang='lat' dir='ltr'>dedisse</span> <span class='ocrx_word' id='word_1_202' title='bbox 797 1438 1011 1486; x_wconf 87' lang='lat' dir='ltr'>serebatur,</span> <span class='ocrx_word' id='word_1_203' title='bbox 1032 1438 1078 1476; x_wconf 91' lang='lat' dir='ltr'>de</span> <span class='ocrx_word' id='word_1_204' title='bbox 1101 1438 1242 1489; x_wconf 88' lang='lat' dir='ltr'>quibus</span> <span class='ocrx_word' id='word_1_205' title='bbox 1261 1453 1343 1484; x_wconf 88' lang='lat' dir='ltr'>nos,</span> <span class='ocrx_word' id='word_1_206' title='bbox 1364 1453 1449 1490; x_wconf 88' lang='lat' dir='ltr'>cap.</span> <span class='ocrx_word' id='word_1_207' title='bbox 1470 1453 1524 1490; x_wconf 90' lang='lat' dir='ltr'>sq.</span> 
     </span>
     <span class='ocr_line' id='line_1_21' title="bbox 194 1502 1605 1554; baseline 0.001 -14"><span class='ocrx_word' id='word_1_208' title='bbox 194 1506 268 1549; x_wconf 78' lang='lat' dir='ltr'>Ac,</span> <span class='ocrx_word' id='word_1_209' title='bbox 298 1503 366 1540; x_wconf 88' lang='lat' dir='ltr'>nisi</span> <span class='ocrx_word' id='word_1_210' title='bbox 390 1502 569 1549; x_wconf 83' lang='lat' dir='ltr'>fallimur,</span> <span class='ocrx_word' id='word_1_211' title='bbox 592 1503 764 1553; x_wconf 84' lang='lat' dir='ltr'>plurimis</span> <span class='ocrx_word' id='word_1_212' title='bbox 783 1502 1028 1553; x_wconf 86' lang='lat' dir='ltr'>antiquorum</span> <span class='ocrx_word' id='word_1_213' title='bbox 1057 1503 1251 1554; x_wconf 79' lang='lat' dir='ltr'>placuerat</span> <span class='ocrx_word' id='word_1_214' title='bbox 1269 1517 1312 1541; x_wconf 88' lang='lat' dir='ltr'>ea</span> <span class='ocrx_word' id='word_1_215' title='bbox 1334 1505 1539 1548; x_wconf 83' lang='lat' dir='ltr'>sententia,</span> <span class='ocrx_word' id='word_1_216' title='bbox 1559 1505 1605 1542; x_wconf 83' lang='lat' dir='ltr'>ad</span> 
     </span>
     <span class='ocr_line' id='line_1_22' title="bbox 138 1567 1607 1619; baseline 0.002 -16"><span class='ocrx_word' id='word_1_217' title='bbox 138 1580 251 1617; x_wconf 84' lang='lat' dir='ltr'>quam</span> <span class='ocrx_word' id='word_1_218' title='bbox 276 1567 407 1618; x_wconf 87' lang='lat' dir='ltr'>procul</span> <span class='ocrx_word' id='word_1_219' title='bbox 431 1567 549 1605; x_wconf 90' lang='lat' dir='ltr'>dubio</span> <span class='ocrx_word' id='word_1_220' title='bbox 569 1567 750 1618; x_wconf 82' lang='lat' dir='ltr'>respexit,</span> <span class='ocrx_word' id='word_1_221' title='bbox 773 1567 859 1604; x_wconf 86' lang='lat' dir='ltr'>licet</span> <span class='ocrx_word' id='word_1_222' title='bbox 875 1567 984 1604; x_wconf 88' lang='lat' dir='ltr'>aliter</span> <span class='ocrx_word' id='word_1_223' title='bbox 1004 1568 1082 1618; x_wconf 88' lang='lat' dir='ltr'>ipse</span> <span class='ocrx_word' id='word_1_224' title='bbox 1099 1568 1279 1617; x_wconf 88' lang='lat' dir='ltr'>sentiens,</span> <span class='ocrx_word' id='word_1_225' title='bbox 1300 1567 1409 1605; x_wconf 74' lang='lat' dir='ltr'>clivus</span> <span class='ocrx_word' id='word_1_226' title='bbox 1429 1570 1607 1619; x_wconf 76' lang='lat' dir='ltr'>Augusti-</span> 
     </span>
     <span class='ocr_line' id='line_1_23' title="bbox 139 1630 1605 1683; baseline 0.003 -16"><span class='ocrx_word' id='word_1_227' title='bbox 139 1644 210 1668; x_wconf 88' lang='lat' dir='ltr'>nus</span> <span class='ocrx_word' id='word_1_228' title='bbox 229 1630 277 1669; x_wconf 91' lang='lat' dir='ltr'>de</span> <span class='ocrx_word' id='word_1_229' title='bbox 298 1631 377 1671; x_wconf 85' lang='lat' dir='ltr'>Civ.</span> <span class='ocrx_word' id='word_1_230' title='bbox 399 1633 464 1679; x_wconf 89' lang='lat' dir='ltr'>D.‚</span> <span class='ocrx_word' id='word_1_231' title='bbox 485 1631 550 1670; x_wconf 84' lang='lat' dir='ltr'>lib.</span> <span class='ocrx_word' id='word_1_232' title='bbox 575 1632 724 1681; x_wconf 84' lang='lat' dir='ltr'>xvlll,</span> <span class='ocrx_word' id='word_1_233' title='bbox 748 1644 834 1682; x_wconf 91' lang='lat' dir='ltr'>cap.</span> <span class='ocrx_word' id='word_1_234' title='bbox 857 1631 929 1681; x_wconf 84' lang='lat'>23,</span> <span class='ocrx_word' id='word_1_235' title='bbox 959 1630 1022 1668; x_wconf 89' lang='lat' dir='ltr'>ubi</span> <span class='ocrx_word' id='word_1_236' title='bbox 1044 1631 1097 1668; x_wconf 91' lang='lat' dir='ltr'>ait</span> <span class='ocrx_word' id='word_1_237' title='bbox 1121 1646 1129 1669; x_wconf 90' lang='lat'><strong>:</strong></span> <span class='ocrx_word' id='word_1_238' title='bbox 1157 1650 1171 1664; x_wconf 74' lang='lat'>‹-</span> <span class='ocrx_word' id='word_1_239' title='bbox 1189 1633 1368 1671; x_wconf 87' lang='lat' dir='ltr'>Nonnulli</span> <span class='ocrx_word' id='word_1_240' title='bbox 1398 1646 1487 1671; x_wconf 78' lang='lat' dir='ltr'>sane</span> <span class='ocrx_word' id='word_1_241' title='bbox 1507 1634 1605 1683; x_wconf 82' lang='lat' dir='ltr'>Ery·</span> 
     </span>
     <span class='ocr_line' id='line_1_24' title="bbox 138 1695 1607 1747; baseline 0.002 -16"><span class='ocrx_word' id='word_1_242' title='bbox 138 1713 155 1728; x_wconf 77' lang='grc' dir='ltr'>ι</span> <span class='ocrx_word' id='word_1_243' title='bbox 180 1695 332 1733; x_wconf 85' lang='lat' dir='ltr'>thraeam</span> <span class='ocrx_word' id='word_1_244' title='bbox 351 1695 530 1747; x_wconf 84' lang='lat' dir='ltr'>Sibyllam</span> <span class='ocrx_word' id='word_1_245' title='bbox 552 1710 626 1734; x_wconf 92' lang='lat' dir='ltr'>non</span> <span class='ocrx_word' id='word_1_246' title='bbox 646 1696 815 1744; x_wconf 78' lang='lat' dir='ltr'>Romuli,</span> <span class='ocrx_word' id='word_1_247' title='bbox 831 1696 894 1733; x_wconf 81' lang='lat' dir='ltr'>sed</span> <span class='ocrx_word' id='word_1_248' title='bbox 913 1695 1001 1733; x_wconf 90' lang='lat' dir='ltr'>belli</span> <span class='ocrx_word' id='word_1_249' title='bbox 1017 1696 1174 1747; x_wconf 76' lang='lat' dir='ltr'>&#39;l&#39;rojani</span> <span class='ocrx_word' id='word_1_250' title='bbox 1197 1705 1368 1747; x_wconf 84' lang='lat' dir='ltr'>tempore</span> <span class='ocrx_word' id='word_1_251' title='bbox 1382 1695 1499 1735; x_wconf 62' lang='lat' dir='ltr'>‘fuisse</span> <span class='ocrx_word' id='word_1_252' title='bbox 1514 1698 1607 1734; x_wconf 86' lang='lat' dir='ltr'>scri-</span> 
     </span>
     <span class='ocr_line' id='line_1_25' title="bbox 137 1760 1605 1812; baseline 0.002 -15"><span class='ocrx_word' id='word_1_253' title='bbox 137 1778 153 1792; x_wconf 70' lang='lat' dir='ltr'>n</span> <span class='ocrx_word' id='word_1_254' title='bbox 173 1768 344 1810; x_wconf 86' lang='lat' dir='ltr'>pserunt.</span> <span class='ocrx_word' id='word_1_255' title='bbox 364 1778 379 1794; x_wconf 79' lang='grc' dir='ltr'><strong>υ</strong></span> <span class='ocrx_word' id='word_1_256' title='bbox 396 1761 437 1799; x_wconf 88' lang='lat' dir='ltr'>In</span> <span class='ocrx_word' id='word_1_257' title='bbox 452 1761 556 1798; x_wconf 88' lang='lat' dir='ltr'>illum</span> <span class='ocrx_word' id='word_1_258' title='bbox 575 1775 728 1811; x_wconf 88' lang='lat' dir='ltr'>quoque</span> <span class='ocrx_word' id='word_1_259' title='bbox 744 1774 893 1812; x_wconf 79' lang='lat' dir='ltr'>gregem</span> <span class='ocrx_word' id='word_1_260' title='bbox 913 1760 1166 1812; x_wconf 89' lang='lat' dir='ltr'>compellendi</span> <span class='ocrx_word' id='word_1_261' title='bbox 1181 1761 1359 1799; x_wconf 87' lang='lat' dir='ltr'>videntur</span> <span class='ocrx_word' id='word_1_262' title='bbox 1373 1762 1605 1812; x_wconf 87' lang='lat' dir='ltr'>quicumque</span> 
     </span>
     <span class='ocr_line' id='line_1_26' title="bbox 137 1824 1604 1876; baseline 0.001 -14"><span class='ocrx_word' id='word_1_263' title='bbox 137 1824 358 1870; x_wconf 76' lang='lat' dir='ltr'>Homerum,</span> <span class='ocrx_word' id='word_1_264' title='bbox 377 1833 553 1875; x_wconf 81' lang='lat' dir='ltr'>tanquam</span> <span class='ocrx_word' id='word_1_265' title='bbox 572 1825 759 1875; x_wconf 84' lang='lat' dir='ltr'>Sibyllina</span> <span class='ocrx_word' id='word_1_266' title='bbox 776 1825 1018 1869; x_wconf 76' lang='lat' dir='ltr'>suffuratum,</span> <span class='ocrx_word' id='word_1_267' title='bbox 1037 1825 1152 1876; x_wconf 79' lang='lat' dir='ltr'>plagii</span> <span class='ocrx_word' id='word_1_268' title='bbox 1171 1826 1389 1876; x_wconf 76' lang='lat' dir='ltr'>insimulare</span> <span class='ocrx_word' id='word_1_269' title='bbox 1403 1827 1483 1864; x_wconf 76' lang='lat' dir='ltr'>ausi</span> <span class='ocrx_word' id='word_1_270' title='bbox 1503 1836 1604 1872; x_wconf 89' lang='lat' dir='ltr'>sunt,</span> 
     </span>
     <span class='ocr_line' id='line_1_27' title="bbox 135 1888 1602 1942; baseline 0.003 -17"><span class='ocrx_word' id='word_1_271' title='bbox 135 1888 238 1939; x_wconf 90' lang='lat' dir='ltr'>quod</span> <span class='ocrx_word' id='word_1_272' title='bbox 266 1898 304 1926; x_wconf 89' lang='lat' dir='ltr'>et</span> <span class='ocrx_word' id='word_1_273' title='bbox 325 1889 362 1926; x_wconf 92' lang='lat' dir='ltr'>in</span> <span class='ocrx_word' id='word_1_274' title='bbox 388 1890 528 1927; x_wconf 87' lang='lat' dir='ltr'>nostris</span> <span class='ocrx_word' id='word_1_275' title='bbox 551 1889 746 1927; x_wconf 86' lang='lat' dir='ltr'>hodiernis</span> <span class='ocrx_word' id='word_1_276' title='bbox 777 1889 881 1927; x_wconf 88' lang='lat' dir='ltr'>libris</span> <span class='ocrx_word' id='word_1_277' title='bbox 906 1903 980 1926; x_wconf 90' lang='lat' dir='ltr'>non</span> <span class='ocrx_word' id='word_1_278' title='bbox 1008 1899 1163 1928; x_wconf 83' lang='lat' dir='ltr'>veretur</span> <span class='ocrx_word' id='word_1_279' title='bbox 1189 1890 1271 1941; x_wconf 88' lang='lat' dir='ltr'>ipsa</span> <span class='ocrx_word' id='word_1_280' title='bbox 1303 1890 1448 1942; x_wconf 80' lang='lat' dir='ltr'>Sibylla</span> <span class='ocrx_word' id='word_1_281' title='bbox 1470 1901 1602 1942; x_wconf 82' lang='lat' dir='ltr'>aperte</span> 
     </span>
     <span class='ocr_line' id='line_1_28' title="bbox 135 1952 894 2005; baseline 0 -15"><span class='ocrx_word' id='word_1_282' title='bbox 135 1952 183 1990; x_wconf 91' lang='lat' dir='ltr'>de</span> <span class='ocrx_word' id='word_1_283' title='bbox 201 1966 240 1991; x_wconf 89' lang='lat' dir='ltr'>se</span> <span class='ocrx_word' id='word_1_284' title='bbox 255 1952 417 2005; x_wconf 87' lang='lat' dir='ltr'>jactare,</span> <span class='ocrx_word' id='word_1_285' title='bbox 436 1953 503 1992; x_wconf 91' lang='lat' dir='ltr'>lib.</span> <span class='ocrx_word' id='word_1_286' title='bbox 525 1954 591 2002; x_wconf 86' lang='grc' dir='ltr'>ΙΙΙ,</span> <span class='ocrx_word' id='word_1_287' title='bbox 610 1967 647 1993; x_wconf 86' lang='grc' dir='ltr'>ν.</span> <span class='ocrx_word' id='word_1_288' title='bbox 673 1955 761 2000; x_wconf 68' lang='grc'>423,</span> <span class='ocrx_word' id='word_1_289' title='bbox 780 1967 863 2004; x_wconf 87' lang='lat' dir='ltr'>sqq.</span> <span class='ocrx_word' id='word_1_290' title='bbox 885 1968 894 1991; x_wconf 90' lang='lat'><strong>:</strong></span> 
     </span>
     <span class='ocr_line' id='line_1_29' title="bbox 447 2016 1181 2070; baseline -0.001 -13"><span class='ocrx_word' id='word_1_291' title='bbox 447 2017 578 2070; x_wconf 75' lang='grc' dir='ltr'>Γροίψει</span> <span class='ocrx_word' id='word_1_292' title='bbox 593 2016 636 2055; x_wconf 82' lang='grc' dir='ltr'>τὰ</span> <span class='ocrx_word' id='word_1_293' title='bbox 657 2019 735 2056; x_wconf 80' lang='grc' dir='ltr'>κατ’</span> <span class='ocrx_word' id='word_1_294' title='bbox 751 2016 874 2065; x_wconf 81' lang='grc' dir='ltr'>Ἴλιον,</span> <span class='ocrx_word' id='word_1_295' title='bbox 891 2018 929 2055; x_wconf 83' lang='grc' dir='ltr'>οὗ</span> <span class='ocrx_word' id='word_1_296' title='bbox 946 2016 1008 2069; x_wconf 75' lang='grc' dir='ltr'>μὲν</span> <span class='ocrx_word' id='word_1_297' title='bbox 1028 2019 1181 2066; x_wconf 73' lang='grc' dir='ltr'>ἀληθῶς,</span> 
     </span>
     <span class='ocr_line' id='line_1_30' title="bbox 341 2080 1107 2133; baseline 0 -13"><span class='ocrx_word' id='word_1_298' title='bbox 341 2080 446 2121; x_wconf 74' lang='grc' dir='ltr'>Ἀλλὰ</span> <span class='ocrx_word' id='word_1_299' title='bbox 463 2084 594 2132; x_wconf 76' lang='grc' dir='ltr'>σαφῶς·</span> <span class='ocrx_word' id='word_1_300' title='bbox 616 2081 732 2121; x_wconf 79' lang='grc' dir='ltr'>ἔπεσιν</span> <span class='ocrx_word' id='word_1_301' title='bbox 748 2081 814 2133; x_wconf 84' lang='grc' dir='ltr'>γὰρ</span> <span class='ocrx_word' id='word_1_302' title='bbox 835 2082 928 2133; x_wconf 80' lang='grc' dir='ltr'>ἐμοῖς</span> <span class='ocrx_word' id='word_1_303' title='bbox 941 2110 950 2126; x_wconf 86' lang='grc'><em>,</em></span> <span class='ocrx_word' id='word_1_304' title='bbox 972 2097 1004 2121; x_wconf 89' lang='grc' dir='ltr'>κ.</span> <span class='ocrx_word' id='word_1_305' title='bbox 1024 2098 1058 2121; x_wconf 88' lang='grc' dir='ltr'>τ.</span> <span class='ocrx_word' id='word_1_306' title='bbox 1076 2082 1107 2120; x_wconf 88' lang='grc' dir='ltr'>λ.</span> 
     </span>
    </p>

    <p class='ocr_par' dir='ltr' id='par_1_3' title="bbox 129 2145 1646 2908">
     <span class='ocr_line' id='line_1_31' title="bbox 134 2145 1601 2198; baseline 0.001 -14"><span class='ocrx_word' id='word_1_307' title='bbox 134 2145 181 2184; x_wconf 89' lang='lat' dir='ltr'>Et</span> <span class='ocrx_word' id='word_1_308' title='bbox 214 2145 287 2183; x_wconf 82' lang='lat' dir='ltr'>huc</span> <span class='ocrx_word' id='word_1_309' title='bbox 317 2146 451 2184; x_wconf 78' lang='lat' dir='ltr'>referri</span> <span class='ocrx_word' id='word_1_310' title='bbox 480 2155 604 2197; x_wconf 89' lang='lat' dir='ltr'>potest</span> <span class='ocrx_word' id='word_1_311' title='bbox 636 2147 856 2184; x_wconf 78' lang='lat' dir='ltr'>Eustatliius</span> <span class='ocrx_word' id='word_1_312' title='bbox 889 2146 935 2183; x_wconf 88' lang='lat' dir='ltr'>ad</span> <span class='ocrx_word' id='word_1_313' title='bbox 966 2146 1072 2185; x_wconf 84' lang='lat' dir='ltr'>Iliad.</span> <span class='ocrx_word' id='word_1_314' title='bbox 1095 2163 1135 2193; x_wconf 90' lang='grc' dir='ltr'>υ,</span> <span class='ocrx_word' id='word_1_315' title='bbox 1166 2160 1265 2198; x_wconf 84' lang='lat'>299,</span> <span class='ocrx_word' id='word_1_316' title='bbox 1286 2148 1503 2186; x_wconf 87' lang='lat' dir='ltr'>vaticinium</span> <span class='ocrx_word' id='word_1_317' title='bbox 1527 2149 1601 2186; x_wconf 89' lang='lat' dir='ltr'>Ho-</span> 
     </span>
     <span class='ocr_line' id='line_1_32' title="bbox 134 2209 1601 2261; baseline 0.003 -15"><span class='ocrx_word' id='word_1_318' title='bbox 134 2209 227 2247; x_wconf 85' lang='lat' dir='ltr'>meri</span> <span class='ocrx_word' id='word_1_319' title='bbox 250 2209 299 2247; x_wconf 91' lang='lat' dir='ltr'>de</span> <span class='ocrx_word' id='word_1_320' title='bbox 321 2209 498 2248; x_wconf 83' lang='lat' dir='ltr'>AEneadis</span> <span class='ocrx_word' id='word_1_321' title='bbox 528 2211 739 2261; x_wconf 82' lang='lat' dir='ltr'>regnaturis</span> <span class='ocrx_word' id='word_1_322' title='bbox 755 2224 776 2248; x_wconf 91' lang='lat' dir='ltr'>a</span> <span class='ocrx_word' id='word_1_323' title='bbox 792 2211 936 2260; x_wconf 85' lang='lat' dir='ltr'>Sibylla</span> <span class='ocrx_word' id='word_1_324' title='bbox 961 2213 1117 2261; x_wconf 82' lang='lat' dir='ltr'>petitum</span> <span class='ocrx_word' id='word_1_325' title='bbox 1145 2212 1285 2250; x_wconf 88' lang='lat' dir='ltr'>docens</span> <span class='ocrx_word' id='word_1_326' title='bbox 1304 2227 1312 2251; x_wconf 76' lang='grc' dir='ltr'><strong><em>ε</em></strong></span> <span class='ocrx_word' id='word_1_327' title='bbox 1341 2215 1455 2252; x_wconf 81' lang='grc' dir='ltr'>Τοῦτο</span> <span class='ocrx_word' id='word_1_328' title='bbox 1476 2211 1512 2250; x_wconf 79' lang='grc' dir='ltr'>δὲ</span> <span class='ocrx_word' id='word_1_329' title='bbox 1538 2212 1601 2251; x_wconf 83' lang='grc' dir='ltr'>λε’-</span> 
     </span>
     <span class='ocr_line' id='line_1_33' title="bbox 131 2271 1599 2327; baseline 0.003 -17"><span class='ocrx_word' id='word_1_330' title='bbox 131 2287 227 2323; x_wconf 69' lang='grc' dir='ltr'>γεται</span> <span class='ocrx_word' id='word_1_331' title='bbox 246 2271 303 2310; x_wconf 78' lang='grc' dir='ltr'>διὰ</span> <span class='ocrx_word' id='word_1_332' title='bbox 322 2272 384 2319; x_wconf 74' lang='grc' dir='ltr'>τὴν</span> <span class='ocrx_word' id='word_1_333' title='bbox 402 2273 590 2325; x_wconf 78' lang='grc' dir='ltr'>Ῥωμαίων</span> <span class='ocrx_word' id='word_1_334' title='bbox 618 2273 745 2326; x_wconf 72' lang='grc' dir='ltr'>ἀρχὴν,</span> <span class='ocrx_word' id='word_1_335' title='bbox 760 2274 822 2322; x_wconf 81' lang='grc' dir='ltr'>ἥν,</span> <span class='ocrx_word' id='word_1_336' title='bbox 840 2289 954 2327; x_wconf 74' lang='grc' dir='ltr'>φασιν,</span> <span class='ocrx_word' id='word_1_337' title='bbox 970 2273 1058 2318; x_wconf 74' lang='grc' dir='ltr'>εἰκὸς</span> <span class='ocrx_word' id='word_1_338' title='bbox 1074 2275 1203 2314; x_wconf 83' lang='grc' dir='ltr'>εἰδέναι</span> <span class='ocrx_word' id='word_1_339' title='bbox 1222 2278 1280 2314; x_wconf 83' lang='grc' dir='ltr'>τὸν</span> <span class='ocrx_word' id='word_1_340' title='bbox 1299 2276 1446 2324; x_wconf 73' lang='grc' dir='ltr'>ποιητὴν</span> <span class='ocrx_word' id='word_1_341' title='bbox 1474 2277 1513 2315; x_wconf 80' lang='grc' dir='ltr'>ἐκ</span> <span class='ocrx_word' id='word_1_342' title='bbox 1529 2280 1599 2315; x_wconf 80' lang='grc' dir='ltr'>τῶν</span> 
     </span>
     <span class='ocr_line' id='line_1_34' title="bbox 130 2337 1597 2390; baseline 0.002 -16"><span class='ocrx_word' id='word_1_343' title='bbox 130 2340 192 2384; x_wconf 76' lang='grc' dir='ltr'>τῆς</span> <span class='ocrx_word' id='word_1_344' title='bbox 214 2337 390 2385; x_wconf 74' lang='grc' dir='ltr'>Σιὸύλλης</span> <span class='ocrx_word' id='word_1_345' title='bbox 413 2341 595 2390; x_wconf 75' lang='grc' dir='ltr'>χρησμῶν.</span> <span class='ocrx_word' id='word_1_346' title='bbox 620 2340 754 2390; x_wconf 73' lang='lat' dir='ltr'>Magna</span> <span class='ocrx_word' id='word_1_347' title='bbox 772 2340 850 2376; x_wconf 68' lang='lat' dir='ltr'>brec</span> <span class='ocrx_word' id='word_1_348' title='bbox 875 2340 968 2386; x_wconf 75' lang='lat' dir='ltr'>laus,</span> <span class='ocrx_word' id='word_1_349' title='bbox 983 2340 1126 2390; x_wconf 87' lang='lat' dir='ltr'>aliquid</span> <span class='ocrx_word' id='word_1_350' title='bbox 1160 2341 1328 2378; x_wconf 79' lang='lat' dir='ltr'>Homero</span> <span class='ocrx_word' id='word_1_351' title='bbox 1355 2341 1414 2378; x_wconf 89' lang='lat' dir='ltr'>vel</span> <span class='ocrx_word' id='word_1_352' title='bbox 1442 2340 1597 2377; x_wconf 76' lang='lat' dir='ltr'>invitam</span> 
     </span>
     <span class='ocr_line' id='line_1_35' title="bbox 132 2402 1596 2456; baseline 0.001 -17"><span class='ocrx_word' id='word_1_353' title='bbox 132 2402 402 2440; x_wconf 87' lang='lat' dir='ltr'>commodasse.</span> <span class='ocrx_word' id='word_1_354' title='bbox 428 2404 568 2449; x_wconf 89' lang='lat' dir='ltr'>Quidni</span> <span class='ocrx_word' id='word_1_355' title='bbox 599 2413 724 2442; x_wconf 86' lang='lat' dir='ltr'>autem</span> <span class='ocrx_word' id='word_1_356' title='bbox 745 2417 826 2442; x_wconf 86' lang='lat' dir='ltr'>eam</span> <span class='ocrx_word' id='word_1_357' title='bbox 846 2404 992 2442; x_wconf 78' lang='lat' dir='ltr'>laudem</span> <span class='ocrx_word' id='word_1_358' title='bbox 1014 2404 1168 2454; x_wconf 80' lang='lat' dir='ltr'>Sibyllae</span> <span class='ocrx_word' id='word_1_359' title='bbox 1194 2404 1462 2456; x_wconf 84' lang='lat' dir='ltr'>impertissent,</span> <span class='ocrx_word' id='word_1_360' title='bbox 1483 2418 1596 2455; x_wconf 90' lang='lat' dir='ltr'>quam</span> 
     </span>
     <span class='ocr_line' id='line_1_36' title="bbox 133 2458 1646 2520; baseline 0.001 -16"><span class='ocrx_word' id='word_1_361' title='bbox 133 2466 289 2517; x_wconf 86' lang='lat' dir='ltr'>Orpheo</span> <span class='ocrx_word' id='word_1_362' title='bbox 312 2477 524 2518; x_wconf 83' lang='lat' dir='ltr'>quoqueet</span> <span class='ocrx_word' id='word_1_363' title='bbox 546 2468 688 2506; x_wconf 87' lang='lat' dir='ltr'>Musaeo</span> <span class='ocrx_word' id='word_1_364' title='bbox 719 2468 850 2505; x_wconf 85' lang='lat' dir='ltr'>tribuit</span> <span class='ocrx_word' id='word_1_365' title='bbox 868 2468 1061 2514; x_wconf 79' lang='lat' dir='ltr'>Clemens,</span> <span class='ocrx_word' id='word_1_366' title='bbox 1090 2469 1233 2508; x_wconf 87' lang='lat' dir='ltr'>Strom.</span> <span class='ocrx_word' id='word_1_367' title='bbox 1255 2470 1321 2517; x_wconf 81' lang='lat' dir='ltr'>Vl,</span> <span class='ocrx_word' id='word_1_368' title='bbox 1339 2483 1379 2520; x_wconf 90' lang='lat' dir='ltr'>p.</span> <span class='ocrx_word' id='word_1_369' title='bbox 1407 2470 1495 2515; x_wconf 80' lang='lat'><strong>738.</strong></span> <span class='ocrx_word' id='word_1_370' title='bbox 1523 2469 1596 2506; x_wconf 85' lang='lat' dir='ltr'>Sed</span> <span class='ocrx_word' id='word_1_371' title='bbox 1638 2458 1646 2466; x_wconf 47' lang='lat'>⁸</span> 
     </span>
     <span class='ocr_line' id='line_1_37' title="bbox 133 2530 1595 2582; baseline 0.003 -16"><span class='ocrx_word' id='word_1_372' title='bbox 133 2530 301 2568; x_wconf 86' lang='lat' dir='ltr'>eamdem</span> <span class='ocrx_word' id='word_1_373' title='bbox 322 2531 382 2567; x_wconf 88' lang='lat' dir='ltr'>alii</span> <span class='ocrx_word' id='word_1_374' title='bbox 415 2531 461 2568; x_wconf 86' lang='lat' dir='ltr'>ad</span> <span class='ocrx_word' id='word_1_375' title='bbox 490 2531 582 2568; x_wconf 87' lang='lat' dir='ltr'>alias</span> <span class='ocrx_word' id='word_1_376' title='bbox 613 2545 767 2582; x_wconf 89' lang='lat' dir='ltr'>quoque</span> <span class='ocrx_word' id='word_1_377' title='bbox 790 2532 952 2582; x_wconf 81' lang='lat' dir='ltr'>Sibyllas</span> <span class='ocrx_word' id='word_1_378' title='bbox 980 2532 1214 2578; x_wconf 87' lang='lat' dir='ltr'>retulerunt,</span> <span class='ocrx_word' id='word_1_379' title='bbox 1240 2541 1281 2569; x_wconf 88' lang='lat' dir='ltr'>ut</span> <span class='ocrx_word' id='word_1_380' title='bbox 1314 2533 1360 2571; x_wconf 87' lang='lat' dir='ltr'>ad</span> <span class='ocrx_word' id='word_1_381' title='bbox 1388 2534 1595 2572; x_wconf 80' lang='lat' dir='ltr'>Cumanam</span> 
     </span>
     <span class='ocr_line' id='line_1_38' title="bbox 130 2595 1595 2649; baseline 0.001 -16"><span class='ocrx_word' id='word_1_382' title='bbox 130 2595 254 2634; x_wconf 85' lang='lat' dir='ltr'>Julius</span> <span class='ocrx_word' id='word_1_383' title='bbox 275 2597 477 2644; x_wconf 82' lang='lat' dir='ltr'>Firmicus,</span> <span class='ocrx_word' id='word_1_384' title='bbox 498 2598 660 2637; x_wconf 79' lang='lat' dir='ltr'>mathes.</span> <span class='ocrx_word' id='word_1_385' title='bbox 685 2598 749 2636; x_wconf 89' lang='lat' dir='ltr'>lib.</span> <span class='ocrx_word' id='word_1_386' title='bbox 772 2599 816 2644; x_wconf 89' lang='lat' dir='ltr'>V,</span> <span class='ocrx_word' id='word_1_387' title='bbox 838 2612 876 2649; x_wconf 86' lang='lat' dir='ltr'>p.</span> <span class='ocrx_word' id='word_1_388' title='bbox 901 2613 963 2647; x_wconf 89' lang='lat'>77,</span> <span class='ocrx_word' id='word_1_389' title='bbox 984 2599 1189 2636; x_wconf 85' lang='lat' dir='ltr'>Homerum</span> <span class='ocrx_word' id='word_1_390' title='bbox 1211 2611 1371 2648; x_wconf 82' lang='lat' dir='ltr'>vocans,</span> <span class='ocrx_word' id='word_1_391' title='bbox 1393 2616 1407 2631; x_wconf 74' lang='grc' dir='ltr'>α</span> <span class='ocrx_word' id='word_1_392' title='bbox 1424 2598 1595 2636; x_wconf 87' lang='lat' dir='ltr'>divinum</span> 
     </span>
     <span class='ocr_line' id='line_1_39' title="bbox 132 2659 1597 2713; baseline 0.002 -16"><span class='ocrx_word' id='word_1_393' title='bbox 132 2676 146 2689; x_wconf 64' lang='grc' dir='ltr'>ν</span> <span class='ocrx_word' id='word_1_394' title='bbox 177 2659 215 2697; x_wconf 90' lang='lat' dir='ltr'>in</span> <span class='ocrx_word' id='word_1_395' title='bbox 244 2660 358 2698; x_wconf 82' lang='lat' dir='ltr'>Iliade</span> <span class='ocrx_word' id='word_1_396' title='bbox 381 2660 524 2699; x_wconf 84' lang='lat' dir='ltr'>Cumaei</span> <span class='ocrx_word' id='word_1_397' title='bbox 544 2662 723 2700; x_wconf 86' lang='lat' dir='ltr'>carminis</span> <span class='ocrx_word' id='word_1_398' title='bbox 753 2662 1051 2713; x_wconf 73' lang='lat' dir='ltr'>interpretem3»</span> <span class='ocrx_word' id='word_1_399' title='bbox 1079 2661 1125 2699; x_wconf 91' lang='lat' dir='ltr'>ad</span> <span class='ocrx_word' id='word_1_400' title='bbox 1152 2662 1374 2713; x_wconf 84' lang='lat' dir='ltr'>Delphicam</span> <span class='ocrx_word' id='word_1_401' title='bbox 1405 2662 1597 2700; x_wconf 79' lang='lat' dir='ltr'>Diodorus</span> 
     </span>
     <span class='ocr_line' id='line_1_40' title="bbox 129 2724 1595 2779; baseline 0.003 -18"><span class='ocrx_word' id='word_1_402' title='bbox 129 2724 298 2773; x_wconf 85' lang='lat' dir='ltr'>Siculus,</span> <span class='ocrx_word' id='word_1_403' title='bbox 319 2735 357 2763; x_wconf 86' lang='lat' dir='ltr'>et</span> <span class='ocrx_word' id='word_1_404' title='bbox 386 2727 517 2764; x_wconf 83' lang='lat' dir='ltr'>Solino</span> <span class='ocrx_word' id='word_1_405' title='bbox 541 2736 655 2777; x_wconf 88' lang='lat' dir='ltr'>teste,</span> <span class='ocrx_word' id='word_1_406' title='bbox 687 2727 878 2774; x_wconf 76' lang='lat' dir='ltr'>Bocchus,</span> <span class='ocrx_word' id='word_1_407' title='bbox 909 2726 1023 2765; x_wconf 86' lang='lat' dir='ltr'>ambo</span> <span class='ocrx_word' id='word_1_408' title='bbox 1046 2727 1143 2764; x_wconf 82' lang='lat' dir='ltr'>infra</span> <span class='ocrx_word' id='word_1_409' title='bbox 1170 2727 1334 2775; x_wconf 88' lang='lat' dir='ltr'>citandi,</span> <span class='ocrx_word' id='word_1_410' title='bbox 1366 2741 1450 2779; x_wconf 86' lang='lat' dir='ltr'>cap.</span> <span class='ocrx_word' id='word_1_411' title='bbox 1475 2728 1512 2767; x_wconf 83' lang='lat'>5.</span> <span class='ocrx_word' id='word_1_412' title='bbox 1538 2729 1595 2766; x_wconf 83' lang='lat' dir='ltr'>De</span> 
     </span>
     <span class='ocr_line' id='line_1_41' title="bbox 135 2790 1593 2844; baseline 0.001 -16"><span class='ocrx_word' id='word_1_413' title='bbox 135 2790 328 2841; x_wconf 77' lang='lat' dir='ltr'>Erythraea</span> <span class='ocrx_word' id='word_1_414' title='bbox 349 2799 471 2830; x_wconf 84' lang='lat' dir='ltr'>tamen</span> <span class='ocrx_word' id='word_1_415' title='bbox 489 2793 596 2844; x_wconf 88' lang='lat' dir='ltr'>prius</span> <span class='ocrx_word' id='word_1_416' title='bbox 614 2806 700 2831; x_wconf 80' lang='lat' dir='ltr'>euru</span> <span class='ocrx_word' id='word_1_417' title='bbox 722 2806 913 2831; x_wconf 89' lang='lat' dir='ltr'>rumorem</span> <span class='ocrx_word' id='word_1_418' title='bbox 933 2792 1134 2831; x_wconf 88' lang='lat' dir='ltr'>subortum</span> <span class='ocrx_word' id='word_1_419' title='bbox 1164 2806 1242 2831; x_wconf 83' lang='lat' dir='ltr'>esse</span> <span class='ocrx_word' id='word_1_420' title='bbox 1261 2793 1465 2843; x_wconf 88' lang='lat' dir='ltr'>credimus,</span> <span class='ocrx_word' id='word_1_421' title='bbox 1491 2792 1593 2844; x_wconf 88' lang='lat' dir='ltr'>quod</span> 
     </span>
     <span class='ocr_line' id='line_1_42' title="bbox 129 2855 1592 2908; baseline 0.002 -17"><span class='ocrx_word' id='word_1_422' title='bbox 129 2855 167 2891; x_wconf 89' lang='lat' dir='ltr'>in</span> <span class='ocrx_word' id='word_1_423' title='bbox 194 2855 412 2906; x_wconf 66' lang='lat' dir='ltr'>Erythraeo,</span> <span class='ocrx_word' id='word_1_424' title='bbox 450 2855 496 2893; x_wconf 80' lang='lat' dir='ltr'>de</span> <span class='ocrx_word' id='word_1_425' title='bbox 516 2870 591 2906; x_wconf 85' lang='lat' dir='ltr'>quo</span> <span class='ocrx_word' id='word_1_426' title='bbox 612 2870 723 2908; x_wconf 81' lang='lat' dir='ltr'>supra</span> <span class='ocrx_word' id='word_1_427' title='bbox 744 2886 753 2905; x_wconf 89' lang='lat'>,</span> <span class='ocrx_word' id='word_1_428' title='bbox 775 2856 943 2895; x_wconf 85' lang='lat' dir='ltr'>carmine</span> <span class='ocrx_word' id='word_1_429' title='bbox 971 2869 1101 2895; x_wconf 84' lang='lat' dir='ltr'>versus</span> <span class='ocrx_word' id='word_1_430' title='bbox 1126 2857 1313 2895; x_wconf 82' lang='lat' dir='ltr'>Homerici</span> <span class='ocrx_word' id='word_1_431' title='bbox 1334 2857 1506 2895; x_wconf 88' lang='lat' dir='ltr'>nonnulli</span> <span class='ocrx_word' id='word_1_432' title='bbox 1530 2870 1592 2894; x_wconf 84' lang='lat' dir='ltr'>rc-</span> 
     </span>
    </p>
   </div>
  </div>
 </body>
</html>
