1752 3495
595 210 898 256 EXCURSUS
933 211 1016 255 111.
1049 269 1051 271 ι
1377 260 1384 270 ἱ
1458 210 1546 255 183

96 332 136 358 cx
155 328 226 366 qua
245 312 359 351 multa
382 307 579 347 turbarum
597 309 768 358 germina
790 309 882 346 oriri
902 320 1014 358 posse
1031 320 1107 345 non
1133 306 1332 358 ignorabat
1349 320 1466 358 quum
1483 307 1553 344 ud-

93 392 212 421 versus
236 375 387 429 publica
416 385 542 418 sacra,
565 381 642 410 tum
663 366 849 410 adversus
870 372 989 422 ipsam
1011 362 1300 421 rempublicam.
1326 372 1458 421 Neque
1483 370 1553 407 de-

91 452 162 484 erat
188 438 402 488 exemplum
433 434 566 471 similis
596 434 855 484 inquisitionis
874 434 1021 472 Punico
1041 432 1144 470 bello
1163 433 1331 471 secundo
1355 433 1484 477 sactae.
1506 432 1553 470 de

90 521 156 560 qua
177 518 244 542 nos
265 515 400 552 supra,
432 512 516 548 cap.
540 505 577 543 [0.
609 499 665 536 De
697 499 770 536 hoc
790 507 914 536 autem
949 497 1074 535 edicto
1089 526 1099 545 ‚
1122 505 1300 548 tanquam
1317 510 1393 534 non
1425 497 1472 535 ad
1489 498 1553 536 Si-

91 569 220 623 byllina
245 573 403 610 tantum,
427 562 491 600 sed
510 562 555 599 ad
588 562 767 612 quaelibet
801 563 939 600 similia
976 562 1205 612 pertinente,
1230 561 1401 600 Suetonii
1433 561 1550 599 verba

90 635 178 672 clare
191 636 323 668 sommt
342 642 349 664 ε
366 643 382 659 ιι
400 624 592 674 Quidquid
617 625 861 663 fatidicorum
880 624 1066 662 librorum
1082 624 1194 675 graeci
1208 624 1389 674 latinique
1404 626 1551 674 generis

90 718 103 733 «ι
121 695 224 734 nullis
252 692 308 729 vel
326 701 460 741 pnrmn
473 688 619 727 idoneis
634 689 857 727 auctoribus
871 688 1080 728 serebatur.
1093 707 1107 722 υ
1129 690 1354 739 Quanquam
1384 689 1549 740 pseudo-

90 759 281 812 Sibyllinos
310 754 501 807 praecipue
520 754 719 792 damnatos
753 754 867 792 fuisse
882 787 891 801 ,
919 754 1076 791 'l'acitus
1103 753 1254 791 innuit:
1284 771 1297 786 ι
1315 754 1412 798 Quia
1433 754 1551 791 multo

91 835 165 865 ante
197 822 264 860 snb
294 820 445 857 nomine
466 819 606 857 celebri
636 819 905 869 vulgabantur.
928 819 1001 857 »Et
1020 818 1173 870 qnidam
1204 819 1278 856 liuc
1307 818 1549 856 referendum

91 894 302 942 putaverunt
331 884 472 923 Justini
493 884 671 934 Martyris
691 884 834 929 locum,
851 884 1013 935 Apolog.
1036 886 1071 932 l,
1091 884 1112 932 ξ
1133 889 1178 928 44
1200 898 1207 921 :
1226 883 1314 921 Κατ’
1330 881 1500 935 ἐνέργειαν
1515 883 1550 922 δὲ

89 956 146 991 τῶν
160 951 292 1004 φαύλων
312 947 484 998 δαιμόνων
507 948 651 991 Θάνατος
668 949 797 1001 ὡρίσθη
820 948 910 986 κατὰ
926 950 995 986 τῶν
1012 949 1071 990 τὰς
1090 946 1292 987 Ὑστάσπου
1321 946 1343 993 ἢ
1376 946 1549 994 Eleon-11<

90 1019 180 1065 ἢτῶν
199 1015 380 1066 προφητῶν
401 1011 539 1063 βίὸλους
575 1011 895 1063 ἀναγινωσκόντων.
925 1012 998 1051 Sed
1021 1012 1067 1049 de
1099 1012 1160 1050 illa
1196 1021 1269 1049 tam
1305 1011 1442 1049 acerba
1468 1012 1548 1062 lege

90 1080 170 1132 quid
189 1077 424 1116 sentiendum
444 1077 506 1120 sit,
525 1077 651 1126 aptius
672 1076 870 1113 diceturin
898 1077 987 1114 Exe.
1008 1076 1074 1114 lv.

134 1143 303 1182 Redimus
323 1154 425 1178 nnnc
443 1140 489 1178 ad
511 1140 684 1179 Suetonii
704 1141 987 1188 narrationem,
1009 1150 1045 1177 et
1062 1140 1214 1191 quidem
1239 1140 1286 1177 nd
1307 1141 1388 1189 ejus
1410 1153 1548 1178 secun-

92 1210 164 1247 dam
186 1216 342 1259 partem,
356 1206 392 1242 in
415 1218 489 1255 qna
509 1213 596 1255 post
614 1205 748 1242 allatos
769 1205 939 1255 undique
960 1204 1096 1249 libros,
1119 1218 1162 1242 ac
1183 1204 1338 1255 publico
1357 1205 1446 1255 igne
1464 1217 1550 1242 cre-

91 1282 196 1310 matos
217 1271 280 1321 qui
298 1270 380 1307 salsi
397 1270 465 1307 visi
478 1277 620 1318 essent,
637 1270 764 1306 statim
781 1269 936 1306 additur
957 1283 965 1308 :
991 1287 1005 1301 u
1021 1270 1130 1307 Solos
1149 1269 1308 1307 retinuit
1328 1269 1548 1319 Sibyllinos,

94 1338 176 1374 alios
206 1348 356 1386 quoque
382 1334 529 1372 delectu
553 1333 700 1371 habito.
723 1352 737 1367 υ
767 1335 878 1372 Patet
902 1335 974 1372 lioc
995 1334 1260 1385 accipiendum
1294 1347 1373 1372 esse
1393 1347 1470 1372 non
1501 1332 1549 1371 de

94 1399 238 1454 publicis
267 1398 373 1436 libris
407 1407 493 1449 post
527 1398 747 1435 incendium
780 1398 982 1446 restitutis,
1017 1412 1182 1449 quorum
1212 1399 1327 1436 alium
1360 1398 1547 1436 delectum

94 1464 216 1503 institui
237 1464 340 1502 nefas
357 1463 501 1510 suisset,
517 1462 580 1500 sed
601 1462 646 1500 de
660 1463 768 1500 novis
783 1463 848 1513 qui
872 1475 916 1501 ex
941 1463 1067 1501 edicto
1091 1464 1264 1513 quotidie
1285 1463 1332 1501 ad
1352 1463 1549 1514 magistra-

95 1540 157 1567 tum
172 1527 429 1566 asserebantur
446 1545 460 1560 α
476 1527 546 1565 sub
568 1528 720 1566 nomine
734 1527 874 1565 celebri
895 1545 908 1561 υ
924 1557 932 1572 ,
950 1541 971 1565 e
991 1528 1131 1579 quibus
1155 1528 1284 1578 plures
1301 1527 1444 1579 rejecti,
1463 1527 1549 1578 qui--

93 1594 162 1631 dam
183 1592 314 1630 retenti
335 1600 434 1631 sunt.
460 1593 515 1630 lta
539 1592 768 1638 Suetonius,
792 1600 829 1628 et
852 1592 939 1629 inde
961 1593 1065 1642 sequi
1088 1592 1244 1630 videtur
1260 1600 1412 1629 auctum
1434 1592 1549 1629 suis-se

94 1667 155 1694 tum
183 1656 364 1693 librorum
396 1669 593 1693 numerum
626 1656 691 1706 qui
717 1655 867 1705 publice
899 1656 1206 1694 asservabantur.
1226 1656 1268 1694 ld
1289 1670 1381 1694 vero
1400 1670 1421 1694 a
1443 1656 1548 1694 nullo

92 1722 152 1758 alio
168 1722 341 1758 traditum
366 1729 543 1767 auctore,
565 1719 676 1757 nobis
702 1720 814 1758 valde
830 1730 1044 1771 suspectum
1063 1730 1140 1766 est,
1170 1721 1259 1771 quia
1281 1729 1359 1757 tum
1391 1719 1548 1758 minime

93 1785 214 1835 aliquid
243 1785 288 1823 de
310 1799 443 1823 eorum
471 1799 633 1822 numero
663 1785 882 1822 novandum
917 1795 1021 1832 erat,
1055 1799 1171 1836 quum
1201 1786 1364 1836 primum
1386 1785 1546 1824 arbitrio

92 1850 254 1900 principis
270 1850 356 1887 sede
379 1863 447 1887 sua
465 1850 622 1900 antiqua
639 1858 674 1886 et
691 1863 795 1887 sacra
812 1849 1128 1896 dimovebantur,
1152 1864 1197 1887 nc
1227 1850 1311 1900 plus
1331 1850 1418 1888 inde
1448 1849 1547 1889 lube·

94 1915 180 1950 lieret
196 1915 363 1964 ipsorum
382 1914 604 1952 auctoritas.
625 1914 725 1959 Quid
746 1914 860 1963 igitur
877 1912 923 1951 de
943 1914 1115 1952 Suetonii
1134 1914 1319 1951 sententia
1332 1944 1342 1961 ,
1364 1927 1433 1951 nos
1452 1928 1547 1965 quo·

93 1991 153 2027 que
167 1978 308 2016 delectu
327 1977 476 2026 habito,
498 1978 726 2015 retinemus?
747 1978 958 2015 'l'ranslatis
978 1978 1015 2015 in
1038 1978 1222 2016 Palatium
1244 1977 1372 2024 libris,
1389 1978 1454 2029 qui
1475 1992 1546 2029 pu-

95 2042 171 2079 blica
183 2043 404 2080 anctoritate
415 2043 454 2079 iu
473 2042 664 2093 Capitolio
679 2042 890 2079 consecrati
906 2042 1065 2087 fuerant,
1077 2050 1292 2079 ceterorum
1306 2041 1543 2080 fatidicorum

93 2105 254 2144 liin-orum
273 2121 340 2144 usu
361 2101 620 2153 inlertlictunu
637 2115 776 2157 praeter
791 2106 997 2156 Sibyllinos
1019 2106 1236 2153 nonnullos,
1259 2119 1357 2156 qnos
1373 2116 1413 2144 ut
1433 2107 1544 2145 nimis

92 2170 245 2220 antiquos
264 2179 300 2208 et
320 2180 432 2208 notos
450 2171 606 2208 retineri
629 2184 781 2208 necesse
812 2170 902 2220 suit,
928 2183 1114 2221 quorum,
1143 2170 1324 2221 prsecipui
1346 2179 1385 2208 ut
1407 2171 1547 2222 opina—-

93 2246 176 2280 ntur,
203 2235 349 2272 suerunt
372 2235 574 2285 Erythraei,
590 2244 626 2272 et
647 2235 757 2286 siqui
779 2235 841 2272 alii
861 2235 1055 2272 veteribus
1073 2234 1227 2284 Sibyllis
1244 2235 1401 2286 ascripti
1422 2236 1545 2290 prisca

93 2295 263 2335 hominum
300 2300 548 2337 veneratione
583 2298 820 2336 colebantur.
856 2299 962 2336 llanc
999 2298 1217 2349 opinionem
1261 2299 1422 2336 fatemur
1458 2313 1543 2337 eum

90 2361 300 2400 Suetoniano
344 2373 447 2401 textu
487 2365 611 2401 minus
643 2363 848 2401 convenire
885 2378 894 2401 ς
930 2363 994 2400 sed
1031 2376 1099 2400 nos
1133 2363 1284 2413 quidem
1317 2364 1542 2402 Suetonium

91 2427 252 2465 malumus
272 2430 411 2467 erroris
438 2439 654 2479 suspectum
685 2428 808 2465 faeere
838 2441 952 2477 <uiam
994 2430 1204 2478 Augustum
1232 2428 1408 2467 levitatis.
1438 2429 1545 2474 Quo-

91 2491 173 2528 niam
195 2502 312 2532 tamen
335 2495 447 2532 nimis
467 2503 599 2545 aperta
615 2503 703 2532 sunt
720 2493 891 2531 historici
908 2492 1038 2538 verba,
1056 2493 1147 2530 nibil
1168 2506 1238 2543 pro
1259 2502 1366 2530 certo
1387 2493 1543 2532 delinire

90 2556 248 2596 ausimus.

132 2623 300 2671 Sequitur
322 2625 451 2661 ultima
487 2638 573 2675 pars
605 2623 652 2661 <le
675 2622 762 2660 sede
782 2636 881 2660 nova
903 2622 1018 2660 sacris
1049 2621 1157 2659 libris
1185 2621 1379 2660 attributa.
1409 2622 1546 2660 Sueto-

90 2686 161 2723 nius
184 2689 232 2726 ait
264 2690 439 2727 conditos
463 2690 548 2726 illos
568 2707 582 2721 οι
598 2688 749 2726 (luobus
764 2689 897 2726 forulis
918 2687 1059 2725 auratis
1080 2687 1150 2724 sub
1174 2688 1337 2725 Palatini
1356 2689 1542 2740 Apollinis

90 2749 168 2790 basi.
191 2771 203 2784 υ
224 2755 277 2792 De
296 2756 377 2792 loeo
395 2755 566 2792 historici
582 2767 713 2791 omnes
726 2754 982 2796 consentiunt,
1003 2754 1131 2790 fatales
1146 2755 1400 2803 lhnuunorum
1421 2754 1539 2790 libros

89 2814 118 2850 in
137 2817 271 2855 l‘alauio
290 2820 506 2856 reconditos
533 2828 614 2869 post
633 2822 842 2868 Augustum
863 2816 1127 2868 permansisse;
1148 2825 1184 2854 et
1208 2825 1285 2853 tum
1307 2818 1539 2867 potissimum

88 2878 162 2915 illue
187 2896 246 2918 eo>-
269 2885 466 2920 translatos
486 2884 599 2920 fuiss(-
623 2891 739 2933 putet,
766 2886 851 2927 Quo
872 2882 969 2918 enim
993 2881 1066 2918 alio
1088 2883 1283 2931 tempore?
1302 2882 1427 2926 Quum
1446 2881 1546 2917 seiles
