1686 3500
141 240 234 286 480
517 235 597 281 An
633 215 981 283 slssYLmNos
1015 237 1226 309 Llssnos

118 334 220 372 ‘sive
237 345 284 371 ex
309 330 482 383 Aponi„
499 343 582 382 cap.
609 343 679 379 πο,
708 344 745 369 v.
763 344 800 379 7,
822 344 879 382 sq.
900 331 1046 369 Desunt
1064 329 1126 368 hic
1145 331 1260 368 multa
1279 331 1318 369 in
1340 340 1473 371 nostro
1489 333 1610 382 iibro,

139 397 206 436 sed
228 395 339 434 facite
372 394 586 446 supplenda
614 408 661 432 ex
691 396 941 446 Apocalypsi,
961 407 1046 445 cap.
1077 407 1144 441 20,
1167 408 1202 433 v.
1223 409 1260 444 9,
1286 409 1368 447 sqq.
1393 398 1447 437 Ne
1461 397 1612 437 dubites

139 461 241 500 enim
261 460 382 498 affore
413 459 589 498 Messinm
617 458 797 508 ultorem,
817 467 858 497 ut
882 471 1019 509 supra,
1041 456 1140 496 iibro
1160 457 1205 495 V.
1225 459 1274 497 Et
1310 469 1394 498 tum
1422 463 1612 514 superatis

82 525 89 532 “
140 524 326 572 hostibus,
360 522 610 574 conjectoque
643 523 680 560 in
719 523 896 574 abyssum
927 521 1187 568 Antichristo,
1210 536 1245 562 v.
1269 524 1357 574 196,
1377 535 1614 575 sqq.,extre-

141 603 222 628 mus
242 589 393 627 demum
410 587 523 639 hujus
539 587 673 626 mnndi
699 588 783 625 finis
801 585 1034 638 praedicitur,
1055 586 1244 626 exstincto
1261 588 1360 635 sole,
1379 588 1613 641 dejectisque

140 654 230 706 polo
246 652 450 699 sideribus,
473 665 508 690 v.
532 651 606 689 203
620 680 630 698 ,
652 665 738 703 sqq.
760 666 768 689 τ

298 716 434 759 Ἠέλιος
448 714 509 766 μὲν
527 715 665 768 ἀμυδρὰ
682 714 815 768 τρέχων
832 713 1036 767 νυχθήμερα
1049 714 1185 767 φαίνει,

296 780 419 832 Λείψει
435 779 467 818 δ’
487 779 598 833 ἄστρα
615 780 733 826 πόλον,
751 779 862 830 πολλῇ
878 778 914 816 δέ
929 794 966 816 τε
979 779 1126 817 λαίλαπι
1147 779 1252 829 θύων,

300 845 407 883 Γαῖαν
429 843 614 897 ἐρημώσει.

140 909 234 948 lude
251 910 419 947 secunda
436 909 684 954 resurrectio,
706 921 742 947 v.
764 908 851 955 205,
871 921 951 958 sqq.
968 920 977 947 ε

540 976 682 1027 Νικρῶν
700 974 736 1012 δὲ
753 973 940 1017 ἀνάστασις
954 972 1070 1020 ἔσται,
1085 988 1118 1012 κ.
1136 989 1167 1012 τ.
1191 974 1245 1022 λ.,

140 1054 254 1092 quam
281 1054 395 1079 aurea
421 1040 596 1091 sequitur
614 1039 807 1090 justorum
829 1039 1009 1086 felicitas,
1030 1038 1095 1077 sed
1118 1051 1162 1077 ea
1188 1052 1358 1092 quoque,
1382 1038 1486 1091 quod
1504 1038 1616 1077 valde

143 1115 339 1153 notamus,
357 1105 396 1143 in
422 1105 532 1143 terris
555 1104 723 1155 agenda,
753 1117 889 1155 nempe
920 1104 956 1141 in
989 1103 1101 1141 terris
1128 1104 1321 1142 renovatis
1346 1105 1404 1143 vel
1427 1104 1463 1142 in
1494 1103 1616 1142 altero

143 1171 286 1210 mundo
308 1170 395 1208 huic
421 1169 521 1207 haud
543 1168 730 1217 absimili3
752 1168 932 1207 sci-ibitur
951 1168 1075 1219 enim,
1096 1182 1134 1208 v.
1153 1182 1244 1219 209,
1264 1182 1347 1220 sqq.
1367 1182 1376 1208 ε

257 1246 259 1249 “
298 1237 388 1275 Γαῖα
407 1235 436 1272 δ’
454 1233 513 1281 ἴση
531 1233 671 1272 πάντων
684 1265 693 1283 ,
717 1235 755 1272 οὐ
768 1233 918 1287 τείχεσιν
930 1264 940 1282 ,
957 1235 993 1273 οὐ
1011 1240 1263 1288 περιφραγμοῖς

299 1298 389 1338 Οὐδὲ
405 1297 614 1351 μεριζομένη
630 1327 640 1343 ,
661 1313 697 1337 κ.
713 1314 743 1336 τ.
762 1299 794 1338 λ.

96 1361 99 1364 Α
141 1366 359 1417 Sequentia,
379 1377 417 1403 v.
440 1364 532 1414 213,
554 1376 650 1414 sqq.,
674 1364 807 1415 paucis
830 1372 978 1401 tantum
1000 1373 1038 1402 et
1057 1363 1197 1402 mutilis
1222 1362 1476 1402 hemistichiis
1502 1362 1619 1402 fracta

141 1431 551 1482 disjectaque,sensum
575 1427 838 1478 imperfectum
853 1427 1054 1476 liabent,in
1071 1428 1211 1479 quibus
1233 1438 1357 1467 tamen
1377 1428 1530 1468 videtur
1544 1429 1618 1467 ite-

142 1510 226 1534 rum
243 1495 291 1534 de
310 1496 383 1533 tine
398 1493 529 1531 mundi
550 1506 593 1531 ac
607 1493 654 1531 de
667 1492 818 1544 judicio
835 1506 1016 1544 supremo
1038 1503 1258 1545 peroratum
1281 1494 1408 1533 fuisse.
1431 1541 1442 1548 ἥ

196 1561 265 1599 llic
281 1560 398 1611 igitur
416 1558 511 1596 liber
535 1571 554 1595 a
577 1557 713 1608 quinto
739 1557 870 1595 dissert
891 1557 947 1596 vel
967 1557 1004 1596 id
1027 1558 1213 1605 maxime,
1233 1558 1337 1609 quod
1361 1558 1478 1596 multo
1501 1557 1618 1609 magis

143 1624 372 1664 christianus
391 1621 587 1661 habendus
606 1630 673 1659 cst.
694 1621 851 1673 Quippe
866 1621 1055 1672 judicium
1075 1635 1293 1674 supremum
1316 1631 1353 1661 et
1378 1631 1619 1661 mortuorum

146 1689 462 1728 resurrectionem
498 1687 577 1725 fere
611 1686 658 1724 ad
703 1685 963 1724 Christianum
1001 1700 1154 1725 sensum
1192 1687 1358 1739 accipit,
1401 1688 1472 1726 nisi
1514 1687 1618 1738 quod

144 1764 349 1806 utrumque
368 1753 407 1792 in
426 1753 519 1791 duas
538 1751 655 1790 vetuti
675 1759 803 1803 partes
827 1751 981 1800 scindit,
998 1760 1034 1790 et
1054 1751 1197 1803 duplex
1209 1753 1494 1803 quodammodo
1510 1752 1618 1802 judi·

144 1821 246 1859 cium
264 1833 349 1858 cum
367 1817 510 1869 duplici
526 1816 804 1855 resurrectione
824 1818 1024 1868 profitetur
1043 1831 1052 1854 z
1070 1830 1157 1868 quae
1176 1831 1300 1869 prope
1320 1818 1530 1856 necessaria
1550 1818 1621 1856 fuit

145 1883 363 1923 Millenariis
388 1881 568 1921 omnibus
587 1880 692 1920 fides.
718 1881 830 1922 Unde
849 1881 946 1920 enim
967 1882 1041 1919 iliis
1061 1895 1184 1919 novus
1199 1883 1379 1933 populus,
1397 1896 1505 1920 novae
1524 1883 1619 1920 civi-

144 1949 230 1987 tatis
251 1947 402 1995 incola,
430 1946 502 1984 nisi
523 1946 635 1997 justis
664 1959 732 1997 per
765 1945 897 1984 orbem
927 1946 1069 1998 sparsis
1084 1945 1209 1997 justos
1240 1947 1351 1985 etiam
1382 1956 1552 1985 mortuos
1583 1955 1619 1985 et

139 2012 286 2064 jamdiu
314 2012 483 2063 sepultos
515 2010 790 2062 adjungerent,
822 2011 1008 2062 ideoque,
1029 2011 1082 2049 sic
1103 2011 1196 2062 ipsis
1227 2011 1336 2049 facile
1364 2011 1619 2062 persuadente

145 2077 427 2129 Apocalypseos
449 2077 534 2114 loco
553 2077 716 2127 figurato
737 2084 774 2114 et
799 2076 989 2127 obscuro,
1023 2077 1191 2127 priorem
1217 2076 1533 2115 resurrectionem
1554 2076 1621 2114 ad·

146 2144 352 2189 mitterent,
372 2154 446 2193 qua
463 2141 589 2191 justos
612 2140 726 2187 solos,
751 2141 890 2178 relictIS
910 2140 982 2178 sub
1007 2149 1107 2178 terra
1120 2140 1276 2191 impiis,
1298 2140 1344 2178 ad
1369 2141 1492 2178 lucem
1513 2155 1619 2179 revo-

144 2216 290 2254 carent,
312 2219 413 2244 novo
434 2206 577 2245 Christi
596 2219 716 2256 regno
736 2218 858 2243 novos
878 2206 1006 2243 cives?
1025 2205 1100 2244 Sed
1122 2219 1189 2243 nos
1207 2205 1254 2244 de
1270 2219 1314 2244 ea
1334 2219 1374 2244 re
1393 2205 1499 2243 anas.

195 2273 317 2311 Etiam
350 2271 569 2308 millenariae
595 2270 792 2322 opinionis
814 2270 954 2308 indicia
975 2270 1147 2321 qnaedam
1173 2270 1272 2308 libro
1293 2271 1327 2309 11
1353 2271 1511 2322 reperiri
1534 2272 1618 2322 pri-

146 2351 246 2375 mum
264 2336 440 2374 videntur
459 2336 642 2382 intuenti,
662 2336 728 2373 sed
745 2348 789 2372 ea
811 2334 945 2381 dubia,
970 2336 1060 2383 imo,
1083 2335 1113 2373 si
1136 2336 1294 2386 propius
1313 2335 1509 2386 inspicias,
1528 2336 1618 2373 salsa

145 2403 302 2441 omnino
321 2411 357 2440 et
385 2415 498 2441 vana.
521 2403 616 2441 Nam
637 2401 748 2438 initio
769 2400 924 2452 quidem
950 2401 1048 2439 illius
1069 2400 1178 2447 libri,
1198 2409 1285 2452 post
1305 2402 1442 2439 multas
1464 2401 1618 2439 calami-

148 2476 243 2506 tates
262 2463 418 2505 decim'ae
439 2464 695 2516 generationis
713 2464 867 2516 jamjam
894 2465 1117 2513 interiturae,
1138 2466 1252 2513 Deus,
1269 2465 1525 2511 seuMessias,
1554 2478 1618 2502 seu

148 2531 534 2583 Christus,jnstornm
553 2537 740 2574 servator,
762 2530 809 2567 de
829 2529 921 2567 caelo
938 2528 1154 2577 adducitur,
1176 2543 1215 2569 v.
1238 2544 1302 2578 27,
1321 2542 1404 2579 sqq.
1424 2543 1432 2566 :

407 2591 498 2632 Τότε
516 2592 545 2630 δ’
565 2587 646 2630 αὖτε
669 2590 777 2643 μέγας
796 2591 885 2636 Θεὸς
905 2591 1015 2645 αἰθέρι
1035 2591 1139 2630 ναίων

303 2657 447 2709 Ἀνδρῶν
466 2656 633 2695 εὖσεῧέων
658 2655 776 2707 σωτὴρ
796 2655 885 2695 κατὰ
904 2657 1018 2694 πάντα
1038 2656 1181 2707 γένηται
1194 2685 1203 2703 ,

144 2733 182 2762 et
205 2722 343 2768 statim,
365 2720 484 2759 utlib.
499 2721 530 2759 V
549 2730 585 2758 et
602 2721 738 2767 V111‚§
761 2734 794 2768 ι,
815 2734 929 2758 aurea
952 2720 1145 2771 justorum
1166 2720 1202 2757 in
1220 2720 1346 2758 .terris
1373 2719 1532 2758 felicitas
1550 2718 1617 2756 de-

143 2787 337 2837 scribitur3
358 2785 422 2824 sed
442 2785 504 2822 illa
525 2797 615 2828 non,
634 2793 675 2821 ut
697 2784 731 2820 in
751 2784 795 2821 iis
815 2783 935 2832 libris,
960 2784 1120 2834 proprio
1139 2797 1252 2821 sensu
1276 2783 1518 2834 accipienda,
1540 2784 1615 2820 imo

142 2854 301 2904 figurata
316 2849 474 2888 omnino
493 2859 530 2886 et
551 2848 831 2899 metaphorica,
855 2861 929 2898 qua
950 2848 1044 2885 nihil
1065 2847 1169 2885 alind
1193 2847 1367 2885 innuitur
1386 2861 1500 2898 quam
1527 2859 1617 2897 pro-

142 2916 327 2966 pinquum
352 2912 548 2965 refigionis
565 2913 779 2951 christianae
798 2926 971 2964 regnum.
996 2913 1127 2962 ltaque
1151 2912 1278 2951 fideles
1302 2921 1389 2951 tunc
1410 2911 1616 2949 ostendun-
