1686 3500
143 185 237 229 5078
527 182 600 228 AD
634 182 986 228 SIBYLLINOS
1021 183 1231 229 LIBROS

301 279 477 321 Ἰουδαίων
495 280 661 334 μακάρων
681 283 770 320 θεῖον
784 280 879 333 γένος
895 280 1131 335 οὗρανιώνων,

300 344 350 385 Οἳ
363 343 638 399 περιναιετάουσι
654 345 747 384 Θεοῦ
760 345 862 384 πολιν
882 347 915 384 ἐν
932 344 1140 398 μεσογαίοις.

139 411 240 450 Sane
262 409 414 448 videtur
435 408 498 447 hic
524 407 616 446 urbs
641 409 725 460 ipsa
745 409 1009 459 Hierosolyma
1035 408 1247 460 designari,
1263 409 1301 448 iu
1321 410 1467 450 sudaeae
1484 413 1611 451 conti-

142 463 256 512 nente
274 474 410 526 posita,
433 473 468 511 ἐν
488 471 682 523 μεσογαίοις
700 487 709 511 :
729 473 805 511 imo
821 472 1046 524 pomoerium
1066 486 1208 512 novum
1231 474 1330 523 illius
1347 475 1454 514 urbis
1472 475 1613 515 defini-

143 547 220 587 tur,
243 546 362 577 totam
382 537 621 577 Palaestinam
642 537 874 590 amplexurae
893 550 1017 588 usque
1032 537 1082 575 ad
1104 550 1206 576 mare
1233 551 1241 576 τ

297 603 398 656 Ἄχρι
414 601 449 641 δὲ
465 602 523 641 καὶ
541 601 661 650 Ἰόπης
678 607 791 655 τεῖχος
808 601 897 654 μέγα
913 600 1170 650 χυκλώσαντες,

297 666 422 721 Ὑψόσ’
436 666 607 717 ἀείρονται
619 697 631 719 ,
648 682 682 705 κ.
701 682 733 706 τ.
747 668 780 705 λ.

140 733 188 772 Et
213 746 276 771 rex
297 732 377 783 ejus
400 731 506 769 urbis
526 732 807 783 sospitatorque
829 730 1048 776 nuntiatur,
1069 743 1105 770 ν.
1122 731 1214 782 255,
1233 743 1342 782 sqq.:

300 791 358 841 Εἷς
372 797 408 836 δέ
423 812 472 839 τις
485 795 623 836 ἔσσεται
641 790 735 840 αὖθις
755 795 818 834 ἀπ’
837 794 972 847 αἰθέρος
989 794 1104 848 ἔξοχος
1119 794 1222 850 ἀνὴρ,

294 860 391 914 [⁶O<]
410 862 576 912 παλάμας
594 861 757 909 ἥπλωσεν
778 860 835 898 ἐπὶ
851 859 950 905 Ξύλου
966 859 1194 912 πολυκάρπου
1204 884 1219 910 ,-

295 926 471 980 Ἓὸραίων
487 925 670 979 ὁᾶριστος,
685 925 720 969 ὃς
742 924 860 972 ἠέλιόν
876 940 961 964 ποτε
980 927 1088 972 στῆσε
1100 953 1111 972 ,

295 990 469 1037 Φωνήσας
489 991 584 1043 ῥήσει
599 1006 636 1029 τε
655 992 746 1041 καλῇ
764 989 823 1028 καὶ
841 989 992 1042 χείλεσιν
1011 989 1140 1041 ἁγνοῖς.

133 1059 222 1105 Quo
244 1056 336 1109 quid
366 1055 561 1107 apertius?
580 1063 617 1093 et
650 1055 735 1106 quis
762 1067 839 1092 uon
864 1055 988 1092 statim
1011 1055 1203 1093 Christum
1227 1054 1402 1094 Messiam
1433 1062 1608 1093 nostrum

134 1130 331 1173 agnoscat,
355 1134 468 1172 quem
489 1128 525 1158 ct
554 1121 676 1158 Moses
697 1119 807 1157 simul
835 1127 872 1157 et
897 1120 1039 1167 Josue,
1068 1120 1190 1170 figura
1215 1118 1340 1158 crucis
1359 1126 1397 1157 et
1425 1119 1610 1164 nominis,

136 1187 363 1238 designant?
384 1186 451 1224 llle.
470 1185 585 1237 igitur
601 1198 667 1222 rex
692 1184 928 1235 promittitur
944 1184 1106 1232 Judaeis,
1128 1183 1268 1236 quibus
1288 1183 1456 1222 addendi
1479 1184 1609 1223 viden·

135 1260 197 1289 tur
215 1250 420 1289 Christiani
438 1262 523 1287 cum
543 1249 686 1287 ,ludaeis
706 1249 745 1286 in
763 1249 837 1286 hoc
855 1249 958 1286 libro
979 1249 1142 1287 confusi.

182 1317 316 1356 Statim
337 1329 427 1353 vero
449 1323 561 1367 poeta
588 1313 813 1353 Judaeorum
847 1328 1000 1352 auream
1040 1329 1129 1353 vere
1164 1315 1382 1354 felicitatem
1416 1314 1609 1367 depingit,

130 1395 165 1419 v.
185 1382 275 1431 259,
296 1393 393 1431 sqq.,
413 1378 504 1417 dum
527 1378 632 1416 malis
648 1378 827 1416 omnibus
843 1392 1048 1429 oppressos
1066 1381 1204 1430 impios
1224 1380 1441 1427 adumbrat,
1461 1392 1499 1421 v,
1519 1393 1608 1430 297,

130 1461 230 1499 sqq.,
250 1447 390 1491 et3l13,
415 1458 501 1495 sqq.
524 1446 621 1483 Saue
641 1444 671 1482 si
691 1444 776 1496 quis
797 1445 1006 1495 perfectum
1030 1454 1067 1483 et
1086 1446 1132 1483 ad
1154 1446 1331 1484 amussim
1351 1454 1526 1484 exactum
1544 1459 1606 1484 re·

131 1525 215 1550 rum
239 1510 411 1548 ordinem
440 1508 478 1546 in
495 1522 541 1546 eo
558 1508 724 1546 carmine
744 1507 952 1556 desideret,
971 1522 1038 1561 spe
1058 1522 1124 1547 sua
1149 1510 1354 1548 frustretur
1376 1522 1385 1549 :
1403 1509 1605 1547 consilium

133 1586 256 1614 tamen
271 1574 435 1612 auctoris
454 1573 551 1611 idem
574 1572 715 1625 ubique
735 1573 1009 1625 deprehendat.
1030 1574 1124 1612 Nam
1141 1584 1342 1625 postquam
1358 1574 1462 1613 urbis
1478 1574 1607 1612 Rotnae

126 1647 164 1678 et
190 1638 339 1690 imperii
358 1637 527 1683 ruinam,
558 1645 736 1689 tanquam
763 1638 879 1676 excisi
903 1637 1240 1689 llierosolymitani
1267 1637 1398 1690 templi
1424 1637 1606 1676 ultionem

127 1712 166 1742 vt
197 1716 370 1756 poenam,
392 1702 621 1741 vaticinatus
648 1711 723 1751 est,
750 1715 788 1741 v.
823 1703 917 1751 385,
944 1716 1047 1755 sqq„
1070 1716 1200 1741 rursus
1220 1703 1267 1740 ad
1290 1703 1463 1742 Messiam
1486 1702 1606 1749 redit,

130 1785 163 1809 v.
187 1772 275 1818 413,
294 1784 374 1821 sqq.
397 1785 405 1807 :

284 1828 393 1873 ’Ἦλθε
409 1832 476 1887 γὰρ
495 1832 660 1886 οὐρανίων
675 1832 794 1872 νώτων
811 1833 898 1888 ἀνὴρ
913 1832 1110 1887 μακαρίτης
1124 1867 1134 1883 ,

285 1900 355 1939 Καὶ
371 1899 511 1949 πάντων
527 1898 695 1952 ἐκράτησε
711 1900 826 1943 καλῶς
837 1930 850 1951 ,
866 1916 899 1938 κ.
914 1915 946 1940 τ.
967 1902 1012 1946 λ.,

125 1980 334 2018 rursusque
362 1965 583 2004 Judaeorum
611 1978 672 2003 res
703 1977 907 2016 prosperas
930 1964 1105 2003 versibus
1135 1966 1210 2004 suis
1233 1965 1419 2014 adornat,
1443 1980 1478 2006 v.
1503 1972 1604 2017 4¹9·

126 2045 208 2083 sqq.
225 2031 326 2070 Idem
347 2030 459 2068 etiam
494 2030 610 2081 paulo
633 2030 746 2076 iufra,
775 2039 996 2081 postquam,
1018 2044 1056 2070 v.
1086 2030 1181 2078 475,
1205 2044 1303 2082 sqq.,
1330 2032 1448 2069 solem
1481 2033 1603 2083 ipsum

127 2110 243 2148 super
263 2096 400 2148 impios
424 2094 675 2143 exstinxerit,
705 2108 858 2142 rursus,
885 2094 1134 2134 Hebraeorum
1155 2104 1281 2144 causa,
1301 2096 1483 2135 caelestem
1503 2097 1603 2135 illam

128 2163 246 2201 facem
267 2160 468 2208 accendet,
491 2173 528 2200 v.
548 2160 638 2207 48¹.
662 2173 716 2211 sq.
737 2175 746 2198 z

282 2224 447 2278 Δεύτερον
471 2223 578 2278 αὐτὰρ
602 2223 720 2263 ἔπειτα
738 2225 832 2264 Θεοῦ
852 2225 936 2279 φάος
954 2224 1177 2277 ἡγεμονεύσει

283 2290 443 2344 Ἀνδράσι
459 2295 528 2334 τοῖς
545 2292 723 2341 ἀγαθοῖσιν
737 2321 746 2339 ,
769 2290 843 2329 ὅσοι
859 2289 949 2331 Θεὸν
966 2289 1177 2342 ἐξύμνησαν.

125 2358 324 2407 Tantaque
344 2355 417 2393 erit
436 2355 502 2392 illo
531 2363 705 2406 tempore
724 2355 950 2394 Judaeorum
980 2356 1166 2404 felicitas,
1194 2364 1235 2394 ut
1259 2369 1393 2394 eorum
1425 2356 1602 2407 exemplo

125 2430 234 2459 motae
254 2429 384 2472 gentes
405 2420 452 2457 ad
473 2433 604 2457 verum
627 2421 748 2457 Deum
766 2429 1052 2467 convertantur,
1071 2434 1110 2461 v.
1133 2427 1224 2471 49¹·
1242 2434 1345 2472 sqq.,
1366 2421 1479 2472 eique
1505 2429 1603 2458 tem-

127 2487 229 2536 plu-m
261 2486 298 2523 iu
330 2485 411 2536 ipsa
434 2484 600 2535 AEgypto
625 2493 813 2535 ponatur,
840 2499 876 2525 v.
915 2485 1006 2535 500,
1032 2498 1116 2536 sqq.
1146 2486 1223 2524 Nec
1253 2486 1338 2524 [iuis
1372 2485 1494 2524 aderit
1513 2486 1602 2524 huic

126 2550 316 2600 felicitati,
335 2539 416 2587 ¹nisi
446 2563 561 2600 quum
581 2549 779 2600 AEthiupes
808 2550 1011 2600 AEgyptuui
1031 2549 1237 2597 invadent,
1259 2550 1520 2601 templumque
1540 2551 1601 2589 di-

127 2623 238 2653 rueut
266 2614 468 2659 Altissimi,
489 2627 525 2652 v.
548 2615 622 2652 506
641 2628 649 2651 :
674 2615 782 2665 cujus
805 2615 858 2653 rei
888 2629 1000 2653 causa
1023 2614 1144 2653 iratus
1171 2615 1275 2653 Deus
1299 2616 1425 2667 ignem
1446 2630 1491 2654 ex
1522 2616 1599 2654 alto

123 2678 308 2717 defundet
331 2678 367 2715 in
386 2678 555 2715 omnium
578 2679 783 2729 impiorum
798 2679 948 2730 capita,
978 2688 1056 2716 tum
1078 2680 1187 2717 astris
1206 2680 1306 2718 inter
1325 2693 1366 2718 se
1388 2682 1598 2731 confligen—

124 2744 225 2782 tibus
239 2752 275 2781 et
296 2743 343 2780 de
359 2744 453 2780 caelo
470 2742 689 2789 ruentibus,
708 2758 746 2784 v.
773 2744 864 2788 511,
890 2757 992 2795 sqq.,
1017 2744 1194 2783 incendio
1217 2755 1466 2784 consumetur
1493 2745 1599 2783 orbis

125 2821 336 2858 terrarum,
360 2821 392 2845 v·
417 2807 491 2845 530
513 2822 520 2846 :

279 2866 401 2924 ἿΙψαν
420 2877 524 2922 γαῖαν
543 2871 681 2910 ἅπασαν
697 2884 706 2894 ·
724 2871 835 2922 ἔμεινε
854 2873 883 2909 δ’
897 2871 1082 2926 ἀνάστερος
1097 2871 1210 2926 αἰθήρ.
