1752 3495
257 172 346 216 114
640 170 719 214 AD
754 168 1092 216 SlBYLLlNOS
1109 169 1329 214 LlBROS

253 267 452 306 Lentulum
472 267 606 305 Suram
625 265 772 305 inducit
790 267 952 305 oraculis
972 266 1178 304 inhiantem
1198 279 1282 316 quae
1304 264 1385 302 falsi
1412 273 1517 302 vates
1537 267 1704 306 versibus

247 331 411 369 coulictu
427 329 628 376 canebant,
646 330 892 383 ψευδομάντεις
908 329 966 368 καὶ
984 328 1104 380 γόητες
1122 328 1188 376 ἔπη
1206 321 1435 378 πεπλασμένα
1453 327 1514 366 καὶ
1533 331 1704 382 χρησμοὺς

250 394 408 449 ᾅδοντες,
427 394 580 433 videtur
611 394 722 433 nobis
741 394 794 433 ibi
817 407 968 446 quoque
987 392 1199 442 Sibyllistas
1218 406 1295 430 non
1320 393 1518 430 nominare
1537 394 1702 444 quidem,

247 459 311 498 sed
328 467 458 510 aperte
475 458 689 511 designare.
719 460 821 498 ldem
837 467 968 510 postea
979 471 1114 496 nomen
1135 457 1357 496 Christianis
1371 456 1418 495 ab
1432 457 1587 495 inimico
1599 459 1703 497 Celso

245 536 314 574 per
332 523 538 561 ludibrium
555 523 699 574 imponi
714 523 937 561 videbimus.

294 588 393 625 Sane
415 596 493 626 tum
508 589 698 639 praecipue
713 587 957 638 repullulasse
972 599 1168 624 censemus
1180 585 1402 639 Siliyllina‘m
1417 586 1572 636 poesim,
1585 600 1700 637 quum

243 652 384 689 exustis
403 652 505 689 civili
527 651 629 690 bello
659 651 834 689 fatalibus
856 650 1112 688 Romanorum
1135 650 1257 696 libris,
1276 651 1436 690 Senatus
1463 649 1617 688 decreto
1637 665 1701 702 per

241 728 380 766 graecas
403 716 515 754 urbes
550 716 686 762 ltaliae,
716 715 852 755 Siciliae
882 723 998 765 atque
1029 716 1124 753 Asiae
1153 716 1405 766 conquisitum
1434 723 1489 752 est
1514 716 1697 766 quidquid

239 780 388 817 illorum
409 781 616 817 carminum
647 787 865 831 supererat,
888 780 943 816 uti
974 779 1147 829 pluribus
1175 780 1211 815 in
1243 781 1412 818 lixcursu
1434 780 1610 829 proximo
1629 781 1699 817 do-

239 843 422 884 cebimus.
444 846 552 882 'func
583 844 680 880 euim
700 851 737 880 et
766 852 891 881 vetera
910 843 1143 893 exemplaria
1167 844 1282 880 multa
1305 857 1326 881 e
1351 843 1515 881 tenebris
1535 845 1640 890 erui,
1661 855 1696 883 et

204 944 207 946 .
239 910 356 947 multa
376 922 505 947 recens
533 910 695 946 conlicta
725 908 916 947 veteribus
945 908 1055 957 addi,
1075 922 1135 946 res
1153 909 1234 959 ipsa
1265 909 1360 947 tulit.
1383 908 1528 947 Deinde
1551 923 1642 947 vero
1663 911 1697 949 in

238 983 382 1012 tantum
406 974 525 1010 crevit
543 973 696 1011 illorum
725 987 916 1020 numerus,
936 984 976 1011 ut
993 975 1179 1023 Augustus
1199 983 1237 1010 et
1263 972 1440 1012 Tiberius
1469 975 1698 1024 gravissimis

235 1039 367 1077 edictis
386 1038 494 1076 istam
517 1038 625 1076 malae
645 1039 778 1089 segetis
801 1039 990 1075 luxuriam
1019 1051 1194 1076 coercere
1212 1038 1337 1075 conati
1357 1039 1431 1075 sint
1446 1069 1455 1086 ,
1476 1039 1530 1075 uti
1553 1038 1691 1077 ibidem

236 1103 484 1142 ostendemus.
505 1103 656 1140 Frustra
678 1103 731 1140 illi
749 1102 903 1153 quidem
916 1101 1346 1155 „depugnantibuffibuti
1360 1103 1501 1151 solent.
1517 1103 1698 1153 adversus

236 1167 333 1217 leges
353 1156 625 1215 moribus-'gsed
651 1175 772 1203 tamen
803 1179 913 1203 nemo
939 1165 1048 1203 uobis
1078 1166 1322 1217 persuadebit
1350 1181 1425 1204 uon
1455 1168 1614 1205 multum
1651 1183 1696 1206 ex

235 1244 280 1268 eo
310 1239 481 1282 tempore
508 1230 725 1281 depressam
757 1230 891 1277 fuisse,
919 1230 997 1267 sive
1016 1230 1133 1281 ipsius
1161 1231 1215 1268 rei
1246 1231 1386 1275 abusu,
1416 1231 1492 1268 sive
1523 1232 1696 1270 remediis

236 1294 417 1346 publicis,
460 1296 573 1332 totius
610 1294 771 1333 fatidicae
814 1307 971 1345 poeseos
1017 1295 1345 1333 existimationem.
1382 1296 1512 1346 ltaque
1555 1298 1698 1346 quoties

235 1368 364 1411 postea
382 1359 574 1397 laudatum
609 1359 710 1410 apud
729 1360 882 1398 Graecos
903 1358 1056 1409 Sibyllae
1077 1372 1214 1396 nomen
1246 1359 1468 1406 invenimus,
1493 1361 1695 1410 praesertim

232 1438 348 1475 quum
368 1423 520 1474 Sibyllae
549 1432 587 1462 et
622 1424 767 1461 bacidis
786 1424 938 1461 nomina
964 1422 1261 1473 conjunguntur,
1281 1423 1462 1461 videntur
1487 1423 1595 1461 nobis
1614 1424 1696 1461 lau-

233 1490 407 1536 datores,
428 1476 680 1539 sophistarum
702 1501 806 1526 more
820 1517 830 1536 ,
855 1488 970 1538 magis
987 1487 1142 1525 usitatas
1161 1487 1352 1525 veteribus
1383 1488 1515 1526 Atticis
1548 1488 1694 1525 dicendi

234 1554 413 1591 formulas
431 1554 476 1590 ad
498 1561 672 1590 ornatum
698 1553 881 1590 sermonis
897 1552 1079 1590 adhibere
1099 1565 1212 1602 quam
1228 1553 1418 1603 propriam
1446 1552 1518 1590 sibi
1544 1561 1693 1590 senten-

231 1619 320 1668 tiam
341 1618 462 1655 effari.
480 1618 540 1656 Sic
561 1617 808 1663 Plutarchus,
827 1617 873 1655 ‹le
889 1618 1088 1655 Mulierum
1107 1617 1197 1655 Virt.
1217 1626 1245 1656 t.
1266 1618 1412 1668 V11,p.
1435 1619 1481 1655 32
1499 1632 1506 1654 :
1535 1618 1578 1655 Et
1599 1616 1634 1654 δὲ
1653 1617 1695 1655 τὰ

231 1682 405 1729 Σιὸύλλης
438 1681 538 1733 λόγια
570 1687 639 1725 τοῖς
682 1681 828 1725 Βάκιδος
857 1680 1260 1735 ἀντιπαραλλοίττοιμεν,
1286 1680 1351 1725 ἕξει
1386 1698 1437 1725 τις
1474 1681 1694 1720 αἰτιάσασθαι

233 1748 371 1791 δικαίως
399 1747 462 1795 τὴν
482 1746 663 1792 ἀπόδειξιν.
689 1749 733 1786 Et
763 1749 837 1785 Dio
862 1749 1071 1798 Chrysost.‚
1098 1756 1197 1802 orat.
1224 1748 1343 1794 XXX,
1364 1747 1443 1800 περὶ
1473 1749 1604 1800 ψυχῆς,
1626 1747 1693 1785 sub

232 1813 340 1849 linem
361 1825 369 1849 z
387 1808 510 1850 Ταυτὰ
540 1810 575 1848 δὲ
601 1813 710 1849 ταῦτα
736 1810 794 1849 καὶ
823 1809 997 1850 Σίίῗυλλαν
1023 1809 1181 1864 εὑρήσετε
1208 1810 1465 1863 μαντευομένην
1487 1812 1545 1849 καὶ
1578 1810 1693 1857 Βάκιν,

231 1875 326 1930 εἴπερ
347 1874 464 1928 ἀγαθὼ
495 1873 726 1928 χρησμολόγω
753 1874 811 1914 καὶ
834 1875 954 1926 μάντιε
985 1875 1177 1927 ἐγενέσθην.
1214 1876 1260 1915 Et
1290 1875 1403 1922 idem,
1426 1883 1520 1913 orat.
1545 1873 1691 1923 XXXV,

233 1951 320 1994 post
342 1941 490 1979 initium
511 1955 518 1978 :
549 1940 634 1979 Οὐδ’
654 1939 694 1978 ἂν
713 1939 924 1994 ἀληθέστερα
944 1940 1035 1992 λέγω
1060 1940 1234 1987 Σιὲύλλης
1266 1939 1324 1978 καὶ
1351 1939 1509 1983 Βάκιδος.
1544 1939 1590 1978 Et
1611 1939 1690 1977 Ari·

230 2007 344 2045 stides
362 2007 400 2044 in
418 2005 590 2044 oratione
612 2006 804 2055 Platonica
819 2005 898 2056 jam
921 2005 983 2043 eit.
1002 2019 1011 2045 ε
1033 2000 1132 2052 Οἶον,
1162 2006 1190 2043 εἷ
1219 2004 1355 2057 βούλει,
1374 2005 1490 2051 Βάκις,
1511 2004 1688 2050 Σίέυλλα,

231 2070 338 2124 ἕτεροι
360 2069 447 2120 μετὰ
459 2069 599 2108 τούτων.
617 2070 949 2116 Quemadmodum
978 2071 1078 2117 fere,
1106 2071 1171 2107 (liu
1192 2070 1281 2108 satis
1300 2079 1385 2107 ante
1412 2070 1517 2115 illos,
1543 2070 1691 2109 Cicero-

231 2150 318 2174 nem
349 2135 502 2173 nonde
532 2148 600 2173 suo
632 2135 823 2186 locutum,
859 2135 924 2173 sed
955 2135 1003 2173 ad
1035 2135 1203 2174 Platonis
1238 2135 1294 2172 vel
1326 2135 1535 2173 Atticorum
1568 2148 1690 2172 exem-

233 2201 335 2252 plum
355 2201 612 2251 composuisse
633 2213 672 2237 se
692 2208 888 2251 putamus,
908 2200 976 2239 ubi
996 2201 1068 2249 ait,
1098 2200 1144 2238 de
1164 2201 1290 2239 Divin.
1309 2199 1373 2238 lib.
1393 2200 1425 2246 l,
1447 2204 1465 2246 5
1491 2201 1560 2238 18:
1592 2201 1688 2238 “Ca-

233 2283 249 2298 «ι
278 2274 360 2304 rent
378 2274 457 2303 arte
477 2265 507 2305 ii
530 2265 595 2315 qui
622 2278 696 2302 non
723 2266 869 2303 ratione
897 2275 963 2303 aut
993 2264 1213 2316 conjectura
1241 2264 1450 2303 observatis
1478 2278 1520 2302 ac
1555 2264 1688 2302 notatis

233 2348 249 2364 ι
277 2330 391 2380 signis
408 2359 419 2377 ‚
455 2328 520 2367 sed
554 2329 806 2368 concitatione
848 2330 1008 2380 quadam
1055 2329 1171 2367 animi
1219 2338 1284 2367 aut
1328 2330 1455 2367 soluto
1497 2329 1689 2380 liberoque

231 2412 247 2427 σι
279 2402 382 2432 motu
408 2396 532 2431 sutura
558 2395 895 2443 praeseutiunt‚...
939 2404 979 2432 ut
1017 2395 1122 2440 Bacis
1152 2395 1342 2440 Boeotius,
1377 2403 1416 2431 ut
1451 2393 1688 2444 Epimenides

234 2477 249 2492 «
269 2459 381 2505 Cres,
414 2466 456 2495 ut
483 2458 627 2507 Sibylla
657 2459 864 2509 Erythraea.
884 2476 899 2491 »ι
940 2460 988 2496 At
1022 2472 1096 2496 non
1128 2460 1202 2504 sic,
1240 2458 1304 2496 ubi
1342 2468 1504 2509 receptae
1545 2467 1686 2495 tantum

232 2523 280 2561 de
305 2521 459 2572 sibyllis
486 2521 704 2559 traditiones
725 2531 991 2573 exponuntur,
1026 2531 1066 2560 ut
1095 2537 1115 2560 a
1136 2523 1337 2560 Plutarcho
1357 2523 1404 2561 de
1434 2523 1545 2573 Pyth.
1575 2535 1685 2574 resp,

232 2597 268 2625 et
282 2587 488 2632 Pausania,
512 2586 629 2624 Phoc.
655 2587 744 2625 locis
763 2600 861 2638 saepe
875 2588 939 2626 cit.
963 2587 1019 2625 lbi
1045 2587 1144 2625 euim
1169 2596 1343 2625 auctores
1371 2587 1433 2625 isti
1454 2587 1685 2624 eruditorum

233 2659 358 2702 partes
385 2658 524 2701 agunt,
557 2663 630 2687 uon
665 2651 917 2701 sophistarum
946 2660 1011 2689 uut
1049 2651 1420 2697 rhetorum„l,iteris
1448 2651 1682 2702 consignant,

232 2730 319 2755 vera
347 2728 488 2765 necne,
518 2714 714 2753 credentes
741 2730 880 2766 necne,
912 2731 955 2755 ea
988 2729 1073 2766 quae
1102 2717 1162 2754 vel
1192 2725 1277 2754 ante
1303 2730 1342 2754 se
1377 2716 1516 2766 scripta
1538 2716 1585 2754 de
1616 2715 1683 2753 hoc

230 2787 454 2831 argumento
475 2780 718 2826 invenerant,
733 2781 791 2818 vel
808 2795 829 2818 e
846 2775 1079 2832 singulorum
1103 2781 1273 2818 locorum
1297 2781 1446 2831 vulgari
1468 2782 1565 2819 fama
1580 2794 1683 2818 acce-

224 2852 382 2897 perant;
412 2843 549 2895 quibus
580 2844 637 2881 vel
670 2836 715 2882 eo
747 2846 899 2884 nomine
918 2855 1041 2897 grates
1072 2847 1252 2883 maximas
1284 2845 1416 2884 haberi
1440 2860 1587 2897 aequum
1607 2855 1681 2890 est3
