1737 3495
659 191 968 237 excusssus
1003 193 1056 237 v.
1439 244 1446 254 ι
1490 190 1582 236 329

125 290 238 343 ipsius
256 287 422 339 ingenio,
445 286 680 334 scholasticis
704 287 863 328 sortasse
881 289 1020 328 studiis
1039 290 1225 339 enutrito,
1243 290 1487 342 potiusquam
1504 287 1584 326 Ari-

125 351 282 402 stobuli,
303 349 439 388 incerti
458 352 649 399 auctoris,
666 351 805 404 ignotae
824 353 1018 405 ceteroqui
1036 347 1244 404 disciplin‘ae
1265 353 1505 392 tribuantur?
1568 345 1569 348 ¹

173 415 267 455 lllud
281 415 389 466 γλυκὺ
406 415 549 465 Πνεῦμα
563 445 574 463 ,
593 416 624 454 si
641 430 772 455 revera
785 418 885 456 idem
901 428 956 457 cst
974 431 1018 456 nc
1034 416 1147 470 Σοφία
1168 412 1414 456 Ιίοεῖοείειεῑίοἰ
1434 426 1471 456 et
1492 415 1583 454 libri

123 481 184 535 qui
204 479 399 531 Sapientia
411 478 624 518 Salomonis
642 481 876 528 inscribitur,
890 483 1069 534 idemque
1086 495 1172 520 cum
1193 480 1296 534 Λόγῳ
1316 495 1392 519 non
1412 481 1581 521 Philonis

127 544 247 589 modo,
266 543 331 581 sed
352 543 464 581 etiam
484 544 561 582 divi
582 542 741 585 Joannis
760 548 1009 598 evangelistae,
1033 547 1224 585 nescimus
1243 559 1310 583 cur
1328 546 1374 583 ad
1390 546 1580 596 judaicam

125 609 243 662 potius
262 615 326 645 aut
342 621 500 657 graecam
517 609 746 661 theologiam
765 625 877 662 quam
898 611 944 650 ad
967 612 1212 649 christianam
1232 610 1434 650 reseratur.

170 674 292 712 Restat
312 672 619 712 hecatombaruln
642 676 737 714 facta
757 678 922 726 mentio,
942 690 977 714 v.
1003 690 1047 714 αι
1066 690 1076 722 ;
1095 675 1159 714 sed
1179 676 1244 726 qui
1265 675 1370 712 illum
1392 687 1434 712 ac
1449 675 1584 725 proxi·

124 751 200 777 mos
232 735 411 787 utrinque
443 750 577 777 versus
599 740 794 792 relegerit,
815 741 925 779 facile
955 749 1133 792 agnoscet
1154 739 1257 791 quod
1291 738 1478 784 diximus,
1505 752 1582 777 non

123 810 257 840 certam
277 813 323 837 cx
346 801 389 838 iis
405 801 666 853 conjecturam
686 805 770 842 elici
792 819 913 856 posse.
935 805 1033 843 Sunt
1051 805 1149 843 enim
1170 802 1387 854 hujusmodi
1407 814 1416 841 τ

269 868 376 909 ’Όττι
398 871 487 911 Θεὸν
506 874 730 925 προλιπόντες
748 874 909 922 ἀληθινὸν
931 873 1054 913 ἀέναόν
1070 889 1106 913 τε

271 934 450 984 Δῡξᾶζειν,
471 939 564 991 αὐτῷ
584 954 621 977 τε
642 939 734 978 θύειν
757 940 851 993 ἱερὰς
869 939 1091 992 ἓκοιτόμὸας,

270 998 422 1050 Δαίμοσι
441 1000 502 1045 τὰς
522 1002 639 1048 θυσίας
661 1004 862 1050 ἐποιήσατε.

122 1069 216 1117 Quid
237 1073 351 1120 ergo?
370 1071 504 1109 suadet
524 1073 660 1112 Noster
678 1083 742 1111 aut
763 1074 1006 1113 commendat
1024 1072 1296 1112 hecatombas?
1319 1072 1474 1111 Minime
1491 1071 1582 1110 :sed

121 1136 147 1172 si
176 1133 356 1171 sacrilieia
388 1134 607 1186 hujusmodi
633 1138 832 1176 offerenda
857 1139 955 1189 sint,
977 1140 1058 1177 Deo
1081 1137 1207 1189 potius
1228 1136 1429 1174 offerenda
1456 1143 1584 1174 censet

71 1203 82 1212 '
122 1210 226 1249 quam
243 1196 493 1238 daemonibus.
514 1202 647 1252 Neque
665 1204 764 1240 enim
783 1204 1016 1243 Christianos·
1047 1201 1209 1248 latebat,
1229 1201 1437 1252 praesertim
1459 1213 1503 1238 ex
1518 1200 1587 1238 Ju-

122 1261 202 1299 ‹laeis
219 1262 423 1313 plerosque
436 1273 555 1313 ortos,
570 1267 755 1316 placuisse
772 1268 861 1305 olim
879 1269 960 1305 Deo
975 1275 1150 1304 cruentas
1163 1265 1349 1312 victimas,
1366 1265 1482 1301 modo
1496 1263 1584 1309 sibi,

122 1338 192 1363 uon
210 1325 311 1363 falsis
328 1326 399 1364 diis
419 1328 585 1375 oblatas-3
601 1345 724 1381 neque
736 1332 772 1369 in
790 1330 993 1382 gentilibus
1013 1333 1170 1369 omnino
1184 1328 1391 1380 reprobare
1409 1337 1586 1379 poterant

121 1405 179 1430 eos
196 1391 288 1429 ritus
305 1393 372 1443 qui
393 1394 483 1445 ipsis
504 1397 595 1434 olim
615 1397 785 1436 Hebraeis
805 1395 980 1436 divinitus
999 1397 1172 1447 impositi
1194 1397 1360 1434 fuerant.

169 1456 212 1494 Ut
232 1465 376 1503 autem,
398 1459 509 1497 nobis
529 1462 681 1512 quidem
699 1462 911 1513 judicibus,
931 1463 1024 1501 nihil
1045 1463 1081 1500 in
1100 1463 1175 1500 hoc
1195 1462 1362 1500 carmine
1379 1459 1595 1510 judaicam,⁴
1648 1462 1653 1467 ’

122 1520 154 1558 id
173 1530 248 1571 est,
277 1535 377 1560 mere
393 1523 587 1574 judaicam
601 1557 611 1574 ‚
642 1527 828 1578 originem
857 1528 1006 1578 arguit,
1026 1530 1078 1566 ita
1097 1527 1216 1565 multa
1235 1525 1477 1564 christianam
1497 1538 1586 1576 pro·

121 1585 202 1622 dere
223 1584 412 1626 videntur.
429 1588 521 1626 Nam
536 1589 628 1628 illud
650 1591 753 1642 quod
771 1591 887 1629 modo
901 1590 1136 1630 asserebatur
1154 1606 1162 1629 :

425 1648 552 1697 ζὈστις
569 1654 678 1705 γλυκὺ
700 1655 834 1706 Πνεῦμ’
857 1657 892 1694 ἐν
913 1656 1024 1694 ἅπασι

268 1710 439 1766 Κᾶτθετο,
458 1719 643 1770 χήγητῆρα
665 1722 796 1773 βροτῶν
817 1718 955 1758 πάντων
974 1719 1151 1767 ἐποίησεν,

122 1775 206 1813 nihil
223 1776 325 1814 aliud
343 1787 421 1826 est,
446 1782 475 1817 si
493 1781 715 1822 Lactantius
734 1793 836 1821 recte
858 1784 1074 1830 intellexit,
1093 1796 1208 1834 quam
1227 1783 1352 1833 ipsum
1370 1782 1586 1826 divilsoan-

122 1839 172 1876 nis
193 1840 445 1881 testimonium
465 1844 513 1883 de
537 1846 690 1885 Christo
711 1861 719 1885 :
737 1865 752 1882 «
773 1848 865 1886 Erat.
885 1848 950 1885 lux
977 1861 1067 1885 vera
1081 1877 1092 1896 ,
1112 1860 1196 1897 quae
1223 1846 1412 1884 illuminat
1431 1857 1581 1883 omnem

67 1914 69 1916 ·
122 1904 331 1944 «homiuem
355 1910 565 1948 venientem
586 1911 627 1948 in
649 1911 753 1949 hunc
771 1912 968 1950 mundum.
985 1929 999 1943 v
1025 1915 1076 1949 Ac
1096 1911 1126 1948 si
1144 1923 1214 1962 pro
1233 1912 1363 1961 βροτῶν
1379 1923 1463 1947 cum
1484 1909 1583 1948 Lac·

125 1970 233 2007 tantio
253 1971 351 2021 legas
362 1971 464 2018 Θεόν,
481 1988 641 2025 canique
654 1984 766 2026 putes
778 1976 996 2027 primariam
1011 1976 1124 2012 fuisse
1139 1974 1441 2025 scripturam,ita
1458 1982 1498 2011 ut
1513 1974 1583 2012 nei

123 2032 240 2082 Filius,
255 2035 334 2073 sive
354 2037 547 2088 Verbum,
565 2041 643 2079 sive
659 2041 870 2092 Sapientia,
892 2041 972 2078 sive
989 2039 1170 2091 Spiritus,
1187 2047 1354 2090 pateruae
1374 2038 1584 2077 divinitatis

123 2111 266 2137 consors
283 2115 326 2138 ae
344 2102 445 2140 Deus
468 2104 552 2156 ipse
573 2114 743 2154 vocetur,
765 2116 908 2157 quanto
929 2105 1070 2143 certior
1094 2103 1259 2142 elucebit
1278 2102 1392 2154 hujus
1407 2102 1584 2141 carminis

123 2163 220 2214 origo
246 2165 474 2206 christiana!

168 2229 274 2275 Quod
291 2230 488 2281 sijuda'ica
507 2234 568 2271 illa
585 2234 716 2273 suisset
729 2244 766 2273 et
785 2236 1004 2275 Ptolomaeis
1023 2246 1180 2287 suppar,
1197 2240 1237 2269 ut
1254 2232 1315 2270 isti
1333 2233 1488 2280 volunt,
1505 2246 1583 2283 ‘1⁰0

116 2292 196 2341 jure
218 2295 401 2344 potuisset
421 2298 557 2335 Noster
572 2299 797 2348 exclamare,
814 2313 848 2338 v.
868 2302 914 2337 25
935 2309 972 2338 et
988 2302 1050 2347 28,
1068 2313 1152 2350 sqq.
1170 2312 1180 2338 :

531 2358 578 2403 Τι’
596 2366 790 2413 πλανᾶσθε,
811 2367 940 2420 βροτοί;
951 2394 1065 2406 .....

315 2419 426 2469 Οἷτος
439 2427 511 2465 ἰδοὺ
531 2428 699 2468 πάντεσσι
714 2429 824 2484 σαφὴς
840 2431 1035 2477 ἀπλοίνητος
1051 2429 1198 2484 ὑπάρχει
1208 2457 1323 2470 .....

318 2489 457 2529 Ἠελίου
475 2493 701 2548 γλυκυδερκὲς
720 2495 790 2533 ἰδοὺ
813 2494 896 2549 φάος
917 2494 1019 2547 ἔξοχα
1036 2494 1181 2546 λάμπει.

123 2549 202 2589 Nam
222 2567 307 2604 quae
330 2568 430 2594 nova
450 2557 514 2595 illa
536 2559 599 2598 lux
614 2590 624 2608 ‚
647 2570 829 2611 regnante
858 2560 1137 2608 Philometore,
1156 2558 1331 2612 gentihus
1359 2558 1582 2597 affulserat?

121 2619 251 2656 Contra
279 2630 363 2671 post
379 2620 520 2661 Christi
537 2624 741 2664 adventum
760 2627 822 2664 lux
844 2634 881 2664 et
900 2639 1038 2665 aurora
1060 2626 1178 2663 «livini
1196 2625 1317 2677 regni,
1336 2637 1358 2663 a
1378 2622 1581 2675 Prophetis

123 2684 290 2731 praedicta
307 2700 402 2738 saepe
417 2716 427 2735 ,
453 2702 617 2739 praesens
634 2689 714 2741 jam
737 2690 839 2729 haud
861 2691 1050 2729 immerito
1070 2691 1270 2730 salutatur.

167 2750 212 2786 At
233 2763 341 2799 vero,
362 2766 437 2790 non
455 2753 534 2806 jam
560 2756 738 2802 obscure,
759 2757 825 2795 sed
848 2758 971 2808 palam
991 2756 1223 2796 christianus
1241 2764 1296 2795 est
1315 2755 1428 2804 hujus
1444 2755 1579 2794 Prooe-

124 2812 178 2849 mii
195 2815 381 2868 epilogus,
402 2819 440 2857 in
461 2835 537 2872 quo
555 2824 641 2861 mali
659 2832 695 2861 et
715 2823 819 2874 impii
840 2824 892 2861 sic
912 2824 1172 2875 increpantur,
1192 2837 1230 2862 v.
1253 2824 1315 2870 81,
1329 2835 1385 2873 Sq-
1403 2836 1412 2859 ἓ
1568 2821 1569 2825 ¹

320 2881 488 2923 Τοῦνεκεν
509 2885 703 2935 αἰθομένοιο
720 2887 823 2941 πυρὸς
843 2885 944 2931 σέλας
962 2888 1051 2940 ἔχετ’
1069 2889 1120 2942 ἐφ’
1134 2889 1240 2939 ὑμᾶς,
