1752 3495
617 236 930 280 EXCURSUS
964 236 1000 279 1:
1480 235 1539 279 53

81 344 154 381 rios
177 339 331 385 retulit,
364 334 409 374 ad
431 333 514 372 AEn.
539 331 607 375 vl,
639 333 706 368 321
728 359 738 377 ,
761 330 934 382 quamvis
965 329 1056 367 nihil
1078 330 1150 367 tale.
1169 331 1206 368 in
1238 341 1350 382 poeta
1381 344 1450 369 suo
1481 343 1541 367 re-

81 405 244 457 periret,
265 402 346 452 ipse
367 410 454 436 mox
476 395 577 447 apud
597 407 668 433 nos
690 396 903 433 locuturus.

135 470 185 507 lta
220 467 272 504 illi
298 473 455 502 veteres
486 459 558 497 Sed
592 468 629 497 et
653 473 675 498 e
707 458 938 497 doctissimis
971 459 1223 499 recentiorum
1253 461 1436 509 quosdam
1468 460 1543 499 sci-

82 545 164 573 mus
183 531 242 568 isti
275 525 470 568 sententiae
499 524 655 564 favisse.
686 526 761 564 Nos
794 537 886 562 vero
913 523 1030 575 quid?
1055 525 1140 563 Non
1162 522 1337 575 profecto
1364 524 1544 576 Sibyllam

80 600 222 649 ip„;‚1m
251 594 313 632 sed
334 594 490 630 Cuman·
493 603 520 626 us
543 589 590 628 de
618 589 760 640 Sibylla
780 590 1006 627 naditiones
1025 603 1071 643 ex
1091 588 1222 627 iisdem
1250 588 1346 626 Asiae
1372 590 1543 638 partibus

81 660 333 702 adducemus,
372 653 473 692 unde
504 653 700 704 Erythraea
734 654 900 691 carmina
931 661 967 690 et
1000 654 1135 690 famam
1169 652 1375 702 Erythraea}
1399 652 1548 703 Sibylla·

80 721 304 760 deduximus
322 731 460 766 snpri,
481 730 565 767 cap.
589 718 625 761 3,
652 730 788 768 nempe
811 712 855 754 ex
887 719 1052 766 antiqua?
1083 716 1209 766 'lrojae
1234 716 1371 753 vicinia
1402 725 1438 752 et
1462 717 1547 754 .l.-0

82 787 238 824 lensium
268 783 305 820 iu
335 795 380 818 eo
418 789 540 818 tractu
581 782 756 820 coloniis.
786 782 939 820 Notavit
978 782 1079 818 enim
1109 781 1347 830 maus-euius,
1377 793 1443 831 op.
1471 784 1550 826 cit„

83 865 118 902 p.
136 851 223 897 237,
252 847 336 883 licet
355 845 390 881 in
415 846 531 883 alium
546 859 696 883 sensum
717 846 796 883 haec
816 846 956 884 indicia
972 846 1232 895 detorquens,
1254 858 1454 881 commune
1477 844 1551 894 Cy·

83 913 181 951 maeis
212 923 295 948 eum
322 910 551 947 mermes-siis
574 911 758 948 AEolicum
791 924 931 960 genus3
964 909 1112 946 notavit
1141 922 1263 960 prope
1296 908 1480 946 Larissam
1514 910 1549 944 iu

81 990 169 1028 agro
189 976 338 1025 Cymaeo
356 973 584 1024 oppidulum
615 988 679 1011 seu
705 974 946 1025 Gergithium
963 988 1027 1011 seu
1051 973 1252 1023 Gergitlias
1268 1002 1278 1018 ,
1295 972 1472 1010 Troicam
1488 986 1552 1009 co-

84 1040 237 1084 lonium,
266 1037 424 1075 testibus
459 1039 597 1076 Athen.
623 1037 690 1075 lib.
714 1039 776 1085 Vl,
793 1052 831 1088 p.
850 1039 939 1086 256,
970 1046 1007 1075 et
1029 1036 1153 1075 Strab.
1174 1036 1240 1076 lib.
1260 1037 1369 1083 Xlll,
1391 1050 1429 1087 p.
1464 1037 1551 1073 616.

81 1105 216 1156 Cyma’i
244 1117 357 1152 vero,
379 1104 416 1141 in
441 1104 583 1141 ltaliam
618 1104 810 1150 translati,
831 1116 948 1154 quum
978 1102 1030 1140 ibi
1053 1103 1194 1140 Cum-ais
1216 1102 1274 1139 vel
1295 1101 1551 1139 condiderunt

82 1170 135 1207 vel
155 1175 454 1218 occupaverunt,
483 1168 667 1205 nonnulla
686 1170 785 1205 circa
808 1182 849 1205 ea
869 1168 952 1205 loca
969 1175 1194 1218 repererunt
1214 1179 1300 1217 quae
1329 1166 1420 1217 ipsis
1451 1167 1553 1204 Mer-

85 1233 224 1271 messiae
267 1231 421 1282 Sibyllae
461 1233 682 1270 memoriam
728 1246 913 1269 renovare
954 1232 1063 1269 facile
1109 1240 1282 1282 possent,
1335 1231 1551 1282 speluncam

84 1309 231 1346 nempe,
253 1303 289 1332 et
305 1295 493 1346 speluncae
511 1296 730 1346 proximum
745 1295 932 1345 Apollinis
957 1295 1157 1345 templum,
1177 1303 1214 1332 et
1235 1295 1399 1332 vicinum
1417 1294 1554 1333 Averni

85 1361 202 1397 lacum
230 1372 301 1409 pro
323 1359 479 1396 infernis
508 1359 681 1397 saucibus
703 1359 896 1407 habitum,
925 1361 1089 1411 ideoque
1111 1359 1285 1397 A'idoneo
1313 1359 1458 1397 {lumini
1477 1372 1553 1397 non

84 1423 311 1470 absimilem,
337 1433 410 1463 etc.
435 1425 663 1462 Invenerant
689 1426 898 1475 prmsertim
929 1425 1050 1462 multo
1068 1424 1318 1475 antiquiorem
1342 1425 1377 1461 in
1401 1424 1444 1461 iis
1462 1424 1554 1461 locis

85 1488 229 1526 oraculi
262 1488 364 1525 illius
388 1489 587 1526 Avernalis
621 1490 864 1535 memoriam,
889 1489 991 1540 qnod
1022 1488 1070 1526 ab
1091 1489 1223 1538 Ulysse
1244 1488 1389 1526 aditum
1422 1490 1555 1527 {lome-

85 1567 146 1590 rus
166 1561 316 1600 narrat,
349 1552 416 1590 ubi
450 1568 495 1591 ex
525 1554 731 1591 inferorum
767 1555 863 1591 ostio
883 1554 1063 1604 quodam,
1081 1556 1231 1591 Averno
1252 1554 1447 1604 videlicet,
1469 1567 1554 1591 evo-

85 1617 270 1655 cabantur
301 1631 431 1656 manes
458 1618 706 1666 consulendi,
729 1626 807 1656 tum
837 1632 953 1669 quum
983 1627 1060 1656 tota
1090 1618 1152 1656 illa
1174 1619 1277 1669 regio
1302 1618 1426 1656 adhue
1455 1619 1557 1657 Cim-

85 1682 198 1720 meria
218 1681 437 1721 vocabatur.
670 1722 678 1730 ,

133 1748 224 1786 Nam
250 1747 302 1784 ibi
324 1749 467 1798 positos
488 1748 602 1785 fuisse
626 1749 781 1786 llonwri
799 1748 1046 1795 Cimmerios,
1070 1748 1183 1786 unius
1209 1749 1286 1786 diei
1316 1749 1555 1799 navigatione

84 1811 129 1849 ab
149 1812 270 1850 insula
291 1813 423 1850 (Iircea
453 1812 658 1859 distantes,
687 1822 725 1852 et
744 1814 822 1865 jam
853 1814 1066 1864 antiquitus
1095 1822 1132 1851 et
1157 1827 1279 1865 usqne
1297 1813 1344 1851 ad
1362 1813 1441 1851 haec
1458 1823 1554 1852 tein-

86 1889 176 1925 pora
207 1877 396 1914 creditum
434 1885 502 1915 est.
546 1878 651 1923 Quos
689 1879 778 1928 quia
815 1878 921 1915 rudis
953 1878 1106 1915 Homeri
1142 1887 1230 1915 aetas
1262 1877 1310 1915 ad
1341 1886 1551 1916 extremum

84 1954 256 1979 occasum
279 1941 371 1996 sitos
389 1940 590 1988 credebat,
609 1941 738 1979 caelum
759 1941 813 1980 ibi
835 1941 1000 1981 tenebris
1017 1943 1166 1980 aeternis
1189 1951 1413 1993 coopertum
1433 1943 1553 1981 linxe-

85 2016 187 2053 runt,
207 2006 343 2058 Odyss
363 2008 397 2053 λ,
419 2020 457 2047 ν.
488 2010 546 2053 16,
567 2021 675 2058 sqq:

344 2069 457 2110 Ἔνθα
474 2070 509 2109 δὲ
532 2071 735 2125 Κιαμερίων
757 2072 888 2124 ἀνδρῶν
904 2071 1011 2120 δῆμός
1028 2087 1065 2109 τε
1082 2071 1181 2116 πόλις
1203 2087 1240 2110 τε
1255 2102 1265 2117 ,

345 2134 411 2175 's'fl
397 2152 447 2188 ‘pt
465 2136 523 2175 καὶ
543 2152 620 2189 vaes
612 2135 667 2189 ’)ῃ
686 2152 723 2174 κε
712 2134 890 2187 ςκοιλυμμέ
876 2148 958 2174 vot·
982 2136 1137 2175 οὐδέποτ’
1155 2134 1275 2179 αὐτους

345 2201 480 2243 Ἠέλιος
502 2201 636 2254 φαέθων
657 2202 874 2254 ἐπιδέρκεται
893 2201 1101 2241 ἀκτίνεσσιν.

85 2267 258 2304 Senserat
277 2266 350 2304 hoc
367 2266 443 2317 jam
469 2267 558 2303 olim
579 2267 757 2317 Ephorus
772 2267 964 2316 Cymaeus,
985 2266 1086 2317 apud
1103 2267 1344 2315 Strabonem,
1374 2269 1460 2306 loco
1476 2269 1554 2320 jam

86 2332 160 2378 cit„
182 2331 247 2371 lib.
262 2332 308 2377 V,
330 2345 368 2382 p.
390 2337 479 2378 244,
499 2347 557 2383 sq.
578 2332 809 2372 conferendi
829 2332 928 2383 apud
949 2333 1105 2370 Latinos
1120 2333 1263 2381 Festus,
1282 2347 1320 2375 v.
1344 2335 1554 2383 Cimmerii,-

85 2394 254 2439 Servius,
284 2395 329 2432 ml
360 2396 442 2434 AEn.
473 2397 540 2442 Vl,
578 2409 669 2444 107;
698 2397 811 2433 etiam
841 2397 1006 2442 Plinius,
1034 2397 1130 2435 llist.
1151 2398 1233 2436 Nat.
1268 2397 1333 2437 lib.
1361 2398 1436 2446 Ill,
1467 2400 1488 2450 §
1515 2415 1553 2449 9,

87 2459 149 2498 nbi
179 2461 376 2512 antiquum
397 2462 843 2513 oppidumCimmerium
872 2463 970 2500 hand
1000 2463 1132 2513 procul
1162 2466 1311 2501 Averno
1340 2464 1553 2504 constitnit.

86 2527 213 2576 ltaque
245 2535 388 2565 veteres
412 2527 536 2565 Latini
567 2528 751 2579 Sibyllam
780 2537 947 2567 nostram
984 2541 1057 2565 nou
1092 2529 1323 2574 Cumanam,
1355 2528 1419 2566 sed
1457 2531 1552 2567 Cim·

84 2595 236 2628 merlam
266 2590 472 2637 vocabant,
498 2592 598 2646 unde
623 2593 744 2630 Varro
768 2593 868 2644 apud
903 2593 1025 2639 Laet„
1054 2594 1124 2630 loc.
1142 2593 1224 2639 cit„
1251 2602 1423 2642 quartam
1455 2593 1553 2631 inlen-

84 2653 244 2704 Sibyllas
262 2665 434 2694 recenset
453 2675 467 2689 «ι
487 2656 727 2694 Cimmeriam
750 2658 786 2703 in
813 2657 943 2704 Italia,
966 2670 1079 2708 quam
1099 2656 1249 2695 Naevius
1278 2657 1314 2693 in
1336 2655 1442 2695 libris
1459 2658 1553 2697 Belli

85 2736 100 2751 ι
130 2719 288 2767 Punici,
317 2722 404 2758 Piso
424 2720 632 2758 Annalibus
650 2723 834 2761 nominat.
854 2739 870 2754 ν
891 2720 988 2768 Quid
1018 2720 1120 2768 Piso,
1143 2720 1234 2771 quid
1256 2720 1403 2758 Naevius
1423 2721 1471 2758 (le
1491 2722 1552 2759 illa

86 2782 267 2833 scriptum
302 2785 545 2836 reliquerint,
575 2785 603 2823 si
635 2786 751 2824 verba
777 2790 854 2837 ipsa
883 2786 1076 2837 requiras,
1102 2798 1260 2836 prorsus
1284 2785 1456 2835 ignotum
1478 2796 1552 2831 0513

85 2847 116 2883 si
137 2860 215 2884 rem
233 2877 243 2896 ,
262 2849 412 2885 minime
427 2848 646 2886 obscurum.
670 2851 760 2888 Nam
782 2850 930 2888 Naevins
953 2849 1130 2899 quidem,
1157 2848 1209 2885 uti
1229 2848 1350 2899 probe
1367 2848 1448 2898 ejus
1468 2850 1552 2886 edi-

88 2910 232 2948 toribus
255 2912 394 2959 visum,
414 2914 449 2950 in
475 2914 547 2950 line
573 2913 660 2951 libri
683 2914 943 2960 sui-secundi,
960 2927 1037 2963 quo
1058 2912 1314 2963 'l'rojanorum
1342 2913 1380 2950 in
1411 2910 1551 2950 ltaliam
