1752 3495
655 193 674 280 ¹,
714 228 1028 274 excursus
1060 230 1142 274 ui.
1481 209 1488 220 “
1557 229 1650 274 219

139 345 143 349 ·
193 340 308 377 suerat
324 331 369 370 ad
389 327 664 369 consulendum
685 325 733 365 de
750 326 915 378 publicis
940 327 1047 365 malis
1070 327 1270 365 oraculum
1284 355 1296 374 ‚
1327 328 1410 370 Liv.
1435 326 1556 373 xxn,
1574 327 1649 367 loc.

190 403 249 442 cit.
279 401 370 447 Quae
396 392 532 433 deinde
554 391 661 430 Fabii
691 392 826 430 relatio
859 392 974 430 fuerit
1005 399 1070 429 aut
1094 392 1198 443 qnod
1219 393 1363 430 oraculi
1384 393 1559 445 Delphici
1587 405 1649 431 re-

191 475 379 519 sponsum,
402 457 625 510 imperfecte
642 456 826 495 docemur
839 470 860 495 a
877 457 1000 504 Livio,
1014 456 1082 496 lib.
1095 457 1235 503 xxm,
1251 461 1270 504 5
1291 470 1304 493 ι
1317 470 1348 494 ι.
1362 458 1535 495 Humana
1551 466 1652 496 certe

191 526 364 570 sacrificia
383 536 451 561 nec
473 520 588 573 jussit
613 520 754 571 Pythia
772 534 842 558 nec
877 520 1082 572 probavit;
1111 519 1208 559 dixit
1232 520 1374 572 quibus
1405 520 1476 558 diis
1496 535 1652 573 quoque

192 591 298 632 modo
326 585 616 640 supplicandum
645 593 767 632 esset;
795 598 864 622 nec
885 584 1002 623 dubie
1030 596 1173 635 graecos
1201 585 1294 623 deos
1322 594 1360 622 et
1384 598 1505 636 graeca
1524 599 1651 631 sacra,

193 654 366 708 Apollinis
383 650 606 703 praesertim,
622 649 922 693 commendavit3
945 649 1074 687 forsan
1092 657 1130 688 et
1145 649 1247 688 mitia
1260 649 1414 688 consilia
1428 649 1543 687 sacris
1559 663 1651 700 prae-

193 719 302 771 ceptis
321 713 539 760 admiscuit3
569 721 683 764 atque
711 712 802 750 inde
827 712 986 750 fortasse
1010 713 1171 759 sactum,
1201 721 1241 750 ut
1266 724 1396 763 postea
1424 725 1494 763 per
1514 714 1652 751 multos

193 795 301 822 annos
319 778 508 818 sacrificiis
527 776 731 829 horrendis
753 776 1009 814 abstineretur
1028 791 1035 814 :
1059 777 1169 828 cujus
1189 777 1241 814 rei
1255 806 1264 824 ,
1284 777 1314 815 si
1336 777 1389 815 ita
1409 777 1549 814 sactum
1571 786 1652 824 est,

194 857 229 886 ut
247 859 384 892 remur,
406 844 547 895 gratias
566 842 723 881 humani
750 842 899 893 generis
918 855 1031 881 causa
1050 842 1246 881 habendas
1264 855 1345 880 esse
1367 855 1564 880 censemus
1579 842 1651 880 leni

193 915 398 953 Graecorum
419 908 585 960 ingenio.

239 974 402 1015 Tertium
424 981 540 1010 restat
561 971 793 1022 exemplum,
817 979 852 1009 et
872 971 964 1009 illud
988 971 1109 1009 multo
1132 984 1221 1009 sane
1242 972 1445 1018 recentius,
1464 971 1651 1021 siquidem

193 1040 327 1080 Plinius
345 1051 408 1076 sua
439 1044 548 1074 aetate
569 1036 709 1074 sactum
730 1034 868 1085 docet,
893 1036 987 1074 llist.
1005 1044 1087 1075 nat.
1110 1035 1266 1075 xxvllt
1284 1066 1294 1083 ,
1323 1037 1345 1086 §
1369 1037 1390 1073 3
1412 1035 1514 1086 (olim
1535 1037 1556 1086 5
1580 1036 1616 1086 2)
1639 1053 1648 1076 ς

194 1124 206 1138 ιι
226 1103 353 1142 Boario
382 1115 472 1139 vero
507 1101 544 1138 in
581 1101 665 1137 foro
696 1101 869 1138 Graecum
908 1101 1159 1151 Graecamque
1194 1100 1364 1138 defossos
1395 1109 1459 1138 aut
1492 1100 1650 1138 aliarum

195 1188 207 1202 ιι
229 1169 384 1220 gentium
406 1180 490 1204 cum
511 1166 652 1216 quibus
673 1174 750 1202 tum
769 1179 826 1203 res
847 1173 966 1212 esset,
983 1165 1093 1203 etiam
1114 1174 1242 1202 nostra
1260 1174 1350 1203 aetas
1373 1165 1482 1203 vidit.
1501 1182 1516 1199 υ
1538 1164 1649 1211 Quod

196 1243 227 1271 et
246 1230 474 1281 Plutarchus,
495 1232 634 1277 Quaest.
656 1232 764 1270 liam.
783 1230 851 1277 83,
873 1238 900 1269 t.
921 1230 1004 1276 VH,
1024 1243 1060 1280 p.
1081 1235 1172 1276 144,
1193 1230 1252 1268 ed.
1270 1230 1407 1277 Reisk„
1424 1231 1650 1268 confirmare

195 1298 330 1335 videtur
348 1297 404 1333 his
418 1294 543 1332 verbis
561 1309 568 1333 t
585 1296 640 1334 Οὐ
659 1296 798 1338 πολλοῖς
818 1295 928 1332 ἔτεσιν
948 1293 1154 1347 ἔμπροσθεν,
1168 1293 1314 1345 paucis,
1336 1293 1568 1345 inquit‚ante
1583 1306 1653 1331 an-

197 1363 256 1400 nis.
274 1360 428 1409 Quando
448 1360 564 1411 igitur
586 1360 684 1398 hoc?
707 1359 785 1398 Sub
806 1359 1038 1410 Vespasiano
1063 1359 1240 1405 fortasse,
1261 1357 1444 1409 quoniam
1465 1366 1551 1396 ante
1572 1357 1654 1397 Pli-

197 1428 361 1471 uiumyet
376 1433 470 1469 tum,
495 1423 565 1461 nisi
589 1423 765 1469 fallimur,
781 1435 897 1474 quum
920 1423 957 1460 in
978 1422 1100 1461 Gallia
1122 1422 1254 1460 Civilis
1275 1435 1318 1459 ac
1333 1422 1470 1459 deinde
1488 1421 1653 1460 Sabinus

196 1502 284 1528 arma
302 1488 515 1537 movissent,
532 1487 635 1538 quod
653 1487 864 1538 periculum
881 1487 940 1524 vel
963 1496 1042 1524 arte
1066 1486 1249 1537 principis
1271 1486 1329 1523 vel
1350 1485 1650 1524 decemvirorum

194 1560 251 1590 aut
268 1561 409 1590 senatus
429 1552 649 1590 adulatione
666 1552 702 1589 iu
722 1551 877 1589 modum
899 1551 1036 1589 Gallici
1058 1551 1241 1588 tumultus
1257 1559 1522 1601 exaggeratum
1535 1550 1650 1588 fuisse

195 1617 380 1664 credimus,
393 1617 657 1667 similibusque
668 1617 845 1654 remediis
857 1624 1119 1667 procuratum.
1134 1618 1269 1667 Magna
1285 1616 1359 1654 hoc
1379 1615 1549 1666 quidem,
1563 1615 1652 1653 licet

197 1682 308 1728 tacita,
324 1682 547 1733 sapientium
572 1681 919 1732 animadversione,
934 1694 1018 1731 quae
1037 1680 1137 1732 apud
1160 1680 1326 1719 Plinium
1346 1689 1383 1717 et
1400 1679 1650 1717 Plutarchum

198 1746 397 1783 translucet.
415 1746 540 1791 Quum
558 1746 783 1797 praesertim‚
804 1754 896 1783 teste
916 1745 1049 1784 eodem
1078 1745 1306 1792 Plutarcho,
1322 1753 1360 1782 et
1376 1745 1534 1783 sortasse
1551 1745 1650 1783 circa

195 1808 278 1846 illud
294 1810 411 1860 ipsum
435 1819 598 1861 tempus,
619 1811 844 1850 Bletonesiis
872 1811 1015 1861 (ignota
1038 1823 1142 1861 gens,
1157 1810 1222 1848 sed
1246 1811 1404 1848 fortasse
1420 1809 1649 1860 Britannica)

196 1874 370 1911 sacrificiis
394 1874 568 1913 humanis
594 1875 836 1913 interdictum
860 1876 1030 1914 Romano
1048 1875 1158 1925 jussu
1183 1875 1320 1915 suerit:
1347 1875 1442 1913 adeo
1465 1874 1542 1925 jam
1569 1883 1649 1912 tum

196 1936 314 1974 animis
332 1939 518 1977 insederat
536 1940 598 1991 pia
617 1941 687 1978 ista
705 1941 750 1977 T.
772 1939 870 1978 Livii
889 1940 1099 1990 indignatio
1119 1940 1299 1977 adversus
1321 1954 1467 1978 sacrum
1497 1939 1651 1978 minime

196 2000 408 2054 Romanum3
430 2012 471 2041 ut
492 2005 652 2050 mireris,
673 2013 805 2042 contra
823 2003 997 2055 publicos
1015 2018 1140 2042 mores
1158 2005 1286 2042 salsam
1304 2006 1437 2056 priseae
1456 2005 1651 2056 religionis

195 2067 466 2106 ostentationem
494 2069 564 2107 sub
597 2069 849 2120 Vespasiano,
881 2069 1054 2120 principe
1079 2069 1276 2119 ceteroqui
1308 2083 1384 2106 non
1413 2069 1648 2119 inhumano,

196 2131 432 2178 praevaluisse.
461 2133 535 2170 Sed
563 2141 641 2171 tum
661 2133 873 2171 similitudo
894 2134 1020 2184 aliqua
1040 2133 1304 2185 prodigiorum
1330 2134 1543 2185 similiaque
1561 2134 1651 2172 Ves-

195 2192 311 2231 talium
328 2196 466 2245 probra
488 2197 602 2248 vulgo
620 2211 691 2248 pro
710 2198 887 2235 monstris
906 2197 1050 2243 habita,
1064 2198 1175 2235 alicui
1200 2198 1465 2249 superstitioso
1484 2199 1520 2236 iu
1542 2213 1649 2237 men-
1692 2207 1702 2219 ⁶

198 2265 261 2294 tem
282 2259 400 2297 forsan
424 2261 645 2299 induxerint
674 2263 813 2300 veteris
827 2262 983 2313 jamque
1003 2262 1194 2300 obliterati
1219 2263 1385 2314 exempli
1410 2262 1546 2301 foedam
1565 2263 1651 2301 imi-

197 2323 373 2369 tationem,
391 2339 478 2375 qua,
497 2326 584 2364 licet
605 2327 738 2365 insana
753 2336 791 2365 et
811 2328 943 2378 impia,
962 2328 1106 2364 utiliter
1130 2335 1254 2365 tamen
1273 2328 1373 2378 vulgi
1394 2329 1540 2370 animos
1564 2342 1649 2379 per-

195 2385 270 2422 celli
298 2400 416 2436 posse,
439 2390 602 2441 principi
624 2391 670 2428 de
698 2391 854 2430 Gallicis
885 2392 998 2429 rebus
1018 2391 1181 2428 sollicito
1206 2405 1427 2442 persuasum
1448 2392 1496 2430 ab
1516 2393 1649 2431 aulicis

197 2448 468 2498 improbissimis
488 2454 614 2492 suerit.
849 2462 853 2466 ”

242 2513 344 2557 Quod
369 2517 398 2552 si
419 2524 491 2553 tum
514 2518 695 2568 mitigatis
717 2518 887 2556 moribus
909 2527 1055 2556 tantum
1080 2518 1236 2557 suberat
1258 2519 1392 2570 priscae
1416 2521 1648 2571 asperitatis,

195 2575 276 2622 quid
299 2590 410 2626 quum
431 2582 586 2630 agrestis
611 2582 707 2619 Latii
730 2583 916 2620 feritatem
937 2583 1106 2621 nondum
1137 2586 1349 2622 exuerant?
1373 2584 1429 2622 Ad
1454 2585 1538 2622 illos
1559 2598 1649 2623 vero

196 2643 444 2689 temperandos
461 2653 496 2681 ct
517 2645 713 2684 leniendos
733 2647 890 2684 multum
915 2648 1103 2697 profuisse
1122 2657 1273 2686 constat
1294 2649 1426 2686 initam
1450 2662 1535 2686 cum
1555 2663 1648 2701 gra*-

195 2701 241 2738 cis
258 2705 418 2743 moribus
446 2716 483 2745 et
503 2709 648 2760 legibus
677 2712 1012 2758 consuettuliuem;
1042 2726 1111 2750 nee
1137 2714 1330 2750 minimum
1358 2713 1492 2763 juvere
1519 2727 1661 2764 graecaej

195 2765 380 2815 religiones
404 2773 540 2810 sensim
570 2775 606 2811 in
627 2775 828 2814 latinarum
853 2777 1123 2814 commercium
1152 2777 1336 2815 admissae.
1352 2778 1469 2826 Cujus
1492 2777 1546 2816 rci
1577 2777 1645 2815 de-

195 2832 359 2871 vum-iris
376 2836 504 2874 niniias·
525 2848 645 2886 grates
675 2841 731 2888 agi
755 2842 941 2890 nolimus,
967 2855 1061 2891 quos
1097 2842 1257 2882 vidimus
1286 2841 1341 2879 bis
1373 2851 1436 2880 aut
1459 2851 1514 2880 ter
1542 2856 1644 2881 sacra
