1686 3500
622 233 624 235 ‚
683 169 992 216 EXCURSUS
1025 172 1082 217 V.
1430 199 1439 210 «
1513 171 1604 218 3⁷7

145 267 280 322 partim
302 264 350 305 ad
374 263 584 304 Ezechielis
604 264 845 324 prophetiam
858 278 984 317 ,-cap.
1003 267 1066 316 38,
1084 280 1118 305 v.
1143 280 1199 317 a‚.
1214 269 1354 321 partim
1379 267 1427 308 ad
1445 268 1606 321 Apocal-

144 346 229 385 cap,
253 343 317 381 ao,
338 342 375 368 v.
398 343 433 379 7.
449 328 550 368 Illud
564 342 713 379 vero,v
689 330 847 370 v.:aa3

300 392 345 434 At
364 391 400 433 αι
418 392 470 442 δὲ,
486 393 646 434 Θάλασσα
661 410 699 434 τε
718 393 779 433 καὶ
797 409 842 446 γη
857 424 868 444 ,

144 469 263 502 totum
280 467 336 498 est
359 472 407 498 ex
421 458 676 511 Αροοη1,οηρ.
709 472 820 506 12,v.
839 472 907 498 η·
931 458 1023 500 Οὐαὶ
1038 460 1082 512 τῇ
1099 458 1213 512 γῇκαὶ
1236 460 1472 516 τῇὶθαλάσσῃ.
1487 463 1611 513 Adde,

144 540 181 567 v.
209 525 297 573 358,
321 523 502 562 οἰνωθεῖσα
529 522 670 577 λάτρις,
691 523 851 575 petitum
879 536 928 562 ex
946 523 1101 575 Apocal.
1129 537 1213 576 cap.
1241 526 1299 573 18,
1318 538 1354 563 v.
1378 527 1412 564 3.
1437 526 1557 575 Adde,
1576 527 1607 566 si

143 590 252 638 libet,
278 601 364 641 quae
389 601 506 640 supra
531 588 631 627 dictu
662 597 751 627 sunt
770 587 818 627 de
840 587 971 628 decem
1000 587 1204 641 cornibus,
1222 603 1260 629 v.
1287 591 1377 641 397,
1395 591 1441 629 ad
1464 595 1610 644 Apoca-

141 657 288 707 lypseos
309 661 472 692 mentem
492 653 716 702 numeratis,
736 665 875 706 nempe
898 666 920 692 a
933 653 1188 705 Vespasiano,
1209 666 1285 692 non
1304 666 1325 692 a
1345 653 1450 693 Julio
1464 655 1609 695 Caesare

143 720 199 758 vel
221 721 403 769 Augusto.
420 718 494 757 Sed
512 718 623 769 plura
642 731 816 769 quaerere
837 731 1162 769 supervacaneum
1180 725 1261 766 est,
1279 731 1397 768 quum
1414 719 1474 757 vel
1493 733 1609 758 unum

143 797 163 823 e
183 781 428 834 supradictis,
461 781 493 821 si
511 796 559 820 ex
578 781 866 833 Apocalypseos
888 781 992 820 fonte
1017 781 1250 829 manaverit,
1276 780 1429 820 abunde
1454 781 1610 821 ‹lemon-

143 856 230 887 stret
248 855 374 885 cetera
395 859 553 898 quoque
570 845 684 897 hujus
709 846 826 898 partis
842 859 920 884 non
941 854 1030 884 ante
1053 846 1325 898 Apocalypsin}
1343 839 1611 898 esse'scripta,

142 914 268 960 idest,
294 912 325 951 si
342 913 534 965 vulgarem
556 912 778 964 opinionem
798 924 1017 963 sequamur,
1037 925 1114 949 non
1143 920 1230 950 ante
1249 911 1406 962 Trajani
1427 912 1532 950 initia
1549 924 1560 959 ;
1578 911 1611 950 si

142 985 321 1026 nostram,
340 977 469 1016 saltem
497 990 572 1016 non
588 985 676 1015 ante
706 976 981 1028 Vespasianum
1001 976 1145 1027 (confer
1164 990 1249 1028 quae
1276 977 1323 1015 <le
1344 977 1414 1015 liae
1430 976 1610 1029 temporis

141 1041 400 1081 controversia
422 1041 598 1081 dicentur
622 1042 658 1080 in
685 1042 778 1081 Exc.
799 1042 888 1093 Vl).
914 1042 1135 1093 Utcumque
1163 1041 1345 1081 Romanis
1370 1041 1611 1094 principibus

142 1120 343 1158 supparem
363 1106 476 1144 fuisse
496 1119 648 1145 necesse
668 1114 723 1144 est
744 1105 844 1145 tertii
865 1105 953 1145 libri
985 1106 1323 1158 interpolatorem,
1340 1120 1505 1159 eumque
1525 1106 1611 1145 ideo

143 1173 188 1211 ad
210 1173 414 1218 Romanos,
430 1185 548 1223 quum
568 1171 650 1209 haec
669 1170 869 1222 scriberet,
891 1171 1056 1210 maxime
1071 1180 1275 1222 spectasse.

191 1240 372 1284 Quaenam
392 1251 484 1276 vero
504 1252 618 1277 causa
639 1237 772 1276 mediae
792 1237 909 1289 hujus
935 1238 1053 1290 partis
1084 1238 1196 1277 tertio
1216 1238 1315 1276 libro
1334 1237 1613 1291 interpolandae

141 1302 339 1341 consilium
360 1302 422 1341 isti
447 1301 593 1340 homini
610 1302 862 1354 suggesserit,
876 1302 907 1340 si
926 1315 1162 1353 quaeramuS,
1177 1317 1254 1340 non
1275 1302 1347 1341 alia
1366 1303 1607 1354 reperietur,

140 1379 250 1418 quam
273 1380 359 1418 quae
381 1380 498 1419 supra
513 1367 615 1405 dicta
638 1375 711 1415 est,
736 1380 820 1418 pag.
842 1367 935 1417 3593
955 1367 1179 1405 manifestus
1198 1380 1337 1418 nempe
1357 1376 1396 1405 et
1417 1366 1521 1405 omni
1537 1379 1610 1418 ope

140 1429 386 1482 corrigendus
412 1444 544 1478 error,
574 1430 639 1482 qui
668 1429 725 1469 bis
761 1430 873 1469 tertio
907 1430 1007 1493 lvibro
1026 1431 1266 1477 continetur,
1288 1443 1324 1469 v.
1350 1444 1436 1480 191,
1455 1444 1553 1482 sqq.,
1573 1438 1610 1469 et

141 1495 235 1542 608,
263 1508 365 1546 sqq.‚
398 1494 446 1533 de
473 1494 695 1533 renovanda
728 1508 855 1533 rerum
895 1495 1150 1533 humanarum
1183 1495 1278 1533 facie
1302 1504 1387 1546 post
1408 1495 1610 1547 septimum

139 1560 288 1611 AEgypti
308 1573 448 1612 regem.
467 1559 508 1599 ld
528 1560 761 1611 Sibyllarum
782 1559 1022 1599 amatoribus
1038 1560 1226 1612 ingratum
1242 1574 1253 1607 ;
1272 1559 1311 1598 id
1329 1570 1366 1598 et
1382 1559 1611 1598 Christianis

141 1625 297 1663 sortasse
317 1638 393 1663 non
408 1625 523 1664 semel
544 1624 820 1677 exprobratum
841 1625 954 1664 fuisse
973 1624 1127 1673 credas,
1146 1633 1224 1664 tum
1241 1639 1358 1677 quum
1373 1625 1521 1674 Celsus,
1535 1624 1612 1664 Lu·

139 1691 292 1742 cianus,
314 1691 455 1742 aliique
482 1691 530 1730 de
554 1692 716 1729 istorum
739 1691 949 1729 carminum
974 1691 1122 1742 origine
1149 1691 1429 1730 controversias
1455 1704 1610 1730 movere

139 1765 347 1808 coeperunt.
366 1757 436 1795 Cui
457 1757 551 1795 vitio
573 1766 614 1796 ut
632 1757 861 1802 mederetur,
883 1757 1014 1796 statuit
1034 1758 1186 1801 Noster,
1206 1756 1374 1795 medium
1391 1756 1499 1808 quasi
1518 1763 1609 1794 tem-

139 1830 421 1874 peramentum,
439 1822 596 1874 injicere
623 1822 735 1861 tertio
763 1822 860 1860 libro
883 1835 1035 1861 versum
1052 1822 1159 1860 illum
1185 1834 1300 1874 supra
1315 1821 1531 1874 expositum
1560 1820 1608 1859 de

139 1887 286 1939 AEgypti
310 1888 418 1925 malis
437 1896 524 1939 post
545 1887 750 1940 septimum
776 1900 902 1939 regem
921 1887 1123 1925 cessaturis
1141 1899 1152 1926 t

295 1950 502 2004 Ἕὸδομάτῃ
518 1953 618 2003 γενεῇ
638 1949 815 2002 βασιλήων
829 1962 839 1973 ·
864 1950 923 1988 καὶ
941 1950 1019 1989 τότε
1034 1949 1166 2003 παύσῃ.
1205 1994 1207 1998 ⁴

140 2016 254 2066 Cujus
274 2017 467 2070 praecipue
486 2030 617 2056 versus
630 2030 742 2055 causa
762 2024 879 2054 totam
895 2015 994 2054 hanc
1008 2015 1095 2053 libri
1121 2015 1223 2054 tertii
1241 2022 1403 2067 partem,
1421 2023 1462 2052 ut
1481 2015 1608 2053 omnia

140 2082 268 2133 paucis
283 2095 518 2121 resumamus
531 2111 540 2127 .
564 2080 831 2133 interpolatam
850 2093 932 2119 esse
949 2093 1146 2119 censemus
1158 2093 1169 2131 3
1183 2080 1236 2118 ita
1255 2088 1297 2118 ut
1311 2078 1487 2131 Sibyllini
1504 2092 1610 2117 men-

138 2147 230 2187 dacii
251 2148 488 2188 derisoribus
507 2156 606 2187 esset
625 2147 769 2200 aliquid
785 2147 822 2186 in
845 2147 936 2200 ipsis
949 2146 1147 2199 Sibyllinis
1163 2156 1278 2199 atque
1294 2147 1331 2186 in
1347 2146 1479 2185 eodem
1495 2146 1609 2192 libro,

139 2214 240 2265 quod
260 2214 385 2252 statim
403 2213 520 2265 objici
544 2223 686 2266 posset.

189 2281 296 2320 Nunc
320 2293 411 2318 vero
429 2279 477 2318 de
501 2279 620 2331 ipsius
637 2278 924 2331 interpolatoris
942 2292 1104 2331 persona
1117 2279 1147 2318 si
1167 2278 1260 2331 quid
1278 2276 1607 2330 pronuntiandum

139 2352 210 2392 est,
238 2345 347 2383 facile
365 2345 503 2394 conjici
522 2358 587 2383 seu
607 2345 738 2396 potius
759 2358 830 2396 pro
853 2353 958 2383 certo
979 2345 1161 2383 affirmari
1183 2352 1324 2396 potest,
1339 2343 1477 2382 vixisse
1500 2342 1606 2381 illum

139 2409 173 2445 in
195 2398 358 2460 AEgypto
378 2422 387 2447 ε
408 2409 449 2447 id
471 2409 561 2448 satis
577 2408 745 2448 ostendit
766 2409 918 2460 septimi
937 2409 1133 2448 Ptolemaei
1149 2408 1377 2460 designatio,
1399 2421 1438 2448 v.
1461 2408 1551 2455 318,
1568 2415 1607 2446 et

139 2472 263 2524 quod,
290 2482 427 2513 contra
452 2474 760 2526 geographorum
790 2474 963 2512 omnium
993 2473 1132 2522 fidem,
1163 2475 1248 2525 Gog
1274 2482 1312 2512 et
1341 2474 1478 2524 Magog
1505 2472 1605 2510 iutra

140 2538 333 2590 AEthiopas
358 2552 489 2577 amnes
516 2539 775 2588 collocentur,
797 2553 833 2577 v.
853 2540 964 2591 -319,
984 2552 1061 2590 sq„
1085 2547 1122 2577 et
1145 2538 1246 2590 quod
1273 2538 1439 2590 AEgyptii
1457 2537 1606 2589 ipsique

139 2603 382 2642 Alexandrini
400 2613 581 2656 tanquam
605 2618 626 2643 e
641 2604 861 2656 propinquo
878 2605 1102 2656 compellari
1122 2604 1338 2654 videantur,
1360 2618 1394 2644 v.
1413 2605 1505 2655 348,
1525 2616 1603 2655 sq.:

288 2666 380 2707 Ἴσθι
397 2668 485 2720 τότ’,
505 2667 680 2716 Αἰγύπτου
700 2668 797 2708 ὀλοὸν
813 2669 909 2720 γένος
925 2668 1025 2721 ἐγγὺς
1044 2668 1185 2723 ὀλέθρου

292 2732 364 2774 Καὶ
379 2732 452 2772 τότ’
469 2733 746 2787 Ἀλεξανδρεῦσιν
761 2733 835 2778 ἔτος
850 2733 890 2773 τὸ
908 2735 1078 2788 παρελθὸν
1099 2734 1252 2787 ἄμεινον.

189 2797 364 2837 Judaeum
391 2799 527 2845 fuisse,
554 2798 685 2837 saltem
708 2799 852 2850 patria,
879 2813 955 2838 non
981 2808 1037 2838 est
1067 2799 1172 2851 quod
1201 2799 1288 2852 quis
1318 2798 1485 2845 dubitet,
1517 2804 1604 2848 post

139 2860 237 2900 illam
265 2862 512 2902 Hebraeorum
538 2864 904 2917 complorationem,
929 2878 961 2903 v.
982 2866 1071 2914 311,
1094 2878 1191 2917 sqq„
1208 2874 1244 2903 et
1265 2865 1390 2904 locum
1408 2864 1456 2902 de
1472 2862 1603 2914 templi
