1686 3500
187 172 280 218 366
399 140 402 143 ’
571 170 650 214 AD
683 168 1032 214 slssYLmNos
1067 166 1272 213 manos

187 271 319 308 urbem
335 282 440 307 suam
457 268 533 306 sato
550 268 773 307 destinatam
794 282 886 315 esse,
909 281 993 319 quae
1011 276 1047 305 et
1063 266 1145 304 orbi
1167 267 1347 303 universo
1366 264 1453 315 jura
1476 265 1602 313 daret,
1616 279 1650 307 et

187 333 408 370 nominatim
434 331 618 378 Parthiae,
649 334 770 370 unicae
801 333 864 370 diu
885 331 1028 369 aemulae
1049 344 1059 368 ε
1080 330 1181 381 quod
1204 339 1410 381 et'sperare
1428 338 1464 366 et
1483 331 1580 368 votis
1599 332 1651 370 iu-

187 409 326 435 vocare
347 411 422 434 non
451 404 598 435 cessant
619 395 725 434 latini
756 406 899 447 poetae,
921 402 960 432 ut
982 394 1159 432 Horatius
1177 393 1247 442 111,
1270 392 1332 430 od.
1350 394 1386 439 3,
1406 405 1440 429 v.
1460 394 1520 441 43,
1541 407 1597 445 sq.
1616 411 1623 432 :

760 459 1099 510 'l'riumphatisque
1119 459 1237 509 possit

394 525 513 564 Roma
534 526 641 563 ferox
662 525 752 562 dare
769 525 856 574 jura
871 523 1015 570 Medis,

182 598 219 628 et
237 591 433 641 Lucanus,
450 590 518 629 lib.
541 592 574 639 l,
596 604 629 628 v.
656 603 725 627 10:
1253 623 1258 628 .

340 656 543 706 Quumque
558 652 722 704 superba
742 652 841 690 soret
860 651 1028 703 Babylon
1047 650 1245 703 spolianda
1266 650 1445 701 tropliaeis

342 721 539 768 Ausoniis,
562 728 631 756 etc.

187 783 308 821 Locos
330 785 458 835 plures
476 784 524 821 de
543 797 585 821 ea
606 796 666 827 re,
690 790 729 819 ut
749 790 838 832 pote
859 781 1068 826 notissima,
1093 779 1211 818 citare
1231 780 1343 831 piget.
1364 779 1439 819 Sed
1461 792 1537 816 non
1555 780 1647 820 intra

184 856 315 886 votum
338 849 473 886 mansit
491 861 533 886 ea
554 861 648 899 spes.
670 848 726 885 De
742 846 899 885 Tiberio
919 846 1013 884 nihil
1033 845 1222 890 dicemus,
1248 847 1312 896 qui
1328 873 1338 891 ,
1361 845 1546 882 incertum
1567 859 1646 895 cur,

184 912 413 963 Babylonem
441 926 505 950 seu
537 912 697 951 Parthos
724 911 916 949 domuisse
940 910 999 949 bis
1030 911 1181 948 canitur
1211 909 1247 947 in
1280 908 1494 960 Sibyllinis,
1515 909 1582 950 lib.
1602 911 1646 956 V,

183 986 219 1014 v.
241 976 302 1022 23,
321 984 357 1013 et
376 975 440 1012 lib.
462 975 525 1014 Xll
540 1005 550 1023 ‚
571 989 606 1014 ν.
625 981 688 1019 [ιο.
709 975 766 1012 De
789 975 946 1026 'l‘rajani
966 987 1058 1011 vero
1081 973 1326 1025 expeditione
1346 974 1523 1011 Parthica
1544 987 1649 1012 nemo

183 1052 258 1077 non
285 1039 450 1085 audivit,
469 1053 547 1091 quo
567 1039 661 1078 duce
677 1039 841 1078 Romani
861 1039 1098 1089 Babylonem
1126 1052 1248 1089 usque
1262 1066 1272 1085 ‚
1298 1051 1435 1088 nempe
1459 1038 1646 1088 antiquam

183 1103 283 1141 illam
305 1104 467 1154 Assyriae
488 1103 740 1155 Babylonem,
764 1111 1085 1155 penetraverunt,
1108 1111 1205 1140 teste
1225 1103 1368 1152 Dione,
1390 1101 1458 1142 lib.
1479 1102 1646 1149 vam,

184 1180 219 1218 p.
244 1169 317 1212 334
330 1197 339 1214 ,
357 1167 417 1206 ed.
439 1169 563 1207 Stura.
580 1183 588 1205 :
612 1168 681 1206 Καὶ
703 1167 806 1221 μέχρι
827 1170 888 1215 τῆς
909 1168 1116 1210 Βαίυλῶνος
1136 1168 1241 1213 αὐτῆς
1262 1166 1444 1219 ἐχώρησαν
1462 1166 1550 1204 κατὰ
1569 1169 1648 1205 πολ-

181 1230 245 1276 λὴν
265 1233 333 1269 τῶν
354 1231 556 1285 κωλυόντῳν
576 1232 696 1274 αὐτοὺς
714 1231 878 1283 ἐρημίαν,
899 1241 937 1270 et
951 1231 1258 1282 Ctesiphontem,
1277 1245 1361 1281 quae
1377 1244 1466 1268 vera
1489 1232 1648 1269 Partho-

182 1306 266 1330 rum
286 1293 454 1344 Babylon
478 1295 561 1341 suit,
577 1303 774 1346 ceperunt,
792 1305 1019 1346 captamque
1040 1295 1260 1346 aliquandiu
1282 1296 1534 1340 retinuerunt,
1552 1298 1645 1347 apud

182 1357 295 1395 Dion.
317 1357 383 1396 lib.
401 1359 467 1398 cit,
495 1372 535 1409 p.
566 1360 661 1406 338,
680 1372 761 1411 sqq.
783 1359 884 1406 Quid
906 1360 1020 1409 igitur
1042 1359 1189 1397 obstitit
1209 1360 1416 1410 quominus
1445 1368 1532 1410 post
1559 1360 1645 1398 illud

183 1421 322 1460 bellum
345 1422 514 1474 Babylon
538 1431 649 1474 capta
666 1437 732 1462 seu
753 1423 898 1461 domita
917 1437 937 1461 a
960 1423 1138 1461 Romanis
1157 1419 1383 1461 caneretur?

235 1487 312 1526 Nec
332 1487 417 1538 plus
437 1501 552 1525 morae
573 1488 716 1526 faciunt
739 1498 941 1538 sequentes
959 1501 1091 1526 versus
1111 1487 1157 1525 de
1185 1487 1433 1525 distractione
1458 1488 1582 1538 magni
1602 1489 1645 1525 il-

182 1551 256 1590 lius
276 1552 441 1603 imperii,
464 1561 550 1604 post
563 1553 695 1592 orbem
715 1554 902 1592 domitum
924 1553 1023 1591 malo
1044 1552 1121 1591 sato
1143 1551 1315 1604 perituri,
1335 1565 1459 1603 neque
1482 1551 1529 1589 ad
1549 1565 1646 1590 seros

183 1624 343 1668 nepotes
363 1618 582 1665 transituri,
605 1631 641 1658 ν.
659 1619 749 1666 386,
769 1632 824 1669 sq.
843 1633 852 1656 τ

759 1683 894 1727 Κακαῗς
910 1683 1032 1733 ἄτῃσιν
1053 1683 1202 1729 ὀλεῖται,

393 1748 444 1786 Οὐ
464 1746 569 1800 νόμον
587 1746 776 1802 ὀψιγόνοισι
796 1746 1113 1799 πολυπλάγκτοισιν
1133 1746 1274 1799 ἔχουσα.

179 1812 406 1862 Quanquam
424 1812 563 1851 scimus
581 1812 621 1851 id
639 1803 687 1850 de
709 1812 914 1851 Alexandri
933 1813 1094 1863 imperio
1121 1821 1223 1850 recte
1245 1812 1366 1863 accipi
1387 1825 1521 1864 posse,
1543 1820 1581 1851 et
1603 1813 1644 1851 de

179 1889 227 1912 eo
256 1876 377 1915 simile
403 1876 546 1928 aliquid
578 1877 652 1929 legi
676 1876 779 1929 apud
801 1877 1017 1924 Danielem,
1046 1890 1130 1928 cap.
1161 1890 1220 1924 11,
1247 1890 1282 1916 v,
1310 1882 1357 1920 a:
1385 1875 1487 1916 «Sed
1512 1889 1586 1914 non
1611 1877 1643 1914 in

178 1958 194 1973 α
209 1949 382 1991 posteros
396 1942 492 1993 ejus,
506 1955 630 1993 neque
642 1942 850 1980 secundum
870 1950 1095 1994 potestatem
1113 1941 1311 1993 illius,qua
1326 1941 1543 1980 dominatus
1554 1949 1619 1980 est.
1630 1960 1643 1974 ι

182 2006 229 2044 Et
254 2019 324 2044 nos
343 2006 390 2045 ad
412 2007 513 2045 liune.
541 2007 710 2046 Danielis
735 2008 858 2046 locum
887 2007 1097 2059 respexisse
1125 2016 1295 2045 nostrum
1323 2016 1495 2058 poetam,
1518 2007 1546 2045 si
1568 2007 1645 2058 quis

181 2070 302 2118 volet,
326 2072 395 2110 etsi
416 2072 508 2110 nihil
531 2074 687 2110 omnino
716 2081 885 2120 certum,
910 2081 1036 2110 tamen
1067 2072 1099 2110 si
1123 2072 1208 2123 quis
1231 2072 1353 2118 volet,
1379 2072 1640 2110 concedemus.

180 2135 255 2175 Sed
291 2150 373 2187 qum
401 2137 493 2174 olim
522 2146 674 2175 sanctus
708 2137 905 2188 Propheta
933 2137 979 2175 de
1020 2137 1236 2176 Alexandro
1268 2137 1481 2183 cecinerat,
1518 2137 1642 2188 quidni

181 2202 319 2240 Noster
345 2202 391 2239 ad
416 2203 603 2240 Romanos
626 2203 888 2241 transtulerit?
908 2203 989 2241 Iino
1020 2203 1178 2240 sortasse
1196 2216 1270 2240 vox
1300 2201 1492 2255 ὀψιγόνοισι
1519 2202 1643 2239 melius

177 2265 283 2303 cadit
299 2267 336 2304 in
362 2266 512 2318 longam
541 2266 799 2305 Romanorum
821 2280 931 2318 quani
954 2268 992 2304 in
1014 2266 1170 2304 brevem
1203 2267 1406 2306 Alexandri
1430 2267 1641 2318 potentiam.

234 2332 322 2369 llaec
342 2339 464 2369 tamen
482 2331 608 2369 omnia
624 2361 633 2378 ,
654 2345 740 2383 quae
761 2345 829 2383 per
854 2345 894 2370 se
921 2331 1010 2370 satis
1030 2332 1175 2380 valent,
1193 2332 1401 2383 praesertim
1425 2333 1457 2370 si
1476 2332 1642 2370 universa

183 2395 298 2446 magis
314 2409 427 2446 qnam
445 2395 591 2446 singula
611 2405 845 2448 spectentur,
869 2396 954 2447 plus
972 2396 1083 2434 etiam
1105 2395 1255 2435 roboris
1271 2410 1292 2434 e
1317 2396 1562 2447 sequentibus
1579 2409 1640 2432 ac-

179 2460 340 2510 cipient,
366 2460 396 2498 si
428 2461 543 2498 modo
571 2474 613 2498 ea
645 2470 748 2498 recte
779 2462 1086 2512 interpretemur.
1118 2462 1184 2499 llic
1218 2475 1307 2499 vero
1335 2475 1411 2499 non
1444 2461 1641 2499 diffitemur

179 2524 379 2573 spissiores
395 2524 514 2561 multo
532 2523 708 2562 tenebras
727 2525 925 2563 sententiis
947 2525 1129 2575 obvolvi3
1150 2538 1245 2575 quas
1269 2534 1355 2576 post
1386 2539 1482 2563 vana
1506 2525 1638 2562 multo-

183 2600 268 2624 rum
288 2589 566 2638 experimenta,
597 2589 744 2628 felicius
770 2589 961 2628 discutere
986 2588 1224 2629 conabimur.
1254 2590 1396 2628 Locum
1422 2591 1541 2641 ipsum
1563 2588 1637 2625 adi-
1674 2600 1678 2606 ·

181 2665 281 2700 nms,
305 2651 426 2703 priori
447 2653 571 2690 statim
590 2653 818 2705 subjectum,
840 2654 914 2692 hoc
933 2655 1056 2701 initio,
1072 2668 1107 2694 v,
1136 2655 1226 2703 388,
1247 2669 1332 2706 sqq.
1353 2671 1360 2692 ε

391 2715 493 2760 ἽΙΞει
509 2717 569 2755 καί
586 2718 664 2755 ποτ’
689 2718 815 2757 wimer-³
833 2718 911 2770 [εἷς]
929 2718 1080 2762 ’Λσσίὸος
1095 2719 1211 2758 ὅλὸιον
1232 2714 1335 2765 οὖδας

392 2779 492 2834 Ἀνὴρ
509 2782 702 2835 πορφυρέην
716 2782 837 2829 λώπην
858 2782 1047 2834 ἐπιειμένος
1064 2783 1172 2835 ὤμοις
1183 2813 1194 2831 ,

389 2842 539 2899 Ἄγριος,
566 2846 768 2895 ἀλλοδίκης,
782 2847 952 2901 φλογόεις’
974 2848 1091 2901 ἤγειρε
1107 2847 1173 2902 γὰρ
1192 2849 1294 2887 αὐτὸν
