<?xml version="1.0" encoding="UTF-8"?>
<!DOCTYPE html PUBLIC "-//W3C//DTD XHTML 1.0 Transitional//EN"
    "http://www.w3.org/TR/xhtml1/DTD/xhtml1-transitional.dtd">
<html xmlns="http://www.w3.org/1999/xhtml" xml:lang="en" lang="en">
 <head>
  <title>
</title>
<meta http-equiv="Content-Type" content="text/html;charset=utf-8" />
  <meta name='ocr-system' content='tesseract 3.04.00' />
  <meta name='ocr-capabilities' content='ocr_page ocr_carea ocr_par ocr_line ocrx_word'/>
</head>
<body>
  <div class='ocr_page' id='page_1' title='image "./excursusadsibyll00alexuoft_0190.png"; bbox 0 0 1752 3495; ppageno 0'>
   <div class='ocr_carea' id='block_1_1' title="bbox 613 228 1530 275">
    <p class='ocr_par' dir='ltr' id='par_1_1' title="bbox 613 228 1530 275">
     <span class='ocr_line' id='line_1_1' title="bbox 613 228 1530 275; baseline 0.003 -3"><span class='ocrx_word' id='word_1_1' title='bbox 613 228 914 275; x_wconf 81' lang='lat' dir='ltr'>EXCURSUS</span> <span class='ocrx_word' id='word_1_2' title='bbox 948 230 1031 275; x_wconf 82' lang='grc' dir='ltr'><strong>ΙΙΙ.</strong></span> <span class='ocrx_word' id='word_1_3' title='bbox 1160 253 1162 255; x_wconf 56' lang='lat'>&gt;</span> <span class='ocrx_word' id='word_1_4' title='bbox 1382 266 1389 275; x_wconf 78' lang='lat'>.</span> <span class='ocrx_word' id='word_1_5' title='bbox 1449 230 1530 275; x_wconf 76' lang='lat'>181</span> 
     </span>
    </p>
   </div>
   <div class='ocr_carea' id='block_1_2' title="bbox 72 309 1543 2958">
    <p class='ocr_par' dir='ltr' id='par_1_2' title="bbox 72 309 1543 1475">
     <span class='ocr_line' id='line_1_2' title="bbox 72 309 1539 386; baseline 0.001 -21"><span class='ocrx_word' id='word_1_6' title='bbox 72 309 193 386; x_wconf 41' lang='lat' dir='ltr'>&#39;filim’</span> <span class='ocrx_word' id='word_1_7' title='bbox 212 333 286 379; x_wconf 83' lang='lat'>111,</span> <span class='ocrx_word' id='word_1_8' title='bbox 307 334 326 378; x_wconf 71' lang='grc' dir='ltr'><strong>ς</strong></span> <span class='ocrx_word' id='word_1_9' title='bbox 352 335 388 375; x_wconf 74' lang='lat' dir='ltr'>l„</span> <span class='ocrx_word' id='word_1_10' title='bbox 416 326 568 366; x_wconf 88' lang='lat' dir='ltr'>solitum</span> <span class='ocrx_word' id='word_1_11' title='bbox 586 335 744 365; x_wconf 83' lang='lat' dir='ltr'>narrant</span> <span class='ocrx_word' id='word_1_12' title='bbox 762 327 887 378; x_wconf 88' lang='lat' dir='ltr'>palam</span> <span class='ocrx_word' id='word_1_13' title='bbox 907 326 1078 376; x_wconf 53' lang='lat' dir='ltr'>jactare}</span> <span class='ocrx_word' id='word_1_14' title='bbox 1098 344 1113 362; x_wconf 69' lang='lat' dir='ltr'>a</span> <span class='ocrx_word' id='word_1_15' title='bbox 1133 328 1192 370; x_wconf 84' lang='lat' dir='ltr'>Ex</span> <span class='ocrx_word' id='word_1_16' title='bbox 1211 327 1319 366; x_wconf 86' lang='lat' dir='ltr'>libris</span> <span class='ocrx_word' id='word_1_17' title='bbox 1342 327 1539 380; x_wconf 79' lang='lat' dir='ltr'>Sibyllinis</span> 
     </span>
     <span class='ocr_line' id='line_1_3' title="bbox 79 389 1542 451; baseline -0.003 -16"><span class='ocrx_word' id='word_1_18' title='bbox 79 421 92 437; x_wconf 83' lang='grc'><strong>.</strong></span> <span class='ocrx_word' id='word_1_19' title='bbox 110 408 262 451; x_wconf 74' lang='lat' dir='ltr'>regnum</span> <span class='ocrx_word' id='word_1_20' title='bbox 279 393 408 432; x_wconf 82' lang='lat' dir='ltr'>Romae</span> <span class='ocrx_word' id='word_1_21' title='bbox 433 389 557 428; x_wconf 86' lang='lat' dir='ltr'>tribus</span> <span class='ocrx_word' id='word_1_22' title='bbox 572 389 761 428; x_wconf 83' lang='lat' dir='ltr'>Corneliis</span> <span class='ocrx_word' id='word_1_23' title='bbox 778 390 957 441; x_wconf 86' lang='lat' dir='ltr'>portendi</span> <span class='ocrx_word' id='word_1_24' title='bbox 979 403 988 430; x_wconf 91' lang='lat'>:</span> <span class='ocrx_word' id='word_1_25' title='bbox 1007 391 1167 429; x_wconf 81' lang='lat' dir='ltr'>Cinnam</span> <span class='ocrx_word' id='word_1_26' title='bbox 1185 400 1298 442; x_wconf 82' lang='lat' dir='ltr'>atque</span> <span class='ocrx_word' id='word_1_27' title='bbox 1315 392 1457 430; x_wconf 84' lang='lat' dir='ltr'>Sullam</span> <span class='ocrx_word' id='word_1_28' title='bbox 1475 404 1542 430; x_wconf 89' lang='lat' dir='ltr'>an·</span> 
     </span>
     <span class='ocr_line' id='line_1_4' title="bbox 79 454 1539 509; baseline -0.003 -10"><span class='ocrx_word' id='word_1_29' title='bbox 79 486 90 500; x_wconf 76' lang='grc'>..</span> <span class='ocrx_word' id='word_1_30' title='bbox 105 474 177 509; x_wconf 81' lang='lat' dir='ltr'>tea3</span> <span class='ocrx_word' id='word_1_31' title='bbox 201 474 238 499; x_wconf 86' lang='lat' dir='ltr'>se</span> <span class='ocrx_word' id='word_1_32' title='bbox 257 458 430 502; x_wconf 85' lang='lat' dir='ltr'>tertium,</span> <span class='ocrx_word' id='word_1_33' title='bbox 450 454 511 493; x_wconf 91' lang='lat' dir='ltr'>cui</span> <span class='ocrx_word' id='word_1_34' title='bbox 533 455 649 492; x_wconf 81' lang='lat' dir='ltr'>satum</span> <span class='ocrx_word' id='word_1_35' title='bbox 668 454 767 492; x_wconf 81' lang='lat' dir='ltr'>soret</span> <span class='ocrx_word' id='word_1_36' title='bbox 788 454 893 493; x_wconf 89' lang='lat' dir='ltr'>urbis</span> <span class='ocrx_word' id='word_1_37' title='bbox 915 455 1043 506; x_wconf 82' lang='lat' dir='ltr'>potiri.</span> <span class='ocrx_word' id='word_1_38' title='bbox 1056 474 1072 490; x_wconf 80' lang='grc' dir='ltr'><strong>υ</strong></span> <span class='ocrx_word' id='word_1_39' title='bbox 1091 456 1320 494; x_wconf 81' lang='lat' dir='ltr'>Conferendi</span> <span class='ocrx_word' id='word_1_40' title='bbox 1342 457 1390 495; x_wconf 90' lang='lat' dir='ltr'>de</span> <span class='ocrx_word' id='word_1_41' title='bbox 1409 457 1480 495; x_wconf 83' lang='lat' dir='ltr'>bac</span> <span class='ocrx_word' id='word_1_42' title='bbox 1498 469 1539 495; x_wconf 78' lang='lat' dir='ltr'>re</span> 
     </span>
     <span class='ocr_line' id='line_1_5' title="bbox 80 518 1540 572; baseline -0.005 -7"><span class='ocrx_word' id='word_1_43' title='bbox 80 530 227 572; x_wconf 82' lang='lat' dir='ltr'>Florus,</span> <span class='ocrx_word' id='word_1_44' title='bbox 248 523 313 569; x_wconf 87' lang='lat' dir='ltr'>lv,</span> <span class='ocrx_word' id='word_1_45' title='bbox 331 522 352 571; x_wconf 86' lang='lat'>§</span> <span class='ocrx_word' id='word_1_46' title='bbox 375 533 408 567; x_wconf 82' lang='grc' dir='ltr'>ι,</span> <span class='ocrx_word' id='word_1_47' title='bbox 428 527 464 557; x_wconf 90' lang='lat' dir='ltr'>et</span> <span class='ocrx_word' id='word_1_48' title='bbox 483 518 646 565; x_wconf 88' lang='lat' dir='ltr'>Quintil.</span> <span class='ocrx_word' id='word_1_49' title='bbox 665 519 715 566; x_wconf 85' lang='lat' dir='ltr'>V,</span> <span class='ocrx_word' id='word_1_50' title='bbox 732 519 754 568; x_wconf 83' lang='lat'>§</span> <span class='ocrx_word' id='word_1_51' title='bbox 774 532 836 559; x_wconf 81' lang='lat' dir='ltr'>xo.</span> <span class='ocrx_word' id='word_1_52' title='bbox 859 519 1040 565; x_wconf 80' lang='lat' dir='ltr'>Quaedam</span> <span class='ocrx_word' id='word_1_53' title='bbox 1062 518 1176 570; x_wconf 85' lang='lat' dir='ltr'>hujus</span> <span class='ocrx_word' id='word_1_54' title='bbox 1194 518 1298 557; x_wconf 88' lang='lat' dir='ltr'>modi</span> <span class='ocrx_word' id='word_1_55' title='bbox 1317 519 1540 570; x_wconf 90' lang='lat' dir='ltr'>pseudo-Si-</span> 
     </span>
     <span class='ocr_line' id='line_1_6' title="bbox 82 582 1543 642; baseline -0.005 -14"><span class='ocrx_word' id='word_1_56' title='bbox 82 591 232 642; x_wconf 80' lang='lat' dir='ltr'>byllina,</span> <span class='ocrx_word' id='word_1_57' title='bbox 253 585 321 624; x_wconf 89' lang='lat' dir='ltr'>sub</span> <span class='ocrx_word' id='word_1_58' title='bbox 349 583 498 621; x_wconf 83' lang='lat' dir='ltr'>initium</span> <span class='ocrx_word' id='word_1_59' title='bbox 516 582 608 621; x_wconf 85' lang='lat' dir='ltr'>belli</span> <span class='ocrx_word' id='word_1_60' title='bbox 636 583 760 620; x_wconf 86' lang='lat' dir='ltr'>civilis</span> <span class='ocrx_word' id='word_1_61' title='bbox 785 583 886 620; x_wconf 86' lang='lat' dir='ltr'>inter</span> <span class='ocrx_word' id='word_1_62' title='bbox 908 583 1134 633; x_wconf 79' lang='lat' dir='ltr'>Pompeium</span> <span class='ocrx_word' id='word_1_63' title='bbox 1155 591 1191 621; x_wconf 86' lang='lat' dir='ltr'>et</span> <span class='ocrx_word' id='word_1_64' title='bbox 1209 583 1396 622; x_wconf 81' lang='lat' dir='ltr'>Caesarem</span> <span class='ocrx_word' id='word_1_65' title='bbox 1423 584 1543 631; x_wconf 89' lang='lat' dir='ltr'>moti,</span> 
     </span>
     <span class='ocr_line' id='line_1_7' title="bbox 81 646 1540 697; baseline -0.007 -3"><span class='ocrx_word' id='word_1_66' title='bbox 81 656 264 694; x_wconf 86' lang='lat' dir='ltr'>decantata</span> <span class='ocrx_word' id='word_1_67' title='bbox 285 649 397 686; x_wconf 82' lang='lat' dir='ltr'>fuisse</span> <span class='ocrx_word' id='word_1_68' title='bbox 417 646 528 685; x_wconf 89' lang='lat' dir='ltr'>docet</span> <span class='ocrx_word' id='word_1_69' title='bbox 544 659 614 684; x_wconf 90' lang='lat' dir='ltr'>nos</span> <span class='ocrx_word' id='word_1_70' title='bbox 634 646 707 684; x_wconf 90' lang='lat' dir='ltr'>Dio</span> <span class='ocrx_word' id='word_1_71' title='bbox 724 646 887 695; x_wconf 77' lang='lat' dir='ltr'>Cassius,</span> <span class='ocrx_word' id='word_1_72' title='bbox 902 646 970 686; x_wconf 89' lang='lat' dir='ltr'>lib.</span> <span class='ocrx_word' id='word_1_73' title='bbox 989 647 1097 697; x_wconf 81' lang='lat' dir='ltr'>XLI,</span> <span class='ocrx_word' id='word_1_74' title='bbox 1114 653 1135 695; x_wconf 82' lang='lat'>§</span> <span class='ocrx_word' id='word_1_75' title='bbox 1160 653 1204 693; x_wconf 70' lang='lat' dir='ltr'>il.</span> <span class='ocrx_word' id='word_1_76' title='bbox 1225 661 1235 687; x_wconf 79' lang='lat' dir='ltr'>t</span> <span class='ocrx_word' id='word_1_77' title='bbox 1254 646 1326 686; x_wconf 74' lang='grc' dir='ltr'>Καὶ</span> <span class='ocrx_word' id='word_1_78' title='bbox 1344 646 1444 697; x_wconf 82' lang='grc' dir='ltr'>λόγιά</span> <span class='ocrx_word' id='word_1_79' title='bbox 1463 661 1540 686; x_wconf 81' lang='grc' dir='ltr'>τινα</span> 
     </span>
     <span class='ocr_line' id='line_1_8' title="bbox 82 709 1542 763; baseline -0.004 -9"><span class='ocrx_word' id='word_1_80' title='bbox 82 721 123 762; x_wconf 81' lang='grc' dir='ltr'>ὡς</span> <span class='ocrx_word' id='word_1_81' title='bbox 139 715 194 754; x_wconf 69' lang='grc' dir='ltr'>καὶ</span> <span class='ocrx_word' id='word_1_82' title='bbox 208 716 267 760; x_wconf 77' lang='grc' dir='ltr'>τῆς</span> <span class='ocrx_word' id='word_1_83' title='bbox 287 711 464 757; x_wconf 69' lang='grc' dir='ltr'>Σιὸύλλης</span> <span class='ocrx_word' id='word_1_84' title='bbox 488 709 571 748; x_wconf 83' lang='grc' dir='ltr'><strong>ὄντα</strong></span> <span class='ocrx_word' id='word_1_85' title='bbox 600 710 715 763; x_wconf 78' lang='grc' dir='ltr'>ᾔδετο.</span> <span class='ocrx_word' id='word_1_86' title='bbox 733 711 821 748; x_wconf 85' lang='lat' dir='ltr'>llaec</span> <span class='ocrx_word' id='word_1_87' title='bbox 844 710 945 748; x_wconf 86' lang='lat' dir='ltr'>unde</span> <span class='ocrx_word' id='word_1_88' title='bbox 970 719 1053 749; x_wconf 87' lang='lat' dir='ltr'>orta</span> <span class='ocrx_word' id='word_1_89' title='bbox 1082 711 1286 751; x_wconf 83' lang='lat' dir='ltr'>nescimus.</span> <span class='ocrx_word' id='word_1_90' title='bbox 1310 711 1476 750; x_wconf 81' lang='lat' dir='ltr'>Tantum</span> <span class='ocrx_word' id='word_1_91' title='bbox 1493 710 1542 748; x_wconf 84' lang='lat' dir='ltr'>de</span> 
     </span>
     <span class='ocr_line' id='line_1_9' title="bbox 82 775 1540 826; baseline -0.005 -6"><span class='ocrx_word' id='word_1_92' title='bbox 82 780 220 821; x_wconf 81' lang='lat' dir='ltr'>Lentuli</span> <span class='ocrx_word' id='word_1_93' title='bbox 240 776 360 815; x_wconf 88' lang='lat' dir='ltr'>tribus</span> <span class='ocrx_word' id='word_1_94' title='bbox 378 775 563 813; x_wconf 85' lang='lat' dir='ltr'>Corneliis</span> <span class='ocrx_word' id='word_1_95' title='bbox 589 788 783 825; x_wconf 89' lang='lat' dir='ltr'>nunquam</span> <span class='ocrx_word' id='word_1_96' title='bbox 805 775 1055 825; x_wconf 70' lang='lat' dir='ltr'>cogitavimus</span> <span class='ocrx_word' id='word_1_97' title='bbox 1072 776 1163 826; x_wconf 86' lang='lat' dir='ltr'>quin</span> <span class='ocrx_word' id='word_1_98' title='bbox 1186 775 1296 813; x_wconf 90' lang='lat' dir='ltr'>nobis</span> <span class='ocrx_word' id='word_1_99' title='bbox 1317 776 1353 813; x_wconf 90' lang='lat' dir='ltr'>in</span> <span class='ocrx_word' id='word_1_100' title='bbox 1376 783 1540 813; x_wconf 80' lang='lat' dir='ltr'>mentem</span> 
     </span>
     <span class='ocr_line' id='line_1_10' title="bbox 81 839 1539 892; baseline -0.005 -9"><span class='ocrx_word' id='word_1_101' title='bbox 81 845 244 884; x_wconf 84' lang='lat' dir='ltr'>venirent</span> <span class='ocrx_word' id='word_1_102' title='bbox 264 841 334 879; x_wconf 83' lang='lat' dir='ltr'>tria</span> <span class='ocrx_word' id='word_1_103' title='bbox 354 839 483 878; x_wconf 79' lang='lat' dir='ltr'>bestiae</span> <span class='ocrx_word' id='word_1_104' title='bbox 502 852 646 877; x_wconf 89' lang='lat' dir='ltr'>cornua</span> <span class='ocrx_word' id='word_1_105' title='bbox 665 839 769 891; x_wconf 87' lang='lat' dir='ltr'>apud</span> <span class='ocrx_word' id='word_1_106' title='bbox 784 840 995 885; x_wconf 79' lang='lat' dir='ltr'>Danielem,</span> <span class='ocrx_word' id='word_1_107' title='bbox 1013 853 1095 891; x_wconf 88' lang='lat' dir='ltr'>cap.</span> <span class='ocrx_word' id='word_1_108' title='bbox 1110 854 1148 890; x_wconf 87' lang='lat'>7,</span> <span class='ocrx_word' id='word_1_109' title='bbox 1167 840 1214 878; x_wconf 90' lang='lat' dir='ltr'>ad</span> <span class='ocrx_word' id='word_1_110' title='bbox 1232 853 1315 892; x_wconf 86' lang='lat' dir='ltr'>quae</span> <span class='ocrx_word' id='word_1_111' title='bbox 1332 840 1445 878; x_wconf 88' lang='lat' dir='ltr'>etiam</span> <span class='ocrx_word' id='word_1_112' title='bbox 1463 852 1539 877; x_wconf 92' lang='lat' dir='ltr'>non</span> 
     </span>
     <span class='ocr_line' id='line_1_11' title="bbox 83 904 1540 956; baseline -0.005 -7"><span class='ocrx_word' id='word_1_113' title='bbox 83 911 231 948; x_wconf 79' lang='lat' dir='ltr'>obscure</span> <span class='ocrx_word' id='word_1_114' title='bbox 250 905 431 943; x_wconf 84' lang='lat' dir='ltr'>alluditur</span> <span class='ocrx_word' id='word_1_115' title='bbox 447 905 484 942; x_wconf 91' lang='lat' dir='ltr'>in</span> <span class='ocrx_word' id='word_1_116' title='bbox 502 905 696 955; x_wconf 77' lang='lat' dir='ltr'>Sibyllinis</span> <span class='ocrx_word' id='word_1_117' title='bbox 720 905 876 953; x_wconf 85' lang='lat' dir='ltr'>nostris,</span> <span class='ocrx_word' id='word_1_118' title='bbox 892 905 959 944; x_wconf 88' lang='lat' dir='ltr'>lib.</span> <span class='ocrx_word' id='word_1_119' title='bbox 983 906 1028 956; x_wconf 90' lang='lat' dir='ltr'>V,</span> <span class='ocrx_word' id='word_1_120' title='bbox 1048 920 1081 946; x_wconf 86' lang='lat' dir='ltr'>v,</span> <span class='ocrx_word' id='word_1_121' title='bbox 1105 919 1194 946; x_wconf 77' lang='lat'><strong>22¹.</strong></span> <span class='ocrx_word' id='word_1_122' title='bbox 1215 909 1269 944; x_wconf 75' lang='lat' dir='ltr'>An</span> <span class='ocrx_word' id='word_1_123' title='bbox 1289 914 1326 942; x_wconf 88' lang='lat' dir='ltr'>et</span> <span class='ocrx_word' id='word_1_124' title='bbox 1345 904 1540 955; x_wconf 87' lang='lat' dir='ltr'>quomodo</span> 
     </span>
     <span class='ocr_line' id='line_1_12' title="bbox 82 968 1542 1024; baseline -0.004 -12"><span class='ocrx_word' id='word_1_125' title='bbox 82 972 210 1024; x_wconf 82' lang='lat' dir='ltr'>aliquid</span> <span class='ocrx_word' id='word_1_126' title='bbox 229 972 274 1009; x_wconf 92' lang='lat' dir='ltr'>de</span> <span class='ocrx_word' id='word_1_127' title='bbox 299 970 371 1008; x_wconf 84' lang='lat' dir='ltr'>illis</span> <span class='ocrx_word' id='word_1_128' title='bbox 395 968 578 1007; x_wconf 87' lang='lat' dir='ltr'>cornibus</span> <span class='ocrx_word' id='word_1_129' title='bbox 610 969 657 1007; x_wconf 87' lang='lat' dir='ltr'>ad</span> <span class='ocrx_word' id='word_1_130' title='bbox 687 969 888 1008; x_wconf 83' lang='lat' dir='ltr'>Lentulum</span> <span class='ocrx_word' id='word_1_131' title='bbox 919 970 1158 1021; x_wconf 86' lang='lat' dir='ltr'>pervenerit,</span> <span class='ocrx_word' id='word_1_132' title='bbox 1185 984 1255 1008; x_wconf 88' lang='lat' dir='ltr'>nec</span> <span class='ocrx_word' id='word_1_133' title='bbox 1286 970 1442 1016; x_wconf 89' lang='lat' dir='ltr'>scimus,</span> <span class='ocrx_word' id='word_1_134' title='bbox 1472 982 1542 1007; x_wconf 86' lang='lat' dir='ltr'>nec</span> 
     </span>
     <span class='ocr_line' id='line_1_13' title="bbox 83 1034 1540 1086; baseline -0.003 -9"><span class='ocrx_word' id='word_1_135' title='bbox 83 1039 229 1078; x_wconf 89' lang='lat' dir='ltr'>multum</span> <span class='ocrx_word' id='word_1_136' title='bbox 255 1035 472 1086; x_wconf 85' lang='lat' dir='ltr'>quaerimus.</span> <span class='ocrx_word' id='word_1_137' title='bbox 511 1034 583 1073; x_wconf 84' lang='lat' dir='ltr'>Sed</span> <span class='ocrx_word' id='word_1_138' title='bbox 617 1034 728 1071; x_wconf 86' lang='lat' dir='ltr'>divus</span> <span class='ocrx_word' id='word_1_139' title='bbox 760 1036 998 1085; x_wconf 80' lang='lat' dir='ltr'>Augustinus</span> <span class='ocrx_word' id='word_1_140' title='bbox 1027 1036 1101 1073; x_wconf 89' lang='lat' dir='ltr'>alio</span> <span class='ocrx_word' id='word_1_141' title='bbox 1138 1035 1275 1086; x_wconf 81' lang='lat' dir='ltr'>respici</span> <span class='ocrx_word' id='word_1_142' title='bbox 1303 1035 1462 1086; x_wconf 87' lang='lat' dir='ltr'>putavit,</span> <span class='ocrx_word' id='word_1_143' title='bbox 1493 1035 1540 1072; x_wconf 86' lang='lat' dir='ltr'>dc</span> 
     </span>
     <span class='ocr_line' id='line_1_14' title="bbox 84 1099 1542 1153; baseline -0.003 -12"><span class='ocrx_word' id='word_1_144' title='bbox 84 1106 239 1143; x_wconf 86' lang='lat' dir='ltr'>Gramm.</span> <span class='ocrx_word' id='word_1_145' title='bbox 263 1115 301 1151; x_wconf 88' lang='lat' dir='ltr'>p.</span> <span class='ocrx_word' id='word_1_146' title='bbox 323 1101 396 1138; x_wconf 80' lang='lat'>233</span> <span class='ocrx_word' id='word_1_147' title='bbox 420 1115 428 1138; x_wconf 92' lang='lat'>:</span> <span class='ocrx_word' id='word_1_148' title='bbox 460 1118 475 1133; x_wconf 74' lang='grc' dir='ltr'>α</span> <span class='ocrx_word' id='word_1_149' title='bbox 494 1099 587 1137; x_wconf 87' lang='lat' dir='ltr'>lnde</span> <span class='ocrx_word' id='word_1_150' title='bbox 607 1108 665 1137; x_wconf 86' lang='lat' dir='ltr'>cst</span> <span class='ocrx_word' id='word_1_151' title='bbox 681 1099 797 1147; x_wconf 91' lang='lat' dir='ltr'>illud,</span> <span class='ocrx_word' id='word_1_152' title='bbox 818 1101 963 1150; x_wconf 86' lang='lat' dir='ltr'>inquit,</span> <span class='ocrx_word' id='word_1_153' title='bbox 981 1100 1059 1153; x_wconf 81' lang='grc' dir='ltr'>τρία</span> <span class='ocrx_word' id='word_1_154' title='bbox 1080 1099 1204 1138; x_wconf 76' lang='grc' dir='ltr'>κάππα</span> <span class='ocrx_word' id='word_1_155' title='bbox 1221 1099 1390 1146; x_wconf 79' lang='grc' dir='ltr'>κάκιστα,</span> <span class='ocrx_word' id='word_1_156' title='bbox 1412 1099 1451 1137; x_wconf 90' lang='lat' dir='ltr'>id</span> <span class='ocrx_word' id='word_1_157' title='bbox 1473 1108 1542 1144; x_wconf 82' lang='lat' dir='ltr'>est.</span> 
     </span>
     <span class='ocr_line' id='line_1_15' title="bbox 84 1164 1540 1217; baseline 0 -14"><span class='ocrx_word' id='word_1_158' title='bbox 84 1188 98 1203; x_wconf 63' lang='grc' dir='ltr'>«ι</span> <span class='ocrx_word' id='word_1_159' title='bbox 117 1168 179 1205; x_wconf 87' lang='lat' dir='ltr'>tria</span> <span class='ocrx_word' id='word_1_160' title='bbox 208 1167 330 1217; x_wconf 81' lang='lat' dir='ltr'>kappa</span> <span class='ocrx_word' id='word_1_161' title='bbox 350 1164 526 1215; x_wconf 80' lang='lat' dir='ltr'>pessima,</span> <span class='ocrx_word' id='word_1_162' title='bbox 554 1164 600 1202; x_wconf 86' lang='lat' dir='ltr'>de</span> <span class='ocrx_word' id='word_1_163' title='bbox 618 1164 797 1203; x_wconf 86' lang='lat' dir='ltr'>Cornelio</span> <span class='ocrx_word' id='word_1_164' title='bbox 820 1166 943 1216; x_wconf 71' lang='lat' dir='ltr'>Sylla,</span> <span class='ocrx_word' id='word_1_165' title='bbox 965 1165 1012 1202; x_wconf 87' lang='lat' dir='ltr'>de</span> <span class='ocrx_word' id='word_1_166' title='bbox 1043 1165 1159 1204; x_wconf 88' lang='lat' dir='ltr'>Corn.</span> <span class='ocrx_word' id='word_1_167' title='bbox 1182 1164 1324 1211; x_wconf 88' lang='lat' dir='ltr'>Cinna,</span> <span class='ocrx_word' id='word_1_168' title='bbox 1355 1164 1403 1201; x_wconf 88' lang='lat' dir='ltr'>de</span> <span class='ocrx_word' id='word_1_169' title='bbox 1422 1165 1540 1203; x_wconf 87' lang='lat' dir='ltr'>Corn.</span> 
     </span>
     <span class='ocr_line' id='line_1_16' title="bbox 84 1227 1542 1280; baseline -0.001 -13"><span class='ocrx_word' id='word_1_170' title='bbox 84 1251 96 1267; x_wconf 69' lang='lat' dir='ltr'>a</span> <span class='ocrx_word' id='word_1_171' title='bbox 115 1230 293 1270; x_wconf 84' lang='lat' dir='ltr'>Lentulo:</span> <span class='ocrx_word' id='word_1_172' title='bbox 327 1229 364 1266; x_wconf 85' lang='lat' dir='ltr'>hi</span> <span class='ocrx_word' id='word_1_173' title='bbox 391 1229 490 1266; x_wconf 88' lang='lat' dir='ltr'>enim</span> <span class='ocrx_word' id='word_1_174' title='bbox 515 1242 584 1279; x_wconf 87' lang='lat' dir='ltr'>per</span> <span class='ocrx_word' id='word_1_175' title='bbox 613 1238 687 1266; x_wconf 89' lang='lat' dir='ltr'>tres</span> <span class='ocrx_word' id='word_1_176' title='bbox 708 1230 832 1267; x_wconf 77' lang='lat' dir='ltr'>literas</span> <span class='ocrx_word' id='word_1_177' title='bbox 876 1230 1060 1280; x_wconf 84' lang='lat' dir='ltr'>designati</span> <span class='ocrx_word' id='word_1_178' title='bbox 1101 1230 1139 1266; x_wconf 91' lang='lat' dir='ltr'>in</span> <span class='ocrx_word' id='word_1_179' title='bbox 1169 1228 1273 1266; x_wconf 88' lang='lat' dir='ltr'>libris</span> <span class='ocrx_word' id='word_1_180' title='bbox 1295 1227 1504 1279; x_wconf 81' lang='lat' dir='ltr'>Sibyllinis.</span> <span class='ocrx_word' id='word_1_181' title='bbox 1526 1244 1542 1261; x_wconf 72' lang='grc' dir='ltr'>ιι</span> 
     </span>
     <span class='ocr_line' id='line_1_17' title="bbox 86 1293 1539 1345; baseline -0.003 -11"><span class='ocrx_word' id='word_1_182' title='bbox 86 1295 183 1344; x_wconf 89' lang='lat' dir='ltr'>Quod</span> <span class='ocrx_word' id='word_1_183' title='bbox 204 1295 364 1332; x_wconf 78' lang='lat' dir='ltr'>fatemur</span> <span class='ocrx_word' id='word_1_184' title='bbox 385 1307 455 1331; x_wconf 90' lang='lat' dir='ltr'>nos</span> <span class='ocrx_word' id='word_1_185' title='bbox 486 1294 599 1344; x_wconf 87' lang='lat' dir='ltr'>plane</span> <span class='ocrx_word' id='word_1_186' title='bbox 627 1307 704 1330; x_wconf 88' lang='lat' dir='ltr'>non</span> <span class='ocrx_word' id='word_1_187' title='bbox 731 1293 966 1345; x_wconf 85' lang='lat' dir='ltr'>intelligcre;</span> <span class='ocrx_word' id='word_1_188' title='bbox 991 1302 1106 1332; x_wconf 89' lang='lat' dir='ltr'>notus</span> <span class='ocrx_word' id='word_1_189' title='bbox 1129 1302 1185 1331; x_wconf 90' lang='lat' dir='ltr'>est</span> <span class='ocrx_word' id='word_1_190' title='bbox 1203 1293 1302 1331; x_wconf 90' lang='lat' dir='ltr'>enim</span> <span class='ocrx_word' id='word_1_191' title='bbox 1324 1293 1417 1331; x_wconf 88' lang='lat' dir='ltr'>etin</span> <span class='ocrx_word' id='word_1_192' title='bbox 1445 1305 1539 1344; x_wconf 90' lang='lat' dir='ltr'>pro-</span> 
     </span>
     <span class='ocr_line' id='line_1_18' title="bbox 85 1350 933 1408; baseline -0.001 -11"><span class='ocrx_word' id='word_1_193' title='bbox 85 1359 240 1397; x_wconf 80' lang='lat' dir='ltr'>verbium</span> <span class='ocrx_word' id='word_1_194' title='bbox 264 1357 356 1395; x_wconf 90' lang='lat' dir='ltr'>abiit</span> <span class='ocrx_word' id='word_1_195' title='bbox 381 1358 535 1395; x_wconf 87' lang='lat' dir='ltr'>minime</span> <span class='ocrx_word' id='word_1_196' title='bbox 555 1357 766 1408; x_wconf 85' lang='lat' dir='ltr'>Sibyllinus</span> <span class='ocrx_word' id='word_1_197' title='bbox 778 1350 906 1397; x_wconf 79' lang='lat' dir='ltr'>versus</span> <span class='ocrx_word' id='word_1_198' title='bbox 926 1374 933 1396; x_wconf 90' lang='lat'><strong>:</strong></span> 
     </span>
     <span class='ocr_line' id='line_1_19' title="bbox 228 1422 1282 1475; baseline 0 -14"><span class='ocrx_word' id='word_1_199' title='bbox 228 1422 486 1468; x_wconf 77' lang='grc' dir='ltr'>Καππάδοκες,</span> <span class='ocrx_word' id='word_1_200' title='bbox 512 1424 669 1474; x_wconf 81' lang='grc' dir='ltr'>Κρῆτες,</span> <span class='ocrx_word' id='word_1_201' title='bbox 691 1422 851 1471; x_wconf 83' lang='grc' dir='ltr'>Κίλικες,</span> <span class='ocrx_word' id='word_1_202' title='bbox 868 1423 946 1475; x_wconf 81' lang='grc' dir='ltr'>τρία</span> <span class='ocrx_word' id='word_1_203' title='bbox 966 1422 1090 1461; x_wconf 80' lang='grc' dir='ltr'>κάππα</span> <span class='ocrx_word' id='word_1_204' title='bbox 1110 1423 1259 1461; x_wconf 71' lang='grc' dir='ltr'>κάκιστα</span> <span class='ocrx_word' id='word_1_205' title='bbox 1272 1452 1282 1471; x_wconf 86' lang='grc'><strong><em>,</em></strong></span> 
     </span>
    </p>

    <p class='ocr_par' dir='ltr' id='par_1_3' title="bbox 88 1486 1144 1539">
     <span class='ocr_line' id='line_1_20' title="bbox 88 1486 1144 1539; baseline 0.002 -15"><span class='ocrx_word' id='word_1_206' title='bbox 88 1486 174 1525; x_wconf 86' lang='lat' dir='ltr'>unde</span> <span class='ocrx_word' id='word_1_207' title='bbox 192 1486 426 1537; x_wconf 81' lang='lat' dir='ltr'>suspicamur</span> <span class='ocrx_word' id='word_1_208' title='bbox 443 1486 617 1536; x_wconf 82' lang='lat' dir='ltr'>quaedam</span> <span class='ocrx_word' id='word_1_209' title='bbox 636 1488 854 1525; x_wconf 85' lang='lat' dir='ltr'>confudisse</span> <span class='ocrx_word' id='word_1_210' title='bbox 872 1488 1144 1539; x_wconf 74' lang='lat' dir='ltr'>Augustinum.</span> 
     </span>
    </p>

    <p class='ocr_par' dir='ltr' id='par_1_4' title="bbox 83 1550 1543 2567">
     <span class='ocr_line' id='line_1_21' title="bbox 130 1550 1543 1602; baseline 0.001 -14"><span class='ocrx_word' id='word_1_211' title='bbox 130 1550 221 1597; x_wconf 87' lang='lat' dir='ltr'>Quid</span> <span class='ocrx_word' id='word_1_212' title='bbox 245 1564 336 1588; x_wconf 91' lang='lat' dir='ltr'>vero</span> <span class='ocrx_word' id='word_1_213' title='bbox 366 1551 520 1588; x_wconf 76' lang='lat' dir='ltr'>interim</span> <span class='ocrx_word' id='word_1_214' title='bbox 556 1551 699 1602; x_wconf 80' lang='lat' dir='ltr'>publici</span> <span class='ocrx_word' id='word_1_215' title='bbox 729 1552 965 1590; x_wconf 75' lang='lat' dir='ltr'>libri?Rar0</span> <span class='ocrx_word' id='word_1_216' title='bbox 989 1554 1074 1591; x_wconf 88' lang='lat' dir='ltr'>illos</span> <span class='ocrx_word' id='word_1_217' title='bbox 1103 1552 1276 1591; x_wconf 89' lang='lat' dir='ltr'>videmus</span> <span class='ocrx_word' id='word_1_218' title='bbox 1310 1552 1435 1590; x_wconf 85' lang='lat' dir='ltr'>aditos</span> <span class='ocrx_word' id='word_1_219' title='bbox 1455 1556 1543 1602; x_wconf 67' lang='lat' dir='ltr'>post</span> 
     </span>
     <span class='ocr_line' id='line_1_22' title="bbox 83 1616 1541 1666; baseline 0 -13"><span class='ocrx_word' id='word_1_220' title='bbox 83 1617 260 1653; x_wconf 87' lang='lat' dir='ltr'>incensum</span> <span class='ocrx_word' id='word_1_221' title='bbox 294 1616 540 1666; x_wconf 81' lang='lat' dir='ltr'>Capitolium.</span> <span class='ocrx_word' id='word_1_222' title='bbox 570 1617 719 1664; x_wconf 85' lang='lat' dir='ltr'>Semel,</span> <span class='ocrx_word' id='word_1_223' title='bbox 765 1626 807 1654; x_wconf 92' lang='lat' dir='ltr'>ut</span> <span class='ocrx_word' id='word_1_224' title='bbox 838 1618 1024 1662; x_wconf 83' lang='lat' dir='ltr'>diximus,</span> <span class='ocrx_word' id='word_1_225' title='bbox 1060 1631 1161 1655; x_wconf 89' lang='lat' dir='ltr'>anno</span> <span class='ocrx_word' id='word_1_226' title='bbox 1190 1630 1391 1664; x_wconf 79' lang='lat' dir='ltr'>ncxcvut,</span> <span class='ocrx_word' id='word_1_227' title='bbox 1420 1628 1541 1666; x_wconf 89' lang='lat' dir='ltr'>quum</span> 
     </span>
     <span class='ocr_line' id='line_1_23' title="bbox 85 1679 1542 1733; baseline 0 -15"><span class='ocrx_word' id='word_1_228' title='bbox 85 1680 233 1729; x_wconf 81' lang='lat' dir='ltr'>Catonis,</span> <span class='ocrx_word' id='word_1_229' title='bbox 253 1679 396 1717; x_wconf 89' lang='lat' dir='ltr'>tribuni</span> <span class='ocrx_word' id='word_1_230' title='bbox 418 1680 556 1731; x_wconf 83' lang='lat' dir='ltr'>plebei,</span> <span class='ocrx_word' id='word_1_231' title='bbox 577 1682 754 1719; x_wconf 86' lang='lat' dir='ltr'>violentia</span> <span class='ocrx_word' id='word_1_232' title='bbox 777 1683 983 1733; x_wconf 85' lang='lat' dir='ltr'>contrajus</span> <span class='ocrx_word' id='word_1_233' title='bbox 998 1691 1035 1720; x_wconf 88' lang='lat' dir='ltr'>et</span> <span class='ocrx_word' id='word_1_234' title='bbox 1055 1682 1109 1720; x_wconf 90' lang='lat' dir='ltr'>sas</span> <span class='ocrx_word' id='word_1_235' title='bbox 1126 1695 1347 1732; x_wconf 81' lang='lat' dir='ltr'>responsum</span> <span class='ocrx_word' id='word_1_236' title='bbox 1370 1681 1542 1732; x_wconf 86' lang='lat' dir='ltr'>promul-</span> 
     </span>
     <span class='ocr_line' id='line_1_24' title="bbox 85 1742 1542 1795; baseline 0.001 -14"><span class='ocrx_word' id='word_1_237' title='bbox 85 1753 194 1795; x_wconf 83' lang='lat' dir='ltr'>gatum</span> <span class='ocrx_word' id='word_1_238' title='bbox 214 1753 279 1781; x_wconf 79' lang='lat' dir='ltr'>est.</span> <span class='ocrx_word' id='word_1_239' title='bbox 295 1745 436 1782; x_wconf 86' lang='lat' dir='ltr'>lterum</span> <span class='ocrx_word' id='word_1_240' title='bbox 455 1758 556 1782; x_wconf 85' lang='lat' dir='ltr'>anno</span> <span class='ocrx_word' id='word_1_241' title='bbox 577 1742 688 1792; x_wconf 64' lang='grc' dir='ltr'><strong>θεὸν,</strong></span> <span class='ocrx_word' id='word_1_242' title='bbox 711 1747 892 1784; x_wconf 82' lang='lat' dir='ltr'>Marcello</span> <span class='ocrx_word' id='word_1_243' title='bbox 915 1755 952 1784; x_wconf 89' lang='lat' dir='ltr'>et</span> <span class='ocrx_word' id='word_1_244' title='bbox 976 1747 1142 1784; x_wconf 76' lang='lat' dir='ltr'>Lentulo</span> <span class='ocrx_word' id='word_1_245' title='bbox 1160 1759 1274 1794; x_wconf 65' lang='lat' dir='ltr'>COSS„</span> <span class='ocrx_word' id='word_1_246' title='bbox 1293 1745 1344 1783; x_wconf 90' lang='lat' dir='ltr'>ob</span> <span class='ocrx_word' id='word_1_247' title='bbox 1364 1745 1542 1784; x_wconf 88' lang='lat' dir='ltr'>arborem</span> 
     </span>
     <span class='ocr_line' id='line_1_25' title="bbox 86 1808 1541 1860; baseline 0.001 -15"><span class='ocrx_word' id='word_1_248' title='bbox 86 1818 201 1860; x_wconf 88' lang='lat' dir='ltr'>sponte</span> <span class='ocrx_word' id='word_1_249' title='bbox 231 1808 430 1846; x_wconf 82' lang='lat' dir='ltr'>defossam.</span> <span class='ocrx_word' id='word_1_250' title='bbox 473 1810 617 1848; x_wconf 80' lang='lat' dir='ltr'>Rursus</span> <span class='ocrx_word' id='word_1_251' title='bbox 650 1823 750 1848; x_wconf 87' lang='lat' dir='ltr'>anuo</span> <span class='ocrx_word' id='word_1_252' title='bbox 785 1824 925 1848; x_wconf 77' lang='lat' dir='ltr'>nccxvt</span> <span class='ocrx_word' id='word_1_253' title='bbox 940 1840 950 1858; x_wconf 93' lang='lat'>,</span> <span class='ocrx_word' id='word_1_254' title='bbox 987 1810 1149 1848; x_wconf 90' lang='lat' dir='ltr'>Claudio</span> <span class='ocrx_word' id='word_1_255' title='bbox 1186 1818 1224 1847; x_wconf 88' lang='lat' dir='ltr'>et</span> <span class='ocrx_word' id='word_1_256' title='bbox 1252 1809 1456 1860; x_wconf 73' lang='lat' dir='ltr'>Norbano,</span> <span class='ocrx_word' id='word_1_257' title='bbox 1490 1808 1541 1847; x_wconf 87' lang='lat' dir='ltr'>ob</span> 
     </span>
     <span class='ocr_line' id='line_1_26' title="bbox 86 1875 1541 1926; baseline 0.001 -15"><span class='ocrx_word' id='word_1_258' title='bbox 86 1875 272 1925; x_wconf 88' lang='lat' dir='ltr'>collapsum</span> <span class='ocrx_word' id='word_1_259' title='bbox 304 1875 461 1912; x_wconf 80' lang='lat' dir='ltr'>Virtutis</span> <span class='ocrx_word' id='word_1_260' title='bbox 491 1876 746 1913; x_wconf 85' lang='lat' dir='ltr'>simulacrum.</span> <span class='ocrx_word' id='word_1_261' title='bbox 773 1876 849 1914; x_wconf 73' lang='lat' dir='ltr'>Ter</span> <span class='ocrx_word' id='word_1_262' title='bbox 870 1884 1015 1913; x_wconf 86' lang='lat' dir='ltr'>tantum</span> <span class='ocrx_word' id='word_1_263' title='bbox 1047 1884 1113 1912; x_wconf 90' lang='lat' dir='ltr'>aut</span> <span class='ocrx_word' id='word_1_264' title='bbox 1139 1889 1215 1913; x_wconf 87' lang='lat' dir='ltr'>non</span> <span class='ocrx_word' id='word_1_265' title='bbox 1238 1876 1356 1913; x_wconf 89' lang='lat' dir='ltr'>multo</span> <span class='ocrx_word' id='word_1_266' title='bbox 1380 1875 1541 1926; x_wconf 75' lang='lat' dir='ltr'>amplius</span> 
     </span>
     <span class='ocr_line' id='line_1_27' title="bbox 86 1939 1540 1992; baseline 0.001 -16"><span class='ocrx_word' id='word_1_267' title='bbox 86 1939 244 1977; x_wconf 74' lang='lat' dir='ltr'>extremis</span> <span class='ocrx_word' id='word_1_268' title='bbox 272 1939 344 1978; x_wconf 90' lang='lat' dir='ltr'>illis</span> <span class='ocrx_word' id='word_1_269' title='bbox 372 1939 594 1990; x_wconf 85' lang='lat' dir='ltr'>reipublicae</span> <span class='ocrx_word' id='word_1_270' title='bbox 614 1941 874 1992; x_wconf 77' lang='lat' dir='ltr'>temporibus,</span> <span class='ocrx_word' id='word_1_271' title='bbox 905 1954 989 1991; x_wconf 82' lang='lat' dir='ltr'>quae</span> <span class='ocrx_word' id='word_1_272' title='bbox 1013 1940 1125 1991; x_wconf 76' lang='lat' dir='ltr'>Syllae</span> <span class='ocrx_word' id='word_1_273' title='bbox 1147 1940 1374 1978; x_wconf 78' lang='lat' dir='ltr'>dictaturam</span> <span class='ocrx_word' id='word_1_274' title='bbox 1403 1939 1540 1978; x_wconf 89' lang='lat' dir='ltr'>subse-</span> 
     </span>
     <span class='ocr_line' id='line_1_28' title="bbox 87 2003 1539 2056; baseline 0.002 -17"><span class='ocrx_word' id='word_1_275' title='bbox 87 2012 158 2040; x_wconf 82' lang='lat' dir='ltr'>cuta</span> <span class='ocrx_word' id='word_1_276' title='bbox 172 2012 270 2050; x_wconf 86' lang='lat' dir='ltr'>sunt,</span> <span class='ocrx_word' id='word_1_277' title='bbox 287 2017 355 2054; x_wconf 91' lang='lat' dir='ltr'>per</span> <span class='ocrx_word' id='word_1_278' title='bbox 375 2017 495 2042; x_wconf 89' lang='lat' dir='ltr'>annos</span> <span class='ocrx_word' id='word_1_279' title='bbox 513 2004 590 2042; x_wconf 83' lang='lat' dir='ltr'>fere</span> <span class='ocrx_word' id='word_1_280' title='bbox 609 2005 907 2056; x_wconf 80' lang='lat' dir='ltr'>quinquaginta!</span> <span class='ocrx_word' id='word_1_281' title='bbox 928 2005 1004 2042; x_wconf 87' lang='lat' dir='ltr'>Nec</span> <span class='ocrx_word' id='word_1_282' title='bbox 1022 2004 1092 2041; x_wconf 88' lang='lat' dir='ltr'>sub</span> <span class='ocrx_word' id='word_1_283' title='bbox 1109 2003 1404 2054; x_wconf 84' lang='lat' dir='ltr'>imperatoribus</span> <span class='ocrx_word' id='word_1_284' title='bbox 1420 2005 1539 2043; x_wconf 90' lang='lat' dir='ltr'>multo</span> 
     </span>
     <span class='ocr_line' id='line_1_29' title="bbox 87 2063 1537 2119; baseline 0.003 -17"><span class='ocrx_word' id='word_1_285' title='bbox 87 2067 216 2116; x_wconf 79' lang='lat' dir='ltr'>saepius,</span> <span class='ocrx_word' id='word_1_286' title='bbox 237 2068 290 2104; x_wconf 90' lang='lat' dir='ltr'>uti</span> <span class='ocrx_word' id='word_1_287' title='bbox 307 2067 404 2105; x_wconf 86' lang='lat' dir='ltr'>infra</span> <span class='ocrx_word' id='word_1_288' title='bbox 421 2067 596 2106; x_wconf 87' lang='lat' dir='ltr'>adductis</span> <span class='ocrx_word' id='word_1_289' title='bbox 611 2069 702 2119; x_wconf 78' lang='lat' dir='ltr'>ipsis</span> <span class='ocrx_word' id='word_1_290' title='bbox 715 2063 905 2106; x_wconf 81' lang='lat' dir='ltr'>annorum</span> <span class='ocrx_word' id='word_1_291' title='bbox 923 2069 1090 2106; x_wconf 85' lang='lat' dir='ltr'>numeris</span> <span class='ocrx_word' id='word_1_292' title='bbox 1106 2068 1365 2114; x_wconf 85' lang='lat' dir='ltr'>ostendemus,</span> <span class='ocrx_word' id='word_1_293' title='bbox 1381 2082 1537 2106; x_wconf 87' lang='lat' dir='ltr'>manen-</span> 
     </span>
     <span class='ocr_line' id='line_1_30' title="bbox 89 2130 1542 2184; baseline 0.003 -17"><span class='ocrx_word' id='word_1_294' title='bbox 89 2130 172 2168; x_wconf 81' lang='lat' dir='ltr'>tibus</span> <span class='ocrx_word' id='word_1_295' title='bbox 189 2132 271 2170; x_wconf 89' lang='lat' dir='ltr'>licet</span> <span class='ocrx_word' id='word_1_296' title='bbox 291 2141 329 2170; x_wconf 89' lang='lat' dir='ltr'>ct</span> <span class='ocrx_word' id='word_1_297' title='bbox 346 2132 454 2170; x_wconf 85' lang='lat' dir='ltr'>libris</span> <span class='ocrx_word' id='word_1_298' title='bbox 469 2141 507 2170; x_wconf 79' lang='lat' dir='ltr'>et</span> <span class='ocrx_word' id='word_1_299' title='bbox 523 2133 747 2171; x_wconf 71' lang='lat' dir='ltr'>custodibus</span> <span class='ocrx_word' id='word_1_300' title='bbox 764 2142 800 2171; x_wconf 87' lang='lat' dir='ltr'>et</span> <span class='ocrx_word' id='word_1_301' title='bbox 819 2134 1018 2181; x_wconf 86' lang='lat' dir='ltr'>ministris,</span> <span class='ocrx_word' id='word_1_302' title='bbox 1036 2133 1101 2171; x_wconf 84' lang='lat' dir='ltr'>scd</span> <span class='ocrx_word' id='word_1_303' title='bbox 1124 2141 1303 2184; x_wconf 89' lang='lat' dir='ltr'>tanquam</span> <span class='ocrx_word' id='word_1_304' title='bbox 1322 2133 1542 2171; x_wconf 86' lang='lat' dir='ltr'>verentibus</span> 
     </span>
     <span class='ocr_line' id='line_1_31' title="bbox 87 2195 1541 2247; baseline 0.005 -18"><span class='ocrx_word' id='word_1_305' title='bbox 87 2195 306 2246; x_wconf 87' lang='lat' dir='ltr'>principibus</span> <span class='ocrx_word' id='word_1_306' title='bbox 329 2197 484 2247; x_wconf 81' lang='lat' dir='ltr'>nequid</span> <span class='ocrx_word' id='word_1_307' title='bbox 505 2211 551 2235; x_wconf 88' lang='lat' dir='ltr'>ex</span> <span class='ocrx_word' id='word_1_308' title='bbox 569 2198 648 2235; x_wconf 86' lang='lat' dir='ltr'>istis</span> <span class='ocrx_word' id='word_1_309' title='bbox 666 2199 814 2236; x_wconf 88' lang='lat' dir='ltr'>arcanis</span> <span class='ocrx_word' id='word_1_310' title='bbox 835 2198 991 2236; x_wconf 83' lang='lat' dir='ltr'>latebris</span> <span class='ocrx_word' id='word_1_311' title='bbox 1016 2198 1088 2235; x_wconf 88' lang='lat' dir='ltr'>sibi</span> <span class='ocrx_word' id='word_1_312' title='bbox 1109 2197 1232 2235; x_wconf 87' lang='lat' dir='ltr'>minus</span> <span class='ocrx_word' id='word_1_313' title='bbox 1247 2197 1411 2235; x_wconf 87' lang='lat' dir='ltr'>faustum</span> <span class='ocrx_word' id='word_1_314' title='bbox 1429 2211 1541 2236; x_wconf 88' lang='lat' dir='ltr'>erue-</span> 
     </span>
     <span class='ocr_line' id='line_1_32' title="bbox 87 2260 1536 2314; baseline 0.003 -19"><span class='ocrx_word' id='word_1_315' title='bbox 87 2267 188 2299; x_wconf 87' lang='lat' dir='ltr'>retur.</span> <span class='ocrx_word' id='word_1_316' title='bbox 207 2260 420 2299; x_wconf 78' lang='lat' dir='ltr'>Accedebat</span> <span class='ocrx_word' id='word_1_317' title='bbox 442 2261 554 2299; x_wconf 87' lang='lat' dir='ltr'>ctiam</span> <span class='ocrx_word' id='word_1_318' title='bbox 579 2262 642 2299; x_wconf 91' lang='lat' dir='ltr'>illa</span> <span class='ocrx_word' id='word_1_319' title='bbox 664 2264 763 2300; x_wconf 85' lang='lat' dir='ltr'>circa</span> <span class='ocrx_word' id='word_1_320' title='bbox 785 2276 842 2301; x_wconf 84' lang='lat' dir='ltr'>res</span> <span class='ocrx_word' id='word_1_321' title='bbox 861 2262 1098 2313; x_wconf 85' lang='lat' dir='ltr'>prodigiosas</span> <span class='ocrx_word' id='word_1_322' title='bbox 1118 2261 1286 2310; x_wconf 79' lang='lat' dir='ltr'>incuria,</span> <span class='ocrx_word' id='word_1_323' title='bbox 1302 2262 1348 2300; x_wconf 83' lang='lat' dir='ltr'>de</span> <span class='ocrx_word' id='word_1_324' title='bbox 1364 2276 1442 2314; x_wconf 87' lang='lat' dir='ltr'>qua</span> <span class='ocrx_word' id='word_1_325' title='bbox 1457 2262 1536 2314; x_wconf 85' lang='lat' dir='ltr'>jam</span> 
     </span>
     <span class='ocr_line' id='line_1_33' title="bbox 87 2326 1538 2377; baseline 0.004 -17"><span class='ocrx_word' id='word_1_326' title='bbox 87 2336 143 2360; x_wconf 88' lang='lat' dir='ltr'>suo</span> <span class='ocrx_word' id='word_1_327' title='bbox 161 2334 323 2376; x_wconf 86' lang='lat' dir='ltr'>tempore</span> <span class='ocrx_word' id='word_1_328' title='bbox 342 2326 576 2377; x_wconf 86' lang='lat' dir='ltr'>querebatur</span> <span class='ocrx_word' id='word_1_329' title='bbox 591 2327 743 2376; x_wconf 85' lang='lat' dir='ltr'>Livius,</span> <span class='ocrx_word' id='word_1_330' title='bbox 765 2327 832 2366; x_wconf 81' lang='lat' dir='ltr'>lib.</span> <span class='ocrx_word' id='word_1_331' title='bbox 855 2328 997 2377; x_wconf 85' lang='lat' dir='ltr'>XLlll,</span> <span class='ocrx_word' id='word_1_332' title='bbox 1017 2331 1035 2375; x_wconf 83' lang='lat'>§</span> <span class='ocrx_word' id='word_1_333' title='bbox 1054 2329 1097 2365; x_wconf 87' lang='lat'>13</span> <span class='ocrx_word' id='word_1_334' title='bbox 1114 2341 1121 2364; x_wconf 91' lang='lat'>:</span> <span class='ocrx_word' id='word_1_335' title='bbox 1138 2328 1252 2366; x_wconf 85' lang='lat' dir='ltr'>«Non</span> <span class='ocrx_word' id='word_1_336' title='bbox 1269 2340 1352 2364; x_wconf 83' lang='lat' dir='ltr'>sum</span> <span class='ocrx_word' id='word_1_337' title='bbox 1368 2328 1538 2375; x_wconf 75' lang='lat' dir='ltr'>nescius,</span> 
     </span>
     <span class='ocr_line' id='line_1_34' title="bbox 86 2388 1537 2443; baseline 0.004 -19"><span class='ocrx_word' id='word_1_338' title='bbox 86 2388 235 2439; x_wconf 79' lang='lat' dir='ltr'>-inquit,</span> <span class='ocrx_word' id='word_1_339' title='bbox 261 2391 309 2428; x_wconf 91' lang='lat' dir='ltr'>ab</span> <span class='ocrx_word' id='word_1_340' title='bbox 329 2391 461 2430; x_wconf 87' lang='lat' dir='ltr'>eadem</span> <span class='ocrx_word' id='word_1_341' title='bbox 482 2392 710 2443; x_wconf 77' lang='lat' dir='ltr'>negligentia</span> <span class='ocrx_word' id='word_1_342' title='bbox 731 2407 806 2443; x_wconf 86' lang='lat' dir='ltr'>qua</span> <span class='ocrx_word' id='word_1_343' title='bbox 824 2393 919 2431; x_wconf 78' lang='lat' dir='ltr'>nihil</span> <span class='ocrx_word' id='word_1_344' title='bbox 939 2393 1030 2430; x_wconf 82' lang='lat' dir='ltr'>deos</span> <span class='ocrx_word' id='word_1_345' title='bbox 1051 2392 1280 2443; x_wconf 84' lang='lat' dir='ltr'>portendere</span> <span class='ocrx_word' id='word_1_346' title='bbox 1300 2393 1414 2443; x_wconf 85' lang='lat' dir='ltr'>vulgo</span> <span class='ocrx_word' id='word_1_347' title='bbox 1437 2407 1537 2431; x_wconf 93' lang='lat' dir='ltr'>nunc</span> 
     </span>
     <span class='ocr_line' id='line_1_35' title="bbox 84 2454 1536 2508; baseline 0.003 -19"><span class='ocrx_word' id='word_1_348' title='bbox 84 2469 97 2485; x_wconf 70' lang='grc' dir='ltr'>«ι</span> <span class='ocrx_word' id='word_1_349' title='bbox 111 2454 277 2506; x_wconf 82' lang='lat' dir='ltr'>credant,</span> <span class='ocrx_word' id='word_1_350' title='bbox 314 2470 436 2507; x_wconf 86' lang='lat' dir='ltr'>neque</span> <span class='ocrx_word' id='word_1_351' title='bbox 462 2458 630 2495; x_wconf 83' lang='lat' dir='ltr'>nuntiari</span> <span class='ocrx_word' id='word_1_352' title='bbox 652 2458 857 2496; x_wconf 86' lang='lat' dir='ltr'>admodum</span> <span class='ocrx_word' id='word_1_353' title='bbox 897 2458 997 2495; x_wconf 85' lang='lat' dir='ltr'>nulla</span> <span class='ocrx_word' id='word_1_354' title='bbox 1039 2456 1213 2508; x_wconf 84' lang='lat' dir='ltr'>prodigia</span> <span class='ocrx_word' id='word_1_355' title='bbox 1248 2457 1285 2494; x_wconf 92' lang='lat' dir='ltr'>in</span> <span class='ocrx_word' id='word_1_356' title='bbox 1318 2456 1536 2507; x_wconf 88' lang='lat' dir='ltr'>publicum,</span> 
     </span>
     <span class='ocr_line' id='line_1_36' title="bbox 85 2519 646 2567; baseline 0.009 -11"><span class='ocrx_word' id='word_1_357' title='bbox 85 2532 97 2547; x_wconf 73' lang='lat'>‘¹</span> <span class='ocrx_word' id='word_1_358' title='bbox 114 2529 224 2567; x_wconf 82' lang='lat' dir='ltr'>neque</span> <span class='ocrx_word' id='word_1_359' title='bbox 239 2519 276 2556; x_wconf 89' lang='lat' dir='ltr'>in</span> <span class='ocrx_word' id='word_1_360' title='bbox 296 2522 450 2558; x_wconf 86' lang='lat' dir='ltr'>annales</span> <span class='ocrx_word' id='word_1_361' title='bbox 469 2522 616 2561; x_wconf 85' lang='lat' dir='ltr'>referri.</span> <span class='ocrx_word' id='word_1_362' title='bbox 631 2539 646 2555; x_wconf 73' lang='grc' dir='ltr'><em>ν</em></span> 
     </span>
    </p>

    <p class='ocr_par' dir='ltr' id='par_1_5' title="bbox 80 2581 1534 2958">
     <span class='ocr_line' id='line_1_37' title="bbox 126 2581 1534 2637; baseline 0.004 -20"><span class='ocrx_word' id='word_1_363' title='bbox 126 2581 175 2619; x_wconf 82' lang='lat' dir='ltr'>De</span> <span class='ocrx_word' id='word_1_364' title='bbox 191 2582 295 2622; x_wconf 86' lang='lat' dir='ltr'>libris</span> <span class='ocrx_word' id='word_1_365' title='bbox 313 2593 436 2622; x_wconf 89' lang='lat' dir='ltr'>tamen</span> <span class='ocrx_word' id='word_1_366' title='bbox 453 2585 552 2623; x_wconf 87' lang='lat' dir='ltr'>bene</span> <span class='ocrx_word' id='word_1_367' title='bbox 573 2594 766 2624; x_wconf 88' lang='lat' dir='ltr'>meruerat</span> <span class='ocrx_word' id='word_1_368' title='bbox 785 2590 976 2637; x_wconf 85' lang='lat' dir='ltr'>Augustus</span> <span class='ocrx_word' id='word_1_369' title='bbox 995 2585 1098 2636; x_wconf 91' lang='lat' dir='ltr'>quod</span> <span class='ocrx_word' id='word_1_370' title='bbox 1117 2598 1180 2623; x_wconf 85' lang='lat' dir='ltr'>eos</span> <span class='ocrx_word' id='word_1_371' title='bbox 1195 2614 1205 2633; x_wconf 90' lang='lat'>,</span> <span class='ocrx_word' id='word_1_372' title='bbox 1226 2594 1313 2636; x_wconf 87' lang='lat' dir='ltr'>post</span> <span class='ocrx_word' id='word_1_373' title='bbox 1339 2585 1534 2636; x_wconf 84' lang='lat' dir='ltr'>sexaginta</span> 
     </span>
     <span class='ocr_line' id='line_1_38' title="bbox 83 2642 1534 2701; baseline 0.006 -22"><span class='ocrx_word' id='word_1_374' title='bbox 83 2642 246 2685; x_wconf 83' lang='lat' dir='ltr'>duntaxat</span> <span class='ocrx_word' id='word_1_375' title='bbox 276 2663 412 2697; x_wconf 86' lang='lat' dir='ltr'>annos,</span> <span class='ocrx_word' id='word_1_376' title='bbox 442 2658 631 2688; x_wconf 84' lang='lat' dir='ltr'>vetustate</span> <span class='ocrx_word' id='word_1_377' title='bbox 652 2650 731 2701; x_wconf 87' lang='lat' dir='ltr'>jam</span> <span class='ocrx_word' id='word_1_378' title='bbox 768 2650 1070 2698; x_wconf 81' lang='lat' dir='ltr'>obsolescentes,</span> <span class='ocrx_word' id='word_1_379' title='bbox 1091 2664 1157 2688; x_wconf 90' lang='lat' dir='ltr'>seu</span> <span class='ocrx_word' id='word_1_380' title='bbox 1181 2658 1289 2688; x_wconf 83' lang='lat' dir='ltr'>terrae</span> <span class='ocrx_word' id='word_1_381' title='bbox 1302 2649 1464 2687; x_wconf 87' lang='lat' dir='ltr'>humore</span> <span class='ocrx_word' id='word_1_382' title='bbox 1490 2662 1534 2687; x_wconf 89' lang='lat' dir='ltr'>ac</span> 
     </span>
     <span class='ocr_line' id='line_1_39' title="bbox 81 2708 1532 2762; baseline 0.006 -20"><span class='ocrx_word' id='word_1_383' title='bbox 81 2708 141 2744; x_wconf 86' lang='lat' dir='ltr'>situ</span> <span class='ocrx_word' id='word_1_384' title='bbox 156 2719 278 2758; x_wconf 88' lang='lat' dir='ltr'>putres</span> <span class='ocrx_word' id='word_1_385' title='bbox 291 2741 301 2758; x_wconf 94' lang='lat'>,</span> <span class='ocrx_word' id='word_1_386' title='bbox 320 2726 451 2751; x_wconf 88' lang='lat' dir='ltr'>rursus</span> <span class='ocrx_word' id='word_1_387' title='bbox 466 2714 737 2752; x_wconf 86' lang='lat' dir='ltr'>describendos</span> <span class='ocrx_word' id='word_1_388' title='bbox 755 2723 803 2761; x_wconf 87' lang='lat' dir='ltr'>et,</span> <span class='ocrx_word' id='word_1_389' title='bbox 822 2724 864 2752; x_wconf 87' lang='lat' dir='ltr'>ut</span> <span class='ocrx_word' id='word_1_390' title='bbox 879 2713 1046 2762; x_wconf 80' lang='lat' dir='ltr'>videtur,</span> <span class='ocrx_word' id='word_1_391' title='bbox 1065 2714 1245 2751; x_wconf 78' lang='lat' dir='ltr'>adversus</span> <span class='ocrx_word' id='word_1_392' title='bbox 1259 2714 1378 2752; x_wconf 87' lang='lat' dir='ltr'>simile</span> <span class='ocrx_word' id='word_1_393' title='bbox 1392 2714 1532 2751; x_wconf 90' lang='lat' dir='ltr'>incom-</span> 
     </span>
     <span class='ocr_line' id='line_1_40' title="bbox 83 2772 1530 2826; baseline 0.008 -21"><span class='ocrx_word' id='word_1_394' title='bbox 83 2772 217 2811; x_wconf 90' lang='lat' dir='ltr'>modum</span> <span class='ocrx_word' id='word_1_395' title='bbox 238 2778 542 2826; x_wconf 73' lang='lat' dir='ltr'>prsemuniendos</span> <span class='ocrx_word' id='word_1_396' title='bbox 560 2787 773 2817; x_wconf 82' lang='lat' dir='ltr'>curaverat.</span> <span class='ocrx_word' id='word_1_397' title='bbox 794 2779 948 2817; x_wconf 88' lang='lat' dir='ltr'>Summa</span> <span class='ocrx_word' id='word_1_398' title='bbox 971 2778 1007 2815; x_wconf 90' lang='lat' dir='ltr'>id</span> <span class='ocrx_word' id='word_1_399' title='bbox 1027 2792 1118 2816; x_wconf 84' lang='lat' dir='ltr'>cura</span> <span class='ocrx_word' id='word_1_400' title='bbox 1141 2779 1279 2816; x_wconf 86' lang='lat' dir='ltr'>sactum</span> <span class='ocrx_word' id='word_1_401' title='bbox 1300 2777 1412 2815; x_wconf 85' lang='lat' dir='ltr'>docet</span> <span class='ocrx_word' id='word_1_402' title='bbox 1431 2778 1505 2816; x_wconf 89' lang='lat' dir='ltr'>Dio</span> <span class='ocrx_word' id='word_1_403' title='bbox 1519 2807 1530 2826; x_wconf 90' lang='lat'>‚</span> 
     </span>
     <span class='ocr_line' id='line_1_41' title="bbox 80 2833 1529 2894; baseline 0.001 -17"><span class='ocrx_word' id='word_1_404' title='bbox 80 2833 132 2871; x_wconf 74' lang='lat' dir='ltr'>lib·</span> <span class='ocrx_word' id='word_1_405' title='bbox 150 2836 239 2886; x_wconf 88' lang='lat' dir='ltr'>LlV,</span> <span class='ocrx_word' id='word_1_406' title='bbox 256 2841 277 2890; x_wconf 69' lang='grc'>5</span> <span class='ocrx_word' id='word_1_407' title='bbox 296 2855 355 2890; x_wconf 80' lang='lat'>17,</span> <span class='ocrx_word' id='word_1_408' title='bbox 368 2842 475 2880; x_wconf 89' lang='lat' dir='ltr'>libris</span> <span class='ocrx_word' id='word_1_409' title='bbox 489 2856 625 2894; x_wconf 88' lang='lat' dir='ltr'>nempe</span> <span class='ocrx_word' id='word_1_410' title='bbox 642 2844 723 2894; x_wconf 86' lang='lat' dir='ltr'>ipsa</span> <span class='ocrx_word' id='word_1_411' title='bbox 738 2843 1083 2894; x_wconf 81' lang='lat' dir='ltr'>quindecimvirum</span> <span class='ocrx_word' id='word_1_412' title='bbox 1101 2856 1213 2880; x_wconf 86' lang='lat' dir='ltr'>mauu</span> <span class='ocrx_word' id='word_1_413' title='bbox 1228 2842 1529 2892; x_wconf 84' lang='lat' dir='ltr'>describijussis‚</span> 
     </span>
     <span class='ocr_line' id='line_1_42' title="bbox 84 2902 1529 2958; baseline 0.006 -21"><span class='ocrx_word' id='word_1_414' title='bbox 84 2902 216 2949; x_wconf 78' lang='lat' dir='ltr'>nequis</span> <span class='ocrx_word' id='word_1_415' title='bbox 245 2906 424 2954; x_wconf 81' lang='lat' dir='ltr'>profanus</span> <span class='ocrx_word' id='word_1_416' title='bbox 446 2907 743 2958; x_wconf 81' lang='lat' dir='ltr'>introspiceret:</span> <span class='ocrx_word' id='word_1_417' title='bbox 768 2907 838 2945; x_wconf 74' lang='grc' dir='ltr'>Καὶ</span> <span class='ocrx_word' id='word_1_418' title='bbox 859 2906 900 2945; x_wconf 81' lang='grc' dir='ltr'>τὰ</span> <span class='ocrx_word' id='word_1_419' title='bbox 925 2905 991 2953; x_wconf 83' lang='grc' dir='ltr'>ἔπη</span> <span class='ocrx_word' id='word_1_420' title='bbox 1020 2906 1061 2945; x_wconf 72' lang='grc' dir='ltr'>τὰ</span> <span class='ocrx_word' id='word_1_421' title='bbox 1091 2906 1277 2946; x_wconf 54' lang='lat' dir='ltr'>&gt;laecum</span> <span class='ocrx_word' id='word_1_422' title='bbox 1301 2906 1437 2953; x_wconf 80' lang='grc' dir='ltr'>ἐξίτηλα</span> <span class='ocrx_word' id='word_1_423' title='bbox 1464 2907 1529 2945; x_wconf 82' lang='grc' dir='ltr'>ὑπὸ</span> 
     </span>
    </p>
   </div>
  </div>
 </body>
</html>
