1686 3500
585 138 890 206 Excuizsus
924 160 1000 205 v1.
1101 188 1105 191 -
1127 166 1136 191 .·
1167 175 1169 178 -
1406 164 1528 209 «542

60 264 228 306 utroque
248 256 333 294 loco
348 254 518 303 videtur,
534 255 588 293 uti
603 255 681 304 jam
701 255 793 293 alias
811 254 1092 294 annotavimus.
1111 255 1234 295 Causa
1250 256 1362 295 nobis
1381 257 1436 295 sic
1456 257 1538 308 opi-

62 319 177 359 nandi
206 334 281 358 non
309 332 382 358 una
407 326 489 358 est:
514 316 552 357 1⁰
568 318 673 369 quod
692 317 740 357 ad
768 318 871 357 illam
891 318 1115 358 saeculorum
1136 319 1391 371 prolationem
1421 333 1536 361 nemo

59 395 232 424 veterum
249 387 403 423 Pati-um
421 383 615 430 alluserit3
638 382 684 420 2⁰
701 383 808 434 quod
832 396 876 421 ea
905 383 1015 436 plane
1034 385 1261 423 adversetur
1279 385 1472 428 communi
1492 398 1537 424 ac

58 463 130 502 per
146 463 278 487 omnes
298 448 416 487 libros
430 448 620 487 constanti
636 447 918 498 Sibylli⁵tarum
934 449 1108 499 consilio,
1124 458 1163 487 ut
1182 449 1355 487 homines
1371 463 1393 488 a
1408 450 1537 501 pravis

59 514 231 553 moribus
249 527 293 552 ac
315 513 521 565 praesertim
542 526 563 550 a
588 512 772 550 falsorum
801 511 960 550 deorum
988 513 1093 550 cultu
1116 512 1331 551 deterreant
1353 514 1537 552 venientis

57 581 125 618 irae
156 589 284 626 metu,
308 577 501 632 ἐρχομένης
528 577 683 630 μεγάλης
701 577 827 630 ὀργῆςς
850 579 891 615 30
916 577 1022 628 quod
1042 577 1124 629 ipsa
1153 591 1228 615 vox
1258 577 1314 616 διὰ
1337 576 1471 630 χειρός,
1494 579 1538 616 fi-

57 653 193 696 gurato
213 644 284 682 isto
299 657 413 682 sensu
432 642 605 680 adhibita
623 639 693 694 (διὰ
711 642 825 694 χειρὸς
844 638 1024 693 Παρθένου
1038 655 1110 693 pro
1130 640 1185 680 διὰ
1204 640 1421 696 Παρθένου),
1444 650 1537 680 aeta-

58 718 132 747 tem
152 709 402 746 recentiorem
425 707 569 758 sapiat3
592 705 635 751 4⁰
650 706 755 758 quod
773 706 907 745 similis
923 706 1230 759 interpolationis
1251 708 1338 746 item
1357 707 1393 745 in
1416 707 1537 746 beatae

56 774 224 825 Virginis
261 773 449 811 bonorem
487 772 659 810 admissae
698 772 917 823 exemplum
951 772 1113 810 alterum
1150 772 1362 811 habeamus
1394 772 1462 813 lib.
1498 774 1533 819 1,

56 850 92 877 v.
118 838 208 885 358,
229 851 289 889 sq.
313 836 381 876 ubi
402 845 487 888 post
515 836 686 887 quinque
706 849 825 888 panes
851 844 888 874 et
913 835 990 874 duo
1011 836 1132 888 pisces
1155 837 1192 874 in
1223 837 1374 875 deserto
1401 837 1534 875 inulti-

56 902 171 953 plices
188 903 325 950 sartos,
345 901 555 953 fragmenta
571 900 746 939 ciborum
767 908 1013 938 reservantur
1032 901 1071 939 in
1088 901 1228 940 divinae
1249 901 1379 940 matris
1396 914 1505 939 usum
1524 915 1533 940 ε

636 963 694 1003 Τὰ
715 963 751 1003 δὲ
771 958 918 1016 λείψανα
938 963 1070 1003 τούτων

210 1028 355 1069 Δώδεκα
371 1029 550 1083 πληρώσει
569 1027 726 1082 κοφίνους
744 1028 790 1071 εἷς
813 1026 991 1081 Παρθένον
1007 1028 1127 1082 ἁγνήν,

54 1109 279 1147 quemnam,
299 1108 499 1147 rogamus,
522 1095 561 1132 in
583 1107 713 1143 usum,
734 1093 805 1131 nisi
826 1101 868 1131 ut
885 1093 969 1132 illas
990 1095 1173 1146 reliquias
1201 1094 1337 1134 ceteris
1360 1096 1535 1135 mortali-

53 1162 125 1200 bus
144 1161 348 1200 distribuat
374 1168 505 1199 sancta
526 1160 660 1211 Virg0,
686 1157 769 1197 nati
796 1172 934 1211 nempe
958 1158 1233 1198 beneficiorum
1255 1159 1478 1200 administra
1497 1171 1534 1200 et

53 1229 161 1280 quasi
183 1225 460 1279 dispensatrix?
474 1225 629 1277 Optime
650 1237 752 1271 sane,
768 1224 840 1262 nisi
858 1237 947 1262 vera
962 1224 1076 1263 lectio
1092 1224 1193 1263 libro
1211 1225 1315 1274 VIII,
1335 1226 1437 1265 unde
1455 1227 1535 1265 haec

52 1293 165 1332 ducta
188 1302 293 1340 sunt,
313 1293 461 1343 integra
477 1290 741 1341 remansisset3
766 1290 819 1329 ibi
840 1290 940 1328 enim
962 1291 1112 1342 legitur,
1129 1304 1163 1328 v.
1181 1303 1270 1340 277,
1291 1305 1345 1344 sq.
1363 1310 1372 1333 ς

210 1357 284 1398 Καὶ
301 1357 346 1396 τὰ
361 1354 639 1411 περισσεύσαντα
651 1354 769 1394 λαὸὼν
790 1353 864 1406 ἅμα
882 1354 1073 1407 κλάσματα
1089 1354 1217 1402 πάντα,

210 1423 356 1464 Δώδεκα
374 1421 557 1475 πληρώσει
571 1420 731 1474 κοφίνους
754 1422 800 1464 εἷς
818 1420 944 1459 ἐλπίδα
960 1422 1054 1460 λαῶν
1066 1450 1077 1469 ,

51 1499 88 1529 et
106 1490 161 1529 sic
181 1491 258 1529 fere
275 1490 417 1540 legerat
434 1486 668 1534 Lactantius,
685 1486 757 1525 lios
771 1486 852 1538 ipse
865 1499 999 1524 versus
1015 1499 1036 1525 e
1053 1485 1248 1537 Sibyllinis
1263 1486 1440 1535 afferens,
1461 1486 1534 1525 nisi

50 1556 154 1608 quod
179 1555 314 1594 eodem
335 1567 446 1593 sensu
474 1554 521 1597 εἷς
547 1552 670 1591 ἐλπίδα
692 1553 831 1591 πολλῶν
855 1551 985 1592 habet.
1004 1553 1193 1591 mutatum
1217 1552 1337 1604 igitur
1362 1552 1436 1591 hoc
1460 1552 1532 1591 he·

50 1621 281 1660 mistichium
299 1619 347 1658 ab
365 1619 496 1670 aliquo
515 1618 681 1670 Virginis
700 1618 842 1656 eximio
859 1618 1008 1656 cultore
1026 1626 1171 1656 certum
1187 1626 1264 1666 est3
1285 1632 1396 1669 quem
1417 1618 1531 1657 etiam

49 1687 223 1727 eumdem
257 1700 339 1726 esse
371 1685 546 1725 duorum·
567 1699 685 1737 supra
716 1698 897 1723 versuum
931 1685 1197 1732 confictorem,
1219 1684 1284 1723 vix
1311 1698 1355 1723 ac
1391 1698 1440 1723 ne
1466 1685 1531 1723 vix

49 1753 202 1805 quidem
234 1751 454 1790 dubitamus
476 1764 485 1791 :
511 1759 550 1789 et
568 1751 750 1801 quoniam
777 1749 986 1800 Sibyllinos
1013 1749 1156 1800 libros,
1179 1749 1250 1788 hos
1278 1750 1487 1801 praesertim
1514 1751 1531 1789 1

50 1828 88 1858 et
119 1819 152 1858 ll
166 1847 176 1866 ‚
199 1826 425 1857 retractatos
455 1815 502 1854 ab
521 1815 775 1868 epitomatore
794 1815 953 1863 scimus,
971 1815 1002 1852 is
1022 1814 1134 1852 nobis
1155 1817 1318 1852 maxime
1335 1823 1531 1866 suspectus

49 1892 107 1923 est
134 1883 376 1934 interpolatae
406 1881 529 1921 tribus
560 1881 651 1925 illis,
683 1893 780 1930 quos
801 1878 981 1926 diximus,
1019 1879 1124 1925 locis.
1149 1877 1214 1917 lib.
1241 1879 1273 1929 l,
1296 1879 1331 1918 II
1353 1888 1391 1917 et
1417 1879 1530 1928 vlu,

49 1948 271 1986 honorifica}
290 1947 338 1986 de
354 1946 466 1985 beata
483 1946 640 1996 Virgine
659 1944 876 1983 mentionis.

102 2014 330 2062 Quanquam
346 2020 432 2049 ante
451 2024 510 2057 se,
540 2009 641 2048 dicet
660 2008 820 2060 aliquis,
842 2007 1115 2059 interpolatam
1141 2007 1310 2059 reperire
1333 2016 1526 2061 potuerat.

49 2076 98 2114 Et
119 2075 387 2126 prosectofieri
412 2075 538 2127 potuit
569 2083 612 2112 ut
629 2073 709 2126 jam
745 2081 884 2124 quarto
915 2073 1075 2121 saeculo,
1094 2072 1337 2111 Constantini
1370 2074 1531 2112 sortasse

51 2140 304 2192 temporibus,
323 2154 442 2192 quum
457 2139 710 2178 necessarium
726 2138 928 2176 videretur
942 2137 1075 2176 mundi
1095 2150 1196 2175 nova
1207 2138 1282 2176 sata
1301 2138 1531 2189 auspicantis

50 2207 202 2245 fatalem
223 2206 379 2245 differre
405 2205 527 2253 diem,
547 2203 697 2249 veniret
716 2203 755 2241 in
776 2211 941 2241 mentem
965 2202 1080 2240 alicui
1103 2201 1294 2240 distichon
1315 2203 1389 2241 hoc
1405 2202 1533 2255 Sibyl·

49 2272 136 2310 linis
153 2272 320 2309 inserere
336 2270 384 2308 de
407 2278 553 2322 septem
569 2268 797 2307 saeculorum
815 2267 950 2305 diebus
969 2267 1018 2305 ad
1038 2268 1303 2318 poenitentiam
1325 2268 1532 2316 concessis,

50 2337 146 2374 sicut
172 2336 264 2375 olim
286 2345 432 2387 septem
458 2334 539 2373 dies
565 2342 653 2373 ante
674 2333 861 2372 diluvium
882 2331 1104 2370 hominibus
1132 2332 1342 2371 condonati
1364 2334 1529 2383 fuerant,

50 2401 144 2439 Gen.
171 2413 253 2451 cap.
272 2415 308 2449 7,
328 2413 363 2438 v,
386 2414 446 2438 xo.
466 2399 670 2450 Quumque
700 2406 778 2435 tum
803 2397 968 2436 maxime
995 2398 1120 2435 cultus
1148 2397 1288 2435 divinae
1306 2397 1438 2436 Matris
1460 2411 1531 2450 per

49 2479 180 2504 omnes
210 2466 398 2505 Ecclesias
421 2464 654 2502 invalescere
684 2463 883 2514 coepisset,
910 2461 1006 2499 nibil
1035 2461 1144 2500 valde
1173 2461 1310 2498 mirum
1331 2460 1363 2499 si
1383 2474 1528 2499 novum

48 2530 143 2568 illud
163 2531 236 2568 Dei
255 2530 390 2581 optimi
407 2528 633 2568 beneficium
653 2527 701 2565 ad
716 2527 836 2566 beatae
852 2526 1018 2578 Virginis
1040 2539 1171 2577 preces
1192 2526 1350 2564 relatum
1371 2525 1458 2566 fuit.
1480 2527 1530 2565 Et

50 2596 102 2633 sic
132 2596 222 2633 olim
255 2595 474 2647 putavimus
492 2594 814 2645 scripsimusque3
835 2606 959 2642 neque
990 2591 1028 2629 id
1053 2591 1151 2629 male
1177 2590 1384 2629 convenire
1418 2590 1528 2629 vide-

52 2659 165 2697 batur
178 2673 264 2698 cum
279 2660 323 2697 iis
341 2673 426 2710 quae
441 2659 533 2697 alibi
553 2658 757 2697 observata
780 2657 931 2695 fuerant
947 2655 995 2694 de
1010 2655 1306 2707 interpolatione
1320 2654 1410 2694 libri
1426 2655 1526 2703 VIII,

51 2737 89 2764 v.
119 2724 301 2771 133-136,
330 2737 444 2776 quam
477 2722 609 2762 iisdem
630 2722 872 2761 Constantini
908 2717 1146 2772 temporibus
1175 2720 1313 2758 factam
1344 2720 1527 2772 suspicati

52 2804 192 2829 sumus.
213 2792 322 2830 Nune
346 2803 451 2839 vero,
485 2788 665 2827 attentius
693 2800 882 2840 perpensa
914 2800 974 2838 re,
991 2785 1305 2837 interpolationes
1331 2784 1379 2822 (Ie
1398 2792 1527 2823 sancta

54 2857 205 2908 Virgine
231 2857 419 2895 malumus
447 2855 494 2893 ab
523 2855 668 2894 editore
697 2855 776 2894 sive
804 2854 1053 2905 epitomatore
1083 2859 1190 2891 sexto
1216 2850 1354 2890 saeculo
1376 2850 1526 2889 vivente
