1686 3500
689 234 989 303 Excunsus
1022 258 1080 303 v,
1133 260 1157 272 ’·
1370 255 1378 267 “
1508 257 1597 302 357

135 358 295 400 vicissim
315 356 354 396 in
376 367 523 395 summa
542 349 767 407 naupertate
791 353 999 401 servitura,
1020 367 1058 403 v,
1079 355 1168 403 350,
1184 369 1269 408 sqq.
1288 354 1408 395 Ebria
1435 353 1603 408 quippe,

132 434 171 465 et
186 422 287 473 mille
304 420 431 473 procis
449 419 651 467 distracta,
674 432 792 458 saevas
812 419 976 458 fortunae
992 418 1096 457 vices
1111 419 1294 470 patietur,
1316 433 1354 460 v.
1379 419 1470 468 356,
1489 432 1572 472 sqq.

184 489 281 527 Tum
301 485 457 525 additur
481 483 679 523 oraculum
701 497 770 535 per
788 484 884 522 alios
905 496 1057 534 quoque
1090 481 1212 521 libros
1224 483 1301 522 no'n
1319 484 1433 524 semei
1454 483 1602 524 reditu·

135 567 237 602 rum,
254 552 302 591 de
322 550 415 590 Delo
434 557 474 588 et
491 549 607 588 Samo
625 548 822 601 perituris,
839 561 877 586 v.
899 549 991 596 363,
1010 560 1093 600 sq.:

288 614 419 654 Ἔσται
439 614 499 653 καὶ
516 612 678 665 Σάμος“’
656 628 791 665 αμμος,
813 614 942 651 ἐσεῖται
957 613 1070 660 Δηλος
1088 611 1234 661 ἄδηλος,

133 683 278 735 adjecta
302 679 460 720 Romae
450 679 570 732 ipsius
590 679 725 726 ruina,
745 691 784 719 v.
808 678 912 723 364·

291 743 363 784 Καὶ
381 741 509 794 Ρωμη
529 743 643 797 ῥύμη,

133 819 170 850 et
189 810 375 860 Smyrnae,
395 808 552 859 impune
575 820 718 846 casurae
745 806 888 846 ducum
906 819 1064 846 suorum
1080 806 1209 857 culpa,
1227 818 1263 844 v.
1285 805 1375 853 365,
1393 818 1450 856 sq.
1467 819 1478 845 2

290 872 457 925 Σμύρνης
474 872 505 911 δ’
526 872 731 923 ὄλλυμένης,
751 887 784 912 κ.
804 888 836 915 τ.
859 872 894 911 λ.

184 938 340 979 Mutatis
359 937 488 976 subito
508 936 669 985 fidibus,
689 937 793 976 canit
813 947 932 989 poeta¹
946 938 1147 977 florentem
1175 949 1246 989 pet·
1260 949 1392 976 omnes
1409 936 1508 976 Asiae
1529 936 1607 976 Eu-

134 1017 311 1057 ropaeque
330 1012 460 1054 gentes
476 1003 726 1042 felicissimam
744 1017 874 1055 pacem
888 1031 899 1050 ,
921 1017 957 1044 v.
981 1004 1071 1052 367,
1094 1016 1192 1054 sqq„
1216 1001 1280 1042 sed
1298 1002 1410 1041 finem
1434 1010 1513 1041 tum
1530 1001 1605 1042 ha·

132 1069 294 1108 bitur-am
312 1097 322 1115 ,
355 1080 474 1118 quum
506 1067 731 1106 Macedonia
760 1081 913 1119 gravem
941 1067 1040 1106 Asiae
1071 1066 1215 1105 cladem
1244 1066 1409 1114 inferet,
1446 1080 1484 1107 v.
1513 1066 1605 1118 381,

133 1146 325 1184 quumque
346 1133 513 1183 Europae
537 1133 741 1171 maximum
763 1133 870 1171 ulcus
898 1133 1158 1180 incrudescet,
1178 1145 1216 1171 v.
1239 1133 1330 1182 382,
1358 1145 1427 1183 per
1443 1131 1603 1171 invisam

132 1197 273 1236 scilicet
289 1206 438 1248 gentem
452 1224 461 1241 ,
480 1210 566 1248 quae
588 1197 717 1236 falsam
734 1210 755 1235 a
767 1198 936 1236 Saturno
955 1199 1016 1236 vel
1032 1196 1222 1237 Satur-niis
1238 1205 1386 1248 repetet
1402 1196 1607 1248 originem,

133 1276 249 1314 quum
269 1263 319 1300 sit
337 1262 457 1300 servis
479 1262 644 1300 oriunda
678 1262 746 1315 (sic
764 1271 892 1314 poeta,
914 1276 948 1301 v.
979 1263 1068 1308 383,
1095 1271 1134 1300 et
1162 1275 1233 1300 nos
1263 1261 1311 1300 de
1341 1261 1518 1301 Romanis
1544 1261 1606 1313 agi

134 1336 320 1379 putamus,
341 1326 577 1377 litigantibus
597 1326 643 1365 de
663 1341 754 1365 vero
773 1341 888 1366 sensu
914 1326 1226 1379 interpretibus):
1243 1339 1327 1377 quae
1345 1340 1437 1378 gens
1455 1334 1494 1365 et
1513 1326 1604 1364 olim

135 1392 389 1443 Babylonem
380 1406 500 1443 ips-un
531 1391 724 1430 domitura
744 1392 900 1441 dicitur,
929 1401 967 1431 et
999 1392 1109 1431 terris
1140 1391 1319 1430 omnibus
1348 1391 1603 1444 impet-utura,

134 1457 295 1510 posteris
312 1465 438 1495 tamen
456 1457 658 1508 imperium
678 1471 756 1495 non
772 1458 966 1506 relictura,
987 1472 1023 1498 v.
1043 1458 1118 1495 385
1123 1471 1228 1508 ,.sqq
1383 1500 1387 1505 ¹

183 1521 364 1572 Sequitur
382 1521 694 1560 obscurissimum
716 1522 958 1571 vaticinium,
980 1536 1017 1561 v.
1035 1522 1126 1570 388,
1146 1535 1229 1573 sqq.
1219 1550 1247 1569 .,
1266 1521 1314 1560 de
1329 1535 1418 1574 rege
1436 1523 1473 1572 q
1466 1520 1603 1559 nodam

132 1584 278 1622 erudeli
294 1592 331 1622 et
347 1585 466 1636 impio
480 1585 517 1623 in
534 1585 659 1624 Asiam
678 1595 841 1624 venturo
862 1587 932 1637 (vel
950 1599 996 1624 ex
1016 1585 1125 1634 Asia;
1142 1594 1267 1624 textus
1284 1585 1384 1623 enim
1401 1586 1606 1637 corruptus

133 1647 308 1700 ambages
329 1649 439 1697 facit3
458 1649 566 1700 prior
591 1659 713 1688 tamen
734 1651 847 1689 lectio
862 1651 944 1690 sola
963 1651 1114 1689 videtur
1139 1650 1294 1689 serenda
1308 1680 1319 1699 ‚
1341 1664 1457 1701 quum
1478 1650 1604 1688 statim

133 1713 310 1762 addatur,
331 1714 399 1752 illo
425 1715 619 1762 veniente,
646 1716 773 1755 Asiam
802 1730 952 1755 omnem
970 1717 1199 1755 servituram
1227 1724 1264 1754 et
1284 1716 1467 1768 sanguine
1484 1715 1604 1754 inun-

132 1777 336 1830 daturam),
355 1793 389 1818 v.
410 1780 497 1830 391,
522 1794 579 1832 sq.
600 1781 672 1821 Sed
701 1781 755 1819 illi
770 1781 909 1819 deinde
937 1782 1017 1833 regi
1036 1780 1192 1833 ejusque
1208 1781 1294 1819 filiis
1309 1789 1449 1818 mntuae
1465 1779 1604 1827 caedes,

131 1842 290 1881 obscure
311 1844 419 1893 licet,
437 1845 712 1897 praedicuntur,
740 1846 863 1885 donee
882 1847 1069 1885 exstincta
1098 1845 1179 1897 ejus
1207 1845 1340 1884 sobole
1366 1854 1452 1897 post
1473 1845 1604 1885 decem

133 1921 289 1960 cornua,
308 1908 347 1947 id
364 1918 434 1959 est,
456 1910 614 1949 totidem
635 1911 928 1961 generationes,
953 1910 1056 1949 aliud
1078 1923 1216 1960 cornu,
1233 1909 1272 1947 id
1300 1918 1368 1957 est,
1396 1910 1469 1948 alia
1485 1923 1603 1961 gene-

134 1973 228 2011 ratio
255 1986 319 2011 seu
345 1988 414 2012 rex
441 1988 565 2013 novus
593 1985 827 2024 succrescat,
847 1990 882 2014 v.
905 1981 993 2019 4οο.
1014 1974 1200 2026 Ambigua
1221 1975 1349 2013 omnia
1375 1983 1414 2012 et
1433 1974 1600 2026 prophe-

136 2037 213 2075 ticis
227 2037 396 2076 involuta
427 2039 617 2087 tenebris,
640 2040 678 2078 in
701 2040 842 2092 quibus
863 2040 910 2079 ad
927 2054 1055 2079 veram
1078 2047 1202 2092 poetae
1222 2048 1385 2078 mentem
1402 2052 1604 2091 assequen-

134 2101 216 2140 dam
236 2103 333 2141 infra
361 2104 589 2155 conjecturis
608 2105 828 2144 enitendum
852 2106 935 2144 erit.

181 2167 326 2206 Ciarius
346 2176 403 2207 est
425 2168 574 2220 verbis,
599 2183 817 2221 quanquam
837 2184 878 2208 re
899 2170 1098 2216 incertum,
1119 2169 1214 2208 iliud
1236 2168 1339 2221 quod
1359 2169 1531 2221 sequitur
1548 2168 1596 2208 de

133 2239 234 2270 motu
264 2240 375 2271 terrae
402 2233 441 2271 in
483 2234 651 2286 Phrygia
670 2234 896 2273 Antandron
930 2234 1062 2273 urbem
1092 2247 1274 2273 eversuro
1295 2262 1305 2278 ,
1327 2247 1366 2273 v.
1387 2241 1594 2287 40¹,sqq.;

133 2295 195 2345 qui
216 2304 339 2334 motus
370 2296 551 2336 AEneadis
580 2298 773 2348 (Romanis
800 2298 986 2352 videlicet)
1010 2298 1235 2350 praesagium
1256 2298 1458 2336 discordiae
1482 2297 1603 2336 civilis

133 2358 312 2397 allaturus
332 2359 399 2407 sit,
419 2372 454 2398 v.
476 2365 566 2410 410,
584 2374 667 2412 sqq.

182 2423 276 2460 Hinc
296 2423 474 2474 procedit
501 2425 699 2463 oraculum
727 2425 839 2476 longe
867 2424 1184 2472 celeberrimum,
1205 2424 1363 2476 jamque
1383 2423 1598 2462 nobis'tra-

133 2495 269 2524 etatum
285 2488 324 2526 in
343 2489 434 2527 Exc.
453 2492 470 2527 1
487 2497 525 2527 et
541 2492 593 2538 11,
609 2488 657 2527 de
674 2489 814 2528 Heiena
833 2490 989 2540 'frojam
1007 2497 1168 2527 ventura
1183 2489 1219 2526 in
1238 2489 1320 2540 ejus
1338 2487 1445 2528 urbis
1464 2489 1609 2540 pet-aig

133 2550 244 2598 ciem,
263 2565 300 2592 v.
327 2558 417 2600 414,
437 2567 534 2605 sqq„
555 2553 679 2605 deque
703 2556 870 2593 Homero
890 2553 1085 2592 mendacia
1102 2554 1293 2605 scripturo
1308 2582 1318 2602 ,
1340 2566 1379 2593 v.
1403 2558 1493 2604 419,
1511 2558 1595 2605 sqq.

182 2615 385 2655 Adduntur
405 2617 620 2662 commixtae
641 2625 755 2668 atque
781 2619 950 2655 confusae
975 2618 1267 2656 vaticinationes
1288 2616 1334 2655 de
1355 2616 1513 2656 urbibus
1529 2625 1594 2655 aut

133 2677 259 2717 insulis
281 2690 346 2719 aut
365 2681 476 2719 terris
497 2681 648 2719 diversa
669 2682 764 2719 mala
793 2682 974 2733 passuris,
997 2695 1031 2720 v.
1065 2682 1157 2726 433-
1162 2681 1251 2728 463.

181 2745 344 2793 Rursus,
370 2759 404 2784 v.
426 2747 514 2791 464,
537 2759 622 2797 sqq.
613 2775 638 2794 .‚
660 2746 774 2785 ltaliae
793 2745 893 2784 bella
912 2745 1036 2784 civilia
1056 2744 1359 2797 portenduntur,
1377 2729 1492 2796 utque
1507 2745 1594 2784 in'de
1632 2768 1638 2774 -

133 2808 255 2846 sutura
272 2810 468 2860 pernicies.

182 2872 277 2911 Hinc
298 2873 394 2912 alius
412 2874 460 2912 ab
477 2874 585 2913 Italia
601 2875 661 2912 vir
675 2876 912 2925 perniciosus
929 2884 1127 2928 erumpet,
1144 2890 1180 2914 v.
1198 2881 1295 2923 47ος
1313 2874 1377 2914 sed
1397 2874 1483 2926 quis
1501 2874 1591 2921 iue‘,

130 2944 165 2973 et
184 2950 275 2987 quas
287 2951 346 2977 res
366 2947 558 2991 gesturus,
579 2953 655 2978 non
669 2939 874 2978 indicatur.
892 2940 1068 2991 Reliqua,
1085 2940 1163 2991 jam
1184 2953 1204 2978 a
1224 2953 1337 2978 versu
1357 2946 1444 2987 471,
1462 2950 1595 2977 rursus
