1686 3500
163 132 256 178 seo
426 102 428 104 ’
548 131 628 175 an
661 129 1009 176 smYfflNos
1042 131 1250 177 Lissaos

160 229 365 280 diligenter
387 234 567 279 excerpta
587 227 675 272 sint,
694 227 829 276 electa,
856 236 1073 280 repurgata,
1097 236 1211 280 atque
1230 229 1270 266 in
1289 241 1401 275 usum
1413 231 1626 281 juventutis

159 291 447 331 accommodata
464 291 604 331 veteris
624 300 747 343 poetae
766 301 972 344 praecepta,
993 293 1074 332 sive
1090 292 1201 331 labor
1216 293 1282 331 ille
1298 293 1441 333 Judaeis
1459 295 1626 346 primum

158 355 441 403 Alexandrinis,
465 355 544 394 sive
559 355 784 396 Christianis
806 356 1031 395 tribuendus
1058 365 1130 404 est,
1148 357 1280 408 utique
1293 370 1315 395 a
1332 357 1544 397 christiano
1563 360 1626 399 Si-

140 418 311 470 ·byllista
332 427 559 458 retractatus
579 428 617 457 ct
644 419 682 457 in
718 433 828 458 usum
858 421 918 459 sui
940 420 1118 459 carminis
1151 433 1296 460 versus.
1327 422 1450 468 Quam
1473 422 1623 461 laudem

156 483 304 522 etiamsi
317 483 351 522 ei
373 483 526 522 demere
539 483 643 531 velis,
656 492 693 522 at
711 484 800 523 vide
821 493 966 537 postea,
985 497 1020 522 v.
1037 485 1125 533 256,
1147 497 1250 536 sqq„
1266 494 1361 536 quot
1376 494 1414 524 et
1433 486 1576 537 quibus
1604 499 1625 524 a

155 548 259 586 vitiis
278 548 438 586 lectores
466 561 554 586 suos
588 548 780 588 deterreat
804 549 1002 600 proposito
1029 561 1225 599 poenarum
1246 558 1474 588 aeternarum
1500 560 1623 599 metu3

154 625 270 663 quam
292 613 468 651 carminis
488 621 638 664 partem
668 613 911 665 Pliocylideis
930 613 1132 664 praereptis
1161 626 1276 665 supra
1298 614 1423 653 citatis
1444 623 1624 667 tanquam

152 690 200 716 ex
222 678 403 729 opposito
423 676 654 729 respondere
667 676 754 729 jure
769 677 922 726 dixeris,
943 685 982 716 et
1001 676 1227 727 Sibyllinam
1251 691 1401 717 morum
1429 680 1622 732 complere

152 741 405 793 disciplinam.

205 806 322 846 Simul
351 815 476 844 tamen
494 818 544 843 ex
562 805 618 843 his
640 804 873 844 carminibus
900 805 995 843 disci
1018 813 1158 857 potest,
1176 806 1270 858 quid
1283 806 1361 858 jam
1385 807 1456 845 illis
1477 816 1624 860 tempo-

152 870 279 917 ribus,
306 870 420 908 tertio
445 883 582 922 nempe
600 870 761 917 saeculo,
793 870 951 922 infringi
972 883 1015 908 ac
1048 870 1179 908 vitium
1209 884 1346 909 sonare
1379 873 1554 923 coepisset
1582 873 1620 910 in

144 934 450 974 Christianorum
473 942 534 982 et,
555 933 659 986 quod
681 935 800 985 magis
832 934 994 985 mireris,
1024 934 1144 986 ipsius
1167 934 1259 973 cleri
1295 935 1467 974 moribus
1482 965 1492 983 ,
1524 949 1623 987 quos

148 998 291 1038 alicubi
309 999 428 1037 taxari
446 998 616 1037 videmus
635 999 820 1046 versutiae,
844 998 1037 1050 injustitiae
1071 1009 1109 1036 et
1138 998 1367 1051 turpissimae
1396 999 1621 1053 ὑποκρίσεως,

147 1078 287 1116 nempe
306 1064 345 1102 in
364 1077 410 1102 eo
426 1065 510 1115 ipso
524 1063 624 1101 libro
643 1065 690 1110 11,
714 1077 751 1104 v.
772 1065 861 1110 264,
879 1077 961 1115 sqq.
979 1078 988 1102 ε

304 1130 382 1169 ’116'
398 1128 519 1168 ὁπόσοι
540 1128 663 1171 δολίοις
682 1128 741 1167 καὶ
758 1128 932 1167 ἀναιδέσιν
954 1127 1242 1182 ἀμφιπροσώποις

307 1192 558 1246 Πρεσὸύτεροι,
578 1194 717 1245 γεραροί
735 1207 772 1231 τε
793 1193 948 1239 διήκονες
972 1193 1189 1247 εἰσορόωσιν,

301 1258 487 1309 Αἷδόμενοι
504 1256 670 1310 κρίνουσ”,
684 1257 810 1300 ἀδίκως
824 1256 970 1309 ἑτέροισι
985 1262 1175 1306 ποιοῦντες,

301 1325 346 1364 Ψ
349 1322 555 1373 ευδαπᾶται,
576 1321 963 1376 φήμῃσιπεπειομὲνοι,
983 1321 1090 1375 αὐτὰρ
1109 1322 1219 1367 ἐόντες

298 1387 510 1442 Παρὸαλίων
529 1402 567 1425 τε
586 1386 698 1424 λύκων
719 1386 750 1424 τ’
767 1386 963 1439 ὄλοώτεροι,
979 1386 1041 1433 ἠδὲ
1057 1385 1229 1428 κάκιστοι.

142 1455 268 1502 Quam
294 1453 456 1505 effigiem
481 1451 676 1490 coloribus
701 1464 810 1502 aequo
843 1450 1065 1489 teti-ioribus
1085 1451 1115 1489 si
1137 1452 1223 1503 quis
1241 1451 1504 1493 adumbratam
1535 1467 1616 1493 esse

143 1527 273 1570 putat,
291 1526 356 1555 aut
383 1529 592 1568 paucorum
621 1515 711 1553 vitia
740 1515 892 1554 incaute
917 1516 977 1553 vel
1007 1516 1170 1567 maligne
1200 1516 1248 1555 ad
1278 1517 1406 1568 plures
1441 1519 1613 1565 traduci;

141 1583 362 1620 conseratur
392 1579 444 1627 id,
465 1578 576 1617 nobis
603 1579 680 1629 jam
707 1579 797 1616 olim
820 1578 1084 1627 suadentibus,
1104 1580 1142 1617 in
1172 1580 1344 1619 dolorem
1363 1581 1528 1632 aliquem
1543 1596 1612 1620 oc-

140 1646 285 1684 cultum
311 1659 355 1683 ac
378 1644 550 1682 vivacem
584 1642 751 1681 hominis
784 1642 981 1681 christiani
1001 1643 1156 1694 quidem
1182 1652 1219 1682 et
1240 1644 1337 1683 bene
1367 1645 1516 1693 morati,
1537 1646 1616 1684 for-

100 1694 104 1699 *
140 1722 238 1749 tasse
258 1719 381 1749 tamen
406 1722 484 1747 non
512 1708 559 1746 de
587 1707 766 1746 omnibus
782 1708 870 1746 fidei
893 1708 1080 1759 dogmatis
1100 1718 1203 1747 recte
1227 1710 1384 1748 omnino
1401 1711 1611 1759 sentientis,

138 1775 203 1827 qui
224 1774 343 1813 ideoa
359 1774 464 1813 clero
492 1772 712 1812 orthodoxo
732 1773 988 1825 reprehensus
1007 1774 1291 1826 castigatusque
1306 1774 1453 1814 suisset.
1474 1775 1613 1827 Orige-

137 1840 273 1878 nistam
292 1838 381 1877 libri
413 1838 527 1889 hujus
559 1846 757 1876 auctorem
786 1838 901 1876 fuisse
933 1839 1227 1877 monstravimus
1257 1852 1398 1891 supra,
1419 1853 1507 1891 cap.
1533 1841 1580 1878 26
1602 1855 1612 1881 ε

135 1902 424 1953 notandumque
443 1900 577 1940 eodem
598 1901 677 1939 sere
696 1900 813 1939 modo
832 1900 1062 1952 easdemque
1089 1902 1265 1941 videlicet
1283 1902 1334 1942 ob
1357 1917 1490 1942 causas
1521 1904 1613 1944 Ori-

136 1979 269 2018 genem
291 1966 330 2004 in
354 1965 565 2018 Zephyrini
586 1973 624 2004 et
644 1965 787 2005 Callisti
807 1966 1031 2016 pontificum
1065 1980 1191 2006 mores
1218 1967 1395 2007 acerbius
1417 1969 1609 2008 invectum

136 2045 239 2079 esse,
273 2030 632 2082 Philosophumen..
664 2029 732 2070 lib.
765 2029 828 2068 lx.
863 2030 940 2069 Nec
971 2031 1129 2083 Origeni
1152 2031 1273 2083 igitur
1306 2046 1378 2071 nec
1408 2033 1614 2084 Sibyllistae

133 2095 181 2134 ‹le
201 2096 282 2133 istis
303 2095 417 2133 rebus
434 2094 551 2132 nimia
573 2093 664 2133 fides
686 2094 887 2133 tribuenda
909 2104 978 2133 est.
996 2095 1058 2150 Sic
1076 2105 1176 2135 erret
1195 2098 1371 2149 profecto
1390 2106 1429 2136 et
1450 2099 1610 2136 multum

134 2169 234 2200 erret
254 2161 320 2212 qui
350 2168 549 2211 pastorum
569 2159 869 2199 christianorum
887 2174 1010 2198 mores
1028 2162 1152 2212 primo
1173 2163 1310 2200 saeculo
1336 2162 1534 2201 desinente
1551 2164 1610 2201 vel

133 2225 303 2263 secundo
328 2224 535 2275 incipiente
564 2224 778 2272 dijudicare
802 2224 896 2262 velit
923 2237 968 2262 ex
995 2225 1123 2264 nimiis
1148 2225 1494 2271 obtrectationibus
1512 2240 1611 2278 apo·
1636 2254 1641 2258 -

134 2289 269 2341 cryphi
286 2288 376 2327 libri
390 2288 461 2327 sub
475 2289 539 2326 illa
556 2297 725 2340 tempora
736 2289 885 2341 scri'pti,
904 2289 1013 2340 cnjus
1030 2303 1168 2329 nomen
1185 2291 1262 2342 jam
1282 2305 1302 2329 a
1322 2291 1434 2329 nobis
1451 2292 1607 2330 citatum

133 2362 216 2403 est,
247 2354 352 2393 Isaiae
381 2353 640 2402 Anabaticon,
659 2367 742 2405 cap.
765 2355 802 2402 3,
821 2367 856 2393 v.
877 2368 946 2399 21.
969 2368 1075 2406 sqq.;
1101 2364 1168 2394 aut
1189 2356 1219 2394 si
1244 2356 1338 2408 quid
1366 2357 1405 2394 in
1431 2357 1490 2403 iis,
1523 2371 1609 2408 quae

128 2418 209 2469 jam
230 2426 309 2456 tum
331 2419 435 2456 clero
457 2417 771 2469 imputabantur,
806 2432 940 2456 verum
965 2419 1124 2458 infuisse
1153 2421 1348 2459 fatendum
1373 2430 1444 2469 est,
1470 2423 1607 2460 memi-

133 2483 235 2520 neris
253 2482 376 2520 labem
405 2482 505 2520 lianc
531 2496 612 2521 esse
642 2496 720 2520 non
752 2482 968 2521 christianae
988 2483 1224 2535 disciplinae,
1253 2485 1320 2523 sed
1341 2485 1516 2524 humanae
1535 2500 1606 2525 na-

134 2555 249 2594 tnrae,
283 2547 481 2597 praevisam
502 2546 733 2598 jampridem
768 2547 1137 2599 sapientissimisque
1170 2558 1321 2588 cautam
1361 2551 1560 2602 praeceptis
1583 2565 1605 2589 a

132 2611 225 2649 divo
242 2611 371 2658 Petro,
388 2611 499 2662 epist.
519 2612 549 2657 Ι,
566 2625 600 2649 c.
620 2611 664 2662 5,
683 2625 718 2651 v.
739 2624 783 2658 α,
801 2625 858 2663 sq.
876 2627 885 2649 x
905 2630 921 2647 α
937 2612 1087 2650 Pascite
1101 2612 1169 2663 qui
1188 2612 1226 2650 in
1245 2613 1356 2652 vobis
1374 2622 1430 2652 est
1452 2627 1602 2665 gregem

132 2691 148 2706 σι
168 2673 256 2722 Dei,
275 2685 399 2723 neque
416 2674 538 2724 turpis
556 2673 651 2711 lucri
667 2675 827 2724 gratia...
842 2688 966 2725 neque
987 2683 1026 2712 ut
1043 2674 1283 2714 dominantes
1297 2677 1335 2714 in
1352 2678 1480 2727 cleris,
1494 2686 1567 2718 etc.
1586 2696 1602 2711 ι·

185 2737 268 2775 Non
293 2736 416 2774 minus
437 2746 546 2775 caute
563 2738 783 2789 accipienda
807 2752 1005 2777 censemus
1032 2753 1116 2790 quae
1139 2741 1328 2791 leguntur,
1361 2742 1514 2794 pariter,
1535 2742 1600 2781 sed

131 2801 345 2850 obliquius,
367 2801 404 2839 in
430 2802 572 2840 clerum
593 2802 852 2842 orthodoxum
874 2803 1058 2854 conjecta,
1074 2804 1140 2844 lib.
1165 2806 1244 2853 vn,
1260 2820 1296 2843 v.
1324 2808 1411 2854 132,
1434 2820 1518 2858 sqq.
1537 2823 1546 2845 τ
