1752 3495
254 167 344 214 192
414 158 417 159 ⁷
635 165 716 211 AD
750 163 1089 212 SlBYLLINOS
1123 164 1337 210 LIBROS
1392 219 1397 224 .

631 291 738 332 cAP.
768 291 829 330 ix.
868 294 925 329 De
951 293 1104 341 couegso
1122 290 1318 331 memte.

301 407 571 461 Absolutajam
586 407 773 447 librorum
785 407 1059 459 Sibyllinorum
1074 407 1249 459 historia,
1259 421 1413 447 necesse
1426 416 1483 446 est
1497 409 1545 448 de
1562 415 1708 469 collegio

248 474 444 522 XVvit-ali,
461 473 632 525 ipsorum
649 473 831 511 custodiae
848 473 1012 523 satisque
1032 472 1405 524 pi·aeposito,eaquae
1424 475 1581 523 sparsim
1596 479 1707 522 adhuc

247 537 448 589 obiterque
469 537 571 576 dicta
592 547 699 584 sunt,
717 536 908 587 colligere,
937 549 1149 584 resumere,
1168 545 1206 574 et
1225 537 1256 574 si
1276 536 1369 586 quid
1392 536 1511 575 defuit
1530 539 1580 577 illi
1601 548 1706 595 parti,

246 603 438 654 supplere.
456 605 541 650 Qua
560 602 598 640 in
615 602 687 640 tela
701 601 885 640 ordienda
904 601 1044 638 utinam
1061 611 1199 652 praesto
1219 600 1330 638 nobis
1347 610 1485 648 essent,
1500 594 1586 653 quae‘
1600 608 1704 648 Van-0

245 670 292 705 cle
315 670 478 705 XVviris
494 669 534 707 S.
554 670 595 705 F.
621 666 813 717 scripsisse
831 665 947 703 fertur
964 666 1000 703 in
1022 665 1128 704 libris
1147 680 1265 704 rerum
1287 668 1493 705 diuinarum
1513 672 1566 706 ad
1587 673 1703 711 Cwsa-

245 746 336 774 rem,
364 740 430 769 aut
447 744 530 782 quae
546 730 754 769 Fenestella
774 727 941 780 ejusdcm
968 730 1151 781 temporis
1169 730 1347 781 scriptor,
1363 731 1499 769 citatus
1525 743 1672 787 uterque
1686 756 1702 778 a

250 796 460 842 Lactantio,
494 794 557 832 lib.
583 795 611 839 Ι,
643 807 726 844 cap.
753 794 788 830 6.
810 795 1037 844 Quanquam
1058 807 1104 831 ex
1126 794 1170 831 iis
1194 794 1286 844 ipsis
1307 794 1528 832 auctoribus
1551 809 1701 839 manasse

246 861 429 913 pleraque
459 867 604 897 certum
635 867 705 903 est,
726 871 807 908 quae
827 857 874 895 de
894 857 966 895 hoc
986 867 1209 909 argumento
1231 874 1250 896 c
1275 858 1460 910 Dionysio
1481 860 1596 899 ilalic.
1617 864 1701 903 aliis-

245 938 322 976 que
341 924 398 962 vel
417 923 614 961 attulimus
629 922 706 973 jam
731 923 789 960 vel
809 922 1024 962 asseremus.
1056 922 1132 960 Nec
1162 923 1210 960 dc
1230 922 1349 961 initiis
1380 922 1493 974 hujus
1518 927 1699 967 sacerdotii

244 990 364 1027 multa
385 995 498 1025 erunt
525 986 700 1025 addenda
722 987 767 1024 iis
788 1000 873 1038 quae
892 986 993 1024 dicta
1023 995 1111 1024 sunt
1146 1000 1274 1038 supra,
1293 1000 1378 1038 cap.
1417 993 1454 1032 l..
1482 987 1641 1028 Tantum
1665 1006 1700 1031 ea

245 1054 375 1105 paucis
397 1052 540 1090 referre
557 1065 709 1090 necesse
725 1059 790 1089 est.

297 1116 467 1155 Vidimus
494 1116 679 1154 hactenus
699 1124 868 1154 creatum
895 1115 967 1153 boc
991 1116 1106 1154 fuisse
1135 1115 1343 1167 collegium·
1365 1129 1387 1155 a
1403 1115 1611 1167 Tarquinio
1635 1120 1698 1159 Su-

245 1180 386 1234 perbo,
407 1179 472 1218 sed
493 1179 642 1218 modico
663 1179 826 1230 primum
849 1193 1021 1225 numero,
1039 1179 1205 1218 (luorum
1223 1193 1361 1231 nempe
1377 1180 1560 1219 virorum.

295 1243 519 1284 Notavimus
539 1244 652 1281 ctiam
673 1242 788 1281 fuisse
815 1243 991 1282 custodes
1011 1243 1097 1281 illos
1118 1244 1259 1282 electos
1280 1258 1300 1282 e
1320 1245 1633 1295 praestantissimis
1650 1250 1696 1286 ci-

243 1309 386 1358 vitatis,
407 1316 447 1345 nt
460 1307 511 1345 ait
524 1307 729 1357 Dionysius
749 1307 1070 1353 Halicarnasseus,
1090 1310 1158 1346 τῶν
1177 1309 1290 1347 ἀστῶν
1307 1309 1432 1362 ἄνδρας
1454 1310 1624 1361 ἐπιφανεῖς
1639 1311 1696 1359 δύο,

243 1374 337 1418 imo,
363 1373 394 1411 si
423 1373 581 1411 zonarae
610 1372 724 1419 lidcs,
751 1385 771 1410 e
797 1372 1055 1419 senatoribus,
1079 1374 1278 1424 βουλευταῖς
1299 1373 1456 1425 ἀνδράσι.
1483 1374 1594 1420 Quod
1622 1389 1696 1414 vero

242 1440 398 1478 Tzetzcs
419 1437 580 1485 videtur,
600 1436 647 1474 ad
671 1436 864 1488 Lyeoplir.
884 1451 918 1475 v.
942 1439 1055 1486 1278,
1085 1451 1204 1475 unum
1234 1438 1498 1476 tantummodo
1520 1439 1696 1490 designare

242 1503 538 1553 custodcm,cui
560 1503 606 1540 sit
631 1516 755 1540 causae
776 1502 1054 1553 imputandum,
1076 1503 1278 1548 nesciinus,
1304 1503 1376 1541 nisi
1396 1503 1508 1540 unius
1528 1517 1547 1540 e
1567 1503 1696 1543 duobus

241 1567 300 1606 Μ.“
313 1567 419 1606 Atilii
448 1567 653 1617 vulgatiori
674 1566 803 1615 samae3
826 1568 872 1605 de
895 1566 1004 1617 cujus
1025 1567 1137 1605 ctiam
1160 1567 1379 1619 proditione
1402 1576 1437 1605 ct
1457 1581 1567 1619 poena
1585 1569 1697 1607 consei-

243 1645 358 1682 supra
379 1631 480 1668 dicta
495 1660 505 1678 ‚
527 1644 611 1682 cap.
633 1637 671 1676 [μ

296 1694 462 1747 Regibus
485 1695 624 1733 deinde
655 1696 819 1742 exactis,
842 1704 991 1734 constat
1021 1697 1203 1734 mansisse
1238 1696 1463 1735 duumviros
1494 1697 1692 1748 aliquandiu

243 1761 420 1809 totidem,
450 1762 670 1812 pariterque.
697 1775 717 1799 c
746 1761 992 1799 nobilissimis
1024 1762 1170 1809 lectos,
1196 1764 1300 1815 sive,
1338 1772 1379 1801 ut
1410 1764 1524 1801 modo
1548 1764 1694 1802 Zonaras

241 1826 381 1873 aiebat,
399 1839 420 1864 e
437 1825 691 1873 senatoribus,
713 1838 778 1863 seu
798 1826 944 1871 saltem,
958 1841 978 1864 e
994 1826 1175 1877 patriciis,
1194 1835 1235 1865 ut
1255 1827 1389 1865 Servio
1405 1828 1524 1865 visum
1550 1828 1595 1865 ad
1615 1828 1691 1865 illud

240 1889 326 1930 AEn.
350 1890 422 1937 Vl,
443 1903 478 1928 ν.
502 1892 549 1937 7‘3
572 1904 579 1926 :
597 1906 612 1923 α
631 1891 838 1940 Lectosque
869 1890 1055 1941 sacrabo,
1076 1891 1208 1941 Alma,
1236 1892 1340 1929 viros
1355 1922 1365 1940 ,
1383 1909 1398 1925 υ
1416 1892 1481 1930 ubi
1500 1893 1692 1944 interpres:

240 1971 255 1987 u
278 1954 378 2000 Quia
396 1954 466 1992 nisi
484 1954 634 2005 patricii
654 1962 733 1992 tum
756 1953 911 1995 fiebant.
936 1972 952 1988 »ο

291 2018 364 2057 sed
387 2027 474 2070 post
494 2017 655 2065 bellum,
680 2027 722 2056 ut
750 2019 941 2067 diximus,
971 2019 1180 2066 Gallicum,
1206 2019 1370 2058 tribunis
1389 2020 1570 2060 adversus
1597 2035 1691 2058 omne

239 2085 439 2136 patricium
455 2083 520 2134 jus
542 2083 846 2134 insurgentibus,
870 2085 1042 2136 interque
1060 2085 1131 2123 alia
1151 2085 1378 2137 rogantibus
1399 2087 1454 2124 uti
1478 2101 1547 2138 pro
1570 2087 1690 2124 dimm-

237 2149 330 2187 viris
354 2148 559 2187 decemviri
580 2149 714 2187 fierent
737 2158 888 2200 aequato
915 2149 1017 2188 inter
1043 2150 1199 2188 ordines
1217 2151 1387 2200 honore,
1425 2152 1504 2191 Tit.
1533 2151 1612 2190 Liv.
1634 2151 1690 2196 vl,

235 2213 258 2263 S
288 2214 334 2261 37
349 2243 358 2261 ,
381 2213 527 2264 perlata
555 2214 638 2261 lex,
660 2226 762 2251 anno
790 2222 873 2264 post
894 2213 1029 2252 urbcin
1052 2215 1244 2253 conditam
1268 2229 1498 2254 ccciixxxvu
1513 2245 1522 2263 ,
1558 2215 1690 2253 eodeni-

236 2292 310 2329 que
328 2292 429 2316 anno
450 2279 593 2317 «creati
614 2279 785 2329 quinque
803 2281 981 2327 Patrum,
999 2281 1171 2332 quinque
1192 2280 1329 2333 plebis,
1346 2300 1361 2315 n
1380 2282 1476 2321 ibid.
1500 2283 1520 2333 §
1540 2288 1600 2328 42.

288 2343 388 2382 Nihil
411 2342 548 2381 deinde
570 2351 756 2381 mutatum
782 2358 901 2395 usquc
923 2345 971 2382 ad
991 2345 1146 2396 Syllana
1177 2356 1371 2398 tempora,
1398 2356 1478 2384 [um
1509 2359 1618 2397 (pium
1640 2343 1690 2381 di-

234 2415 360 2445 ctator
372 2421 557 2459 augurum
576 2409 893 2459 sacerdotumque
902 2409 1062 2460 collegia
1074 2409 1324 2448 adecemviris
1339 2411 1386 2448 ad
1401 2411 1569 2449 XVviros
1585 2409 1688 2454 auxit,

235 2481 327 2511 teste
347 2473 444 2512 Livii
458 2474 712 2524 epitomatore
728 2475 990 2525 supracitato,
1009 2488 1092 2525 cap.
1116 2476 1152 2521 5,
1169 2475 1269 2514 unde
1291 2476 1427 2513 merito
1448 2474 1689 2526 colligitnrpa-

234 2537 326 2575 riter
343 2547 476 2575 auctos
497 2547 575 2576 tum
598 2539 711 2576 fuisse
723 2538 962 2577 decemviros
981 2553 1150 2590 quoqne,
1173 2540 1439 2580 sacerdotibus
1456 2551 1687 2578 annumeran-

235 2602 325 2650 dos;
342 2603 457 2654 idque
477 2604 546 2642 etsi
568 2617 679 2642 nemo
695 2614 826 2656 aperte
840 2605 1007 2656 scripsit,
1024 2606 1182 2644 Servius
1198 2615 1322 2644 tamen
1342 2606 1467 2643 innuit
1483 2605 1529 2643 ad
1541 2602 1686 2648 AEnff‘r'l,

234 2680 272 2705 v.
309 2668 356 2715 73
376 2682 384 2705 :
404 2685 419 2701 ει
435 2668 639 2707 Sciendum
655 2702 665 2717 ,
701 2670 774 2718 ait,
799 2670 963 2721 primum
1002 2670 1100 2708 duos
1132 2670 1320 2708 librorum
1355 2671 1470 2709 fuisse
1505 2667 1686 2711 custodes,

234 2749 249 2764 n
265 2731 355 2769 inde
372 2731 523 2778 decem,
545 2732 630 2770 indc
651 2733 870 2784 quindecim
894 2735 941 2772 ad
962 2736 1115 2785 Syllana
1130 2743 1302 2786 tempora
1317 2767 1326 2782 ,
1344 2754 1358 2769 υ
1378 2736 1441 2774 ubi
1462 2738 1560 2773 recte
1579 2734 1687 2784 legen-

231 2795 321 2833 dnm
345 2805 564 2847 proponunt
592 2797 663 2835 viri
684 2797 955 2837 docti:«lndc
986 2800 1114 2838 decem
1144 2801 1189 2838 ad
1210 2801 1362 2851 Syllana
1392 2810 1582 2852 tempora,
1613 2795 1686 2834 inde

230 2878 244 2893 n
265 2859 500 2911 quindecim.
523 2878 536 2894 υ
560 2861 668 2900 Certe
689 2862 753 2913 qui
779 2871 890 2901 antea
914 2863 1132 2911 decemviri,
1155 2873 1238 2916 post
1257 2865 1398 2916 Syllam
1414 2857 1684 2915 quiindccinwiri
