1752 3495
195 207 253 251 34
564 205 645 249 AD
680 205 1027 254 SIssYLLlNOS
1060 207 1267 252 LIBROS

189 352 284 391 CAP
305 350 368 392 IV.
396 352 453 388 De
469 352 622 400 sibyllis
645 353 869 403 Colophonia
879 380 892 399 ‚
909 357 1040 394 Samia
1048 382 1062 401 ,
1078 355 1264 392 Sardlana
1276 382 1289 404 ‚
1310 355 1466 402 Rhodia,
1484 366 1521 394 ee
1531 357 1650 396 obiter

706 419 751 453 de
771 419 960 456 Deliorum
985 418 1134 467 Sibylla.
1419 442 1421 445 v

237 554 444 594 Pausanias
464 566 587 602 suam,
606 562 649 591 ut
675 553 840 592 diximus
853 584 865 602 ‚
890 556 1136 607 Marpessiam
1153 569 1221 594 seu
1243 556 1372 595 verius
1393 558 1646 597 Mermessiam

182 618 390 670 Sibyllam,
411 632 494 670 quae
523 618 605 655 aliis
631 618 825 668 Erythraea
856 627 938 665 est,
960 629 1002 658 ut
1031 619 1203 659 eamdem
1223 634 1299 659 non
1334 634 1420 659 cum
1451 621 1646 672 Erythra‘a

183 693 352 731 tantum,
370 683 435 722 sed
450 682 563 721 etiam
576 695 661 720 cum
676 682 758 720 aliis
778 682 879 720 haud
895 683 1154 723 incelebribus
1169 685 1327 729 faceret,
1347 699 1415 736 per
1429 686 1526 726 Asiae
1541 688 1648 725 Grae-

180 749 325 800 eiaeque
352 761 438 786 oras
464 746 666 784 cursitasse
684 746 811 794 finxit,
845 747 959 798 inque
982 748 1028 786 iis
1055 749 1148 787 locis
1170 736 1440 788 commoratam
1471 764 1552 789 esse
1581 753 1646 801 qui

181 822 312 864 postea
329 811 531 861 Sibyllinas
549 810 773 849 traditiones
785 811 1037 850 retinuerunt.
1055 813 1130 851 Nos
1148 826 1225 850 non
1241 821 1314 851 tam
1330 813 1511 864 Sibyllam
1529 829 1644 866 quam

179 878 401 920 Pausaniam
421 876 561 924 secuti,
581 877 632 914 ita
654 885 777 914 tamen
796 885 834 914 ut
857 890 877 915 a
903 877 1000 915 duce
1020 887 1152 917 nostro
1174 877 1364 916 interdum
1390 880 1645 928 discedamus,

176 958 305 985 earum
320 941 567 981 traditionum
585 942 743 994 vestigia
764 955 834 994 per
847 942 943 982 Asiae
964 942 1128 994 primum
1148 943 1259 981 litora
1278 957 1499 995 quaeremus.

226 1014 324 1054 Clari
343 1014 510 1065 primum
530 1026 594 1052 seu
615 1013 842 1066 Colophone
857 1013 1104 1052 subsistemus
1117 1044 1128 1065 ,
1150 1013 1215 1054 ubi
1228 1028 1300 1054 nos
1318 1016 1571 1067 Colophoniae
1584 1018 1643 1056 Si-

173 1080 282 1131 byllae
297 1092 433 1117 nomen
449 1079 608 1128 detinet,
627 1079 675 1117 de
690 1093 764 1130 qua
780 1088 904 1117 tamen
920 1092 1109 1131 perpauca
1120 1090 1208 1119 sunt
1225 1082 1436 1120 testimonia
1454 1091 1640 1131 veterum,

173 1159 288 1184 unum
306 1144 594 1195 Lycophronis,
616 1144 720 1195 apud
748 1157 861 1195 quem
883 1145 1095 1184 Cassandra
1111 1155 1290 1194 vocatur,
1309 1160 1345 1185 v.
1368 1147 1480 1194 1464,
1503 1146 1641 1201 Κλάρου

171 1207 368 1261 μιμαλλών,
386 1209 423 1247 id
444 1217 516 1257 est,
538 1209 745 1260 interprete
768 1209 920 1256 Tzetze,
940 1209 1065 1248 Claria
1087 1210 1232 1248 baccha
1250 1224 1315 1249 seu
1337 1211 1547 1263 prophetis,
1564 1211 1641 1249 imo

172 1275 296 1326 potius
327 1274 459 1313 Clariae
489 1286 554 1311 seu
585 1273 835 1324 Colophoniae
856 1273 1061 1312 simillima.
1090 1275 1288 1323 Alterum,
1317 1275 1383 1313 sed
1417 1275 1639 1327 obliquum,

173 1340 380 1386 Pausaniae,
396 1339 420 1377 l.
435 1339 515 1386 cit.,
531 1337 776 1388 Marpessiam
796 1350 900 1375 suam
922 1337 1104 1389 Sibyllam
1120 1339 1261 1377 Claron
1284 1339 1528 1378 deducentis:
1545 1341 1640 1392 Ἀφί-

170 1418 250 1442 κετο
266 1402 301 1441 δὲ
320 1403 379 1441 καὶ
394 1403 428 1445 ἐς
449 1402 586 1451 Κλάρον
604 1403 672 1440 τῶν
695 1400 925 1452 Κολοφωνίων
939 1431 948 1449 ,
968 1415 1107 1454 nempe
1128 1411 1172 1440 ut
1190 1403 1273 1454 ipsa
1292 1417 1377 1441 cum
1398 1403 1639 1455 Colophonia

168 1468 435 1507 confundatur.
450 1466 622 1505 Tertium
639 1465 903 1505 brevissimum
919 1467 1103 1515 omnium,
1118 1481 1194 1506 una
1210 1468 1354 1520 quippe
1366 1481 1459 1506 voce
1474 1477 1637 1507 eonten-

168 1541 269 1580 tum,
300 1531 500 1570 Clementis
517 1531 638 1576 Alex„
658 1531 841 1571 Stromat.
864 1532 902 1578 l,
929 1523 966 1582 l)-
991 1533 1083 1583 399,
1100 1532 1165 1571 ed.
1187 1534 1271 1579 Ox„
1289 1532 1355 1572 nbi
1381 1534 1478 1571 inter
1505 1533 1635 1584 Sibyl-

168 1597 289 1634 larum
309 1596 482 1640 nomina,
515 1603 555 1633 et
587 1595 743 1645 quidem
772 1596 873 1634 inter
905 1596 1069 1635 Samiam
1085 1605 1123 1635 et
1139 1596 1347 1635 Cumanam
1361 1627 1370 1645 ,
1386 1598 1638 1650 Colophoniae

167 1674 320 1712 quoque
357 1660 545 1700 meminit:
580 1660 766 1705 Quartum
799 1660 986 1711 denique,
1018 1660 1082 1699 sed
1121 1660 1215 1698 illud
1253 1662 1367 1712 paulo
1397 1663 1635 1713 expressius,

165 1726 293 1766 Suidae
308 1737 320 1764 :
340 1724 496 1764 Σίὸυλλα
514 1723 716 1776 Κολοφωνῖα
729 1753 740 1771 ,
761 1723 836 1771 ἥτις
851 1725 979 1772 ἐκλήθη
994 1723 1192 1776 Λάμπουσα
1203 1754 1213 1772 ,
1227 1725 1393 1777 ἀπόγονος
1414 1726 1636 1779 Κάλχαντος,

165 1790 224 1828 καὶ
255 1788 343 1836 αὐτη
372 1787 534 1840 μαντείας
558 1788 616 1826 καὶ
636 1788 892 1842 χρησμοὺς·δι’
922 1790 1015 1827 ἐπῶν
1034 1790 1094 1827 καὶ
1122 1788 1225 1829 ἄλλα.
1246 1790 1433 1829 Videntur
1449 1806 1539 1843 ergo
1566 1791 1638 1830 sub

165 1855 267 1893 illius
295 1853 448 1904 Sibyllae
475 1854 628 1891 nomine
648 1854 803 1893 oracula
823 1854 994 1905 quaedam
1014 1855 1050 1891 in
1080 1854 1204 1893 lucem
1230 1854 1331 1893 edita
1354 1856 1483 1906 fuisse,
1500 1871 1637 1908 eaque,

165 1918 353 1969 Sibyllino
383 1930 509 1961 more.
539 1917 657 1968 epicis
684 1918 828 1969 scripta
853 1918 1026 1957 versibus
1041 1947 1052 1966 ‚
1082 1919 1127 1957 δι’
1167 1913 1272 1959 ἐπῶν.
1312 1921 1458 1960 Nomen
1486 1922 1638 1960 mulieri

168 1985 367 2034 Lampusa.
387 1981 459 2020 Sed
483 1981 564 2032 ipsa
584 1995 669 2032 quae
688 1982 802 2020 fuisse
819 1982 1062 2032 crederetur,
1087 1984 1545 2034 penitus-ignoraremus,
1564 1987 1636 2024 nisi

164 2061 283 2086 unum
296 2047 370 2084 hoc
383 2046 580 2090 iudicium,
596 2044 762 2096 ἀπόγονος
775 2047 991 2098 Κάλχαντος,
1004 2048 1043 2085 in
1062 2057 1200 2085 rectam
1217 2062 1286 2086 nos
1301 2050 1400 2087 viam
1418 2050 1635 2088 deduceret.

163 2113 255 2151 Nam
273 2111 471 2161 Lampusae
485 2110 637 2160 quidem
658 2125 796 2149 nomen
821 2111 976 2149 aliunde
995 2120 1052 2149 est
1069 2113 1254 2163 ignotum.
1277 2113 1351 2152 Sed
1371 2114 1636 2157 Calchantem.

162 2185 250 2228 post
263 2174 405 2213 bellum
420 2174 647 2226 'ft-ojanum,
668 2175 808 2213 Claron
827 2176 990 2221 venisse,
1014 2175 1067 2213 ibi
1089 2190 1174 2227 cum
1194 2178 1351 2228 Mops0‚
1373 2179 1525 2216 Mantus
1543 2179 1634 2224 filio,

161 2241 318 2279 Tiresiae
335 2248 486 2290 nepote,
507 2239 694 2277 vaticiniis
711 2248 886 2284 certasse,
910 2239 1126 2290 victumque
1143 2239 1190 2278 ab
1207 2254 1253 2278 eo
1270 2254 1348 2291 prae
1362 2240 1497 2279 dolore
1516 2243 1632 2279 vitam

162 2305 323 2355 finiisse,
358 2313 490 2342 notum
521 2313 577 2341 est
601 2317 624 2342 e
656 2303 862 2350 Strabone,
897 2303 964 2343 tib„
986 2304 1095 2348 xlv,
1132 2318 1168 2355 p.
1205 2306 1293 2352 642,
1320 2319 1401 2356 sq.;
1424 2307 1563 2344 Tzetze
1584 2307 1631 2344 ad

161 2369 346 2421 Lycophr.
362 2375 406 2408 v.
430 2374 525 2416 427,
542 2369 644 2419 989;
663 2369 797 2414 Servio
820 2368 867 2405 ad
893 2369 1021 2418 Eclog.
1043 2368 1107 2416 Vl,
1129 2382 1175 2416 72
1191 2369 1357 2419 3quibus
1375 2371 1632 2420 praeluxerant

160 2434 359 2480 Hesiodus,
378 2441 470 2471 teste
499 2432 700 2479 Strabone,
720 2433 793 2472 loc.
815 2433 900 2481 cit„
928 2441 967 2470 et
985 2433 1210 2483 Euphorion
1232 2433 1481 2477 Chalcidicus.
1498 2435 1631 2473 Servio

159 2506 264 2536 teste.
277 2497 409 2536 Potuit
430 2510 522 2547 ergo
539 2496 756 2535 Calchantis
773 2497 901 2548 proles
917 2497 954 2534 in
971 2510 1013 2535 ea
1033 2496 1128 2534 urbe
1144 2510 1344 2535 remanere
1365 2506 1479 2548 atque
1496 2498 1546 2536 ibi
1566 2512 1630 2536 va·

160 2561 578 2607 ticiniisinclarescere3
596 2573 680 2611 quae
696 2569 821 2599 autem
835 2561 961 2610 proles
978 2572 996 2596 a
1015 2559 1135 2599 suida
1164 2560 1325 2609 dicitur,
1343 2560 1531 2612 ἀπόγονος,
1554 2562 1627 2599 filia

160 2625 308 2664 videtur
334 2624 600 2674 intelligenda,
638 2623 964 2675 quemadmodum
997 2624 1085 2661 alibi
1119 2624 1247 2662 Manto
1275 2624 1434 2662 Tiresiae
1463 2624 1629 2675 ἀπόγονος

157 2689 205 2727 ab
221 2688 353 2728 eodem
373 2687 575 2725 vocabitur
588 2688 688 2725 infra
700 2716 710 2733 ,
727 2700 810 2737 cap.
836 2687 870 2724 5.
888 2687 1031 2738 Utique
1047 2688 1117 2726 ista
1131 2688 1335 2740 Lampusa,
1357 2690 1386 2726 si
1402 2689 1628 2740 Colophone

156 2753 356 2791 vaticinata
375 2759 453 2797 est,
469 2751 629 2802 proprio
647 2751 831 2789 instinctu
847 2750 884 2788 id
907 2751 1014 2799 fecit,
1034 2759 1073 2789 ut
1091 2750 1233 2802 Sibylla
1246 2782 1257 2799 ,
1273 2765 1350 2790 non
1371 2753 1514 2801 alieno,
1544 2762 1626 2791 tan-

154 2831 263 2869 quam
285 2817 457 2854 ministra
475 2816 534 2853 vel
557 2815 790 2867 hypophetis
812 2816 929 2854 Clarii
947 2816 1110 2860 oraculi,
1131 2816 1233 2867 quod
1263 2826 1299 2854 et
1320 2830 1341 2854 a
1363 2819 1531 2868 paternis
1547 2819 1625 2856 ini-

154 2882 259 2920 micis
278 2879 471 2917 conditum
487 2888 586 2927 erat,
605 2888 642 2916 et
657 2879 864 2917 ministram
883 2879 1059 2918 feminam
1074 2881 1217 2918 nullam
1237 2881 1384 2928 habuit,
1401 2882 1465 2920 sed
1488 2883 1621 2920 Tacito
