1686 3500
102 213 194 260 430
489 212 569 256 AD
604 208 955 255 SlBYLLINOS
993 207 1200 253 LlBROS

98 310 164 362 qui
193 309 231 347 in
261 308 387 348 latinis
417 307 536 347 literis
563 321 640 346 non
670 309 783 359 plane
801 307 916 346 suerit
935 307 1084 356 hospes.
1113 305 1208 353 Quae
1240 304 1566 357 postcatalogum

97 381 310 425 sequuntur
329 372 377 412 de
394 371 597 423 Tarquinii
625 371 794 423 Sibylla,
817 379 906 410 sunt
938 370 1093 408 omnino
1120 369 1167 407 ad
1190 369 1380 408 Lactantii
1406 378 1567 408 mentem

81 444 141 476 'ac
166 450 272 488 paene
289 436 424 476 iisdem
442 436 584 488 scripta
612 436 791 483 vocibus,
809 435 896 473 licet
921 433 1073 472 diversa
1103 433 1248 485 lingua,
1277 441 1392 485 atque
1412 433 1570 486 insuper

97 501 250 541 diverso
281 501 367 540 loco
394 515 403 539 :
434 513 524 539 nam
561 500 666 552 apud
702 498 942 539 Lactantium
973 498 1020 536 ad
1052 497 1234 536 eumanae
1270 511 1411 537 nomen
1441 497 1569 537 addita

98 573 223 605 erant.
1227 599 1232 604 .

149 630 261 669 Nunc
288 641 380 667 vero
407 628 618 668 Scholiasta
645 636 683 666 et
711 626 869 666 Photius
890 625 1173 665 Lactantlanam
1203 626 1414 666 emtionem
1443 625 1571 665 multis

96 693 303 732 verborum
321 692 547 744 ambagibus
565 690 854 731 circumducunt
872 696 911 727 et
929 690 1183 740 amplificant,
1210 702 1334 739 eoque
1353 689 1439 739 plus
1457 702 1571 739 quam

97 760 321 809 Anonymus
341 771 363 796 a
385 757 511 796 latinis
532 756 742 795 discedunt.
770 754 947 792 Ceterum
975 766 1061 792 cum
1086 757 1290 803 Anonymo
1320 753 1358 791 in
1385 753 1572 792 universis

96 822 403 873 consentientes,
423 821 462 860 in
479 821 638 871 singulis
659 831 779 870 pauca
800 826 837 856 et
855 818 951 856 levia
968 817 1195 869 discrepant.
1224 818 1396 856 Primum
1417 816 1572 867 Sibyllae

96 886 260 923 nominis
280 884 506 935 etymologia
527 891 681 929 carent,
705 895 819 932 quam
846 882 1069 932 Anonymus
1088 895 1110 919 a
1141 881 1338 920 Lactantio
1357 890 1572 933 acceperat.

99 949 246 988 Deinde
273 962 391 1000 quum
418 953 640 997 Anonymus
665 945 853 985 Persicam
882 945 1064 983 Varronis
1092 953 1130 983 et
1151 945 1337 983 Lactantii
1366 952 1573 996 servasset,

96 1011 215 1049 altero
243 1018 388 1048 tantum
415 1008 570 1046 nomine
593 1006 808 1046 Chaldaeam
836 1006 966 1044 vocari
990 1006 1156 1045 docens:
1184 1005 1315 1058 Πρώτη
1341 999 1399 1044 οὗν
1426 1009 1448 1054 ἡ
1470 1007 1574 1045 Χαλ-

97 1073 201 1122 δαία,
233 1073 340 1125 ἤγουν
373 1076 396 1121 ἡ
431 1072 582 1124 Περσίς,
601 1087 646 1119 ⁴a.
675 1086 707 1110 τ.
737 1071 791 1119 λ.,
819 1070 874 1109 illi
905 1070 1098 1109 Persicam
1132 1070 1288 1108 omnino
1319 1071 1573 1120 sustulerunt,

97 1138 311 1178 Chaldaeam
330 1138 449 1177 solam
469 1138 548 1176 sive
568 1137 768 1176 Hebraeam
793 1137 1010 1175 retinentes.
1031 1137 1080 1174 At
1099 1136 1130 1174 si
1157 1138 1381 1187 Anonymus
1409 1136 1573 1187 praevios

95 1204 202 1249 illos,
223 1216 300 1240 non
319 1203 442 1254 ipsum
469 1202 710 1240 Lactantium
731 1201 867 1240 ducem
891 1209 1140 1252 sequeretur,
1163 1201 1264 1239 unde
1284 1200 1446 1239 Persicae
1466 1214 1575 1238 men-

97 1266 236 1305 tionem
257 1266 492 1318 accepisset?
522 1266 616 1312 Quae
648 1273 782 1317 postea
807 1265 954 1303 addunt
978 1265 1026 1303 de
1050 1265 1282 1317 πυργοποιίᾳ,
1311 1264 1493 1303 videntur
1525 1263 1573 1303 ab

97 1329 263 1369 Eusebio
287 1330 346 1368 vel
367 1329 540 1381 Josepho
563 1330 775 1380 accepisse3
798 1343 883 1380 quae
917 1328 966 1367 de
992 1329 1148 1380 Sibyllae
1179 1329 1366 1368 vaticiniis
1391 1328 1572 1368 hebraica

94 1395 223 1447 lingua
241 1395 416 1447 scriptis,
434 1408 480 1433 ex
499 1407 568 1432 suo
587 1394 660 1446 ipsi
679 1394 839 1446 ingenio
862 1392 1118 1442 extuderunt,
1151 1408 1230 1445 quo
1259 1395 1378 1446 magis
1403 1393 1573 1433 Hebraeae

95 1473 306 1512 cognomen
332 1460 389 1499 illi
413 1460 565 1498 mulieri
591 1459 827 1499 conveniret.
859 1460 902 1499 ln
935 1460 1103 1499 secunda
1131 1460 1296 1512 Sibylla,
1325 1460 1392 1500 ubi
1413 1462 1573 1501 Photius

95 1538 180 1563 cum
200 1526 401 1575 Anonymo
419 1524 560 1575 Δαμίης
577 1525 716 1572 habet,
737 1525 878 1564 rectius
900 1526 1111 1565 Scholiasta
1134 1526 1295 1577 Λαμίας,
1320 1527 1386 1566 sed
1412 1528 1503 1579 hoo,
1533 1535 1574 1566 ut

141 1658 327 1704 lustinus,
353 1656 500 1696 Cohort.
521 1657 575 1693 ad
591 1658 753 1706 Graecos,

395 1720 417 1770 §
443 1720 503 1768 37.

149 1781 333 1835 Ἔφασκον
359 1782 417 1822 δὲ.
432 1809 444 1821 .
458 1812 469 1822 .
493 1780 546 1820 ὅτι
568 1783 600 1820 οἱ
619 1780 801 1833 ἐκλαμὸἇ-

97 1862 212 1892 νοντες
252 1845 330 1890 τοὺς
368 1845 550 1900 χρησμοὺς
590 1850 800 1894 τηνικαῦτα,

98 1911 195 1956 ἐκτὸς
226 1910 436 1955 παιδεύσεως
471 1911 585 1959 ὄντες,
621 1911 802 1962 πολλαχοῦ

98 1979 160 2024 τῆς
183 1978 251 2014 τῶν
281 1976 416 2030 μέτρων
442 1975 622 2028 expleant<
652 1974 802 2028 διήμαρ-

98 2055 177 2079 τον’
198 2040 256 2080 καὶ
279 2039 409 2087 ταύτην
435 2040 551 2090 ἔλεγον
580 2037 694 2077 αἰτίαν
715 2031 803 2077 εἶναι

99 2107 161 2152 τῆς
178 2104 275 2144 ἐνίων
303 2103 438 2158 μέτρων
461 2103 639 2157 ἀμετρίας,
658 2105 719 2150 τῆς
740 2101 802 2153 μὲν

99 2169 328 2223 χρησμῳδοῦ,
349 2167 437 2219 μετὰ
458 2168 496 2207 τὸ
514 2170 714 2207 πεπαῦσθαι
741 2169 802 2215 τῆς

100 2235 252 2285 κατοχῆς
269 2232 317 2285 μὴ
334 2231 557 2284 μεμνημένης
574 2233 645 2270 τῶν
668 2229 805 2284 εἷρημὲ-

100 2313 180 2344 νων,
196 2299 265 2336 τῶν
286 2297 321 2335 δὲ
338 2295 564 2350 ὁπογραφέων
581 2296 625 2335 δι’
645 2296 805 2335 ἇπαιδευ·

102 2361 179 2399 σίαν
201 2363 263 2408 τῆς
283 2363 353 2400 τῶν
379 2362 513 2416 μέτρων
535 2360 712 2414 ἀκριὸείας
740 2361 802 2399 ἐκ·

104 2424 349 2466 πεπτωκότων.

870 1658 1059 1706 Anonyml
1075 1655 1259 1706 proesatio
1287 1659 1342 1695 ad
1360 1657 1572 1708 Sibyllina,

1184 1725 1202 1768 S
1223 1726 1259 1767 4·

925 1783 1029 1823 Ἐπεὶ
1052 1778 1111 1823 οὖν
1133 1783 1178 1823 τὰ
1202 1786 1285 1839 παρ’
1308 1788 1395 1838 ἡμῖν
1414 1785 1573 1840 εὖρισκόὲ

872 1863 967 1899 μενα,
980 1848 1220 1901 Σιὸυλλιακὰ,
1229 1878 1345 1889 .....
1368 1851 1415 1894 ὥς
1434 1851 1573 1890 πάντων

871 1915 940 1951 τῶν
960 1911 1090 1966 στίχων
1120 1912 1169 1964 μὴ
1190 1912 1369 1959 σωζόντων
1387 1913 1451 1961 τὴν
1481 1915 1576 1969 ἀκρί-

873 1977 971 2016 ὃειαν
1003 1981 1065 2017 τοῦ
1102 1977 1250 2031 μέτρου,
1282 1979 1470 2035 ἀργοτέραν
1503 1979 1574 2033 ἔχει

871 2041 935 2089 τὴν
953 2041 1090 2090 πίστιν,
1102 2043 1205 2090 ,αἰτία
1225 2043 1260 2082 δὲ
1280 2042 1367 2090 αὕτη
1386 2046 1457 2082 τῶν
1473 2059 1577 2098 ταχυ·

872 2105 1012 2160 γράφων
1036 2108 1074 2145 οὗ
1101 2106 1381 2160 συμφθασάντων
1408 2110 1452 2161 τῇ
1484 2107 1574 2162 ῥύμῃ

872 2172 933 2208 τοῦ
952 2169 1070 2222 λόγου,
1087 2168 1109 2217 ἢ
1133 2169 1350 2210 ἀπαιδεύτων
1369 2172 1572 2223 γενομένων,

873 2233 910 2271 οὗ
930 2235 991 2281 τῆς
1010 2232 1237 2286 προφήτιδος·
1257 2233 1333 2285 ἅμα
1350 2233 1418 2289 γὰρ
1437 2238 1480 2289 τῇ
1501 2236 1573 2274 ἐπι-

872 2297 976 2352 πνοίᾳ
1010 2298 1186 2338 ἐπέπαυτο
1221 2301 1242 2346 ἦ
1277 2301 1346 2338 τῶν
1384 2300 1574 2352 λεχθέντων

875 2360 1013 2414 μνήμη·
