1752 3495
199 193 302 269 ⁴we
584 216 662 259 Au
696 214 1042 258 SlBYLMNOs
1078 214 1281 259 [annos

412 310 657 362 Interpretari
675 309 788 348 alium
810 317 960 360 potesse
981 311 1185 350 neminem.

211 382 301 420 Nam
332 378 378 416 de
397 374 543 426 legendi
577 374 704 425 potius
735 385 846 424 quam
878 373 926 409 de
954 372 1193 424 intelligendi
1221 370 1447 410 difficultate
1466 372 1505 410 id
1523 377 1656 428 accipi-

207 457 307 487 mus.
327 453 443 491 quum
467 438 672 476 certissima
692 437 908 485 conjectura
926 436 1108 474 affirmari
1129 435 1248 486 possit
1268 434 1481 473 orationem
1510 436 1657 490 Sibylli-

206 511 355 551 nam‚ut
373 510 497 540 cetera
518 501 615 538 illius
637 499 817 551 temporis
835 507 1009 550 poemata
1026 512 1145 549 graeca
1162 498 1308 551 (confer
1321 511 1390 536 nos
1410 499 1458 537 de
1474 499 1655 551 Sibyllino

206 581 341 619 genere
360 565 524 612 dicendi,
544 566 583 603 in
604 565 695 604 Exc.
729 565 762 603 ll
778 592 788 610 ‚
813 577 852 614 p.
879 564 966 611 105,
992 564 1067 614 sq),
1088 563 1159 601 etsi
1179 562 1293 601 rebus
1311 562 1519 611 interdum,
1538 567 1655 607 verbis

205 647 291 671 raro
308 631 525 682 ambiguam
548 630 671 668 fuisse.
694 628 806 676 Quod
821 627 980 666 fidenter
993 636 1031 666 et
1056 641 1104 666 ex
1120 628 1265 678 ipsa're
1293 626 1422 678 colligi
1456 637 1589 678 potest,
1621 642 1654 671 et

203 697 486 748 comparatione
514 695 652 732 firmari
671 694 965 744 fragmentorum
987 693 1156 730 omnium
1180 691 1476 742 Sibyllinorum,
1498 695 1559 731 vel
1577 709 1654 746 qum

197 763 277 813 jam
294 761 406 800 allata
418 788 431 807 ,
453 759 508 797 vel
525 773 610 810 quae
630 759 724 796 infra
742 757 940 808 proditura
956 764 1055 794 sunt.

284 961 392 999 CM).
424 960 486 999 lv.
514 958 771 1006 Sibyllinorum
797 957 964 995 librorum
998 957 1151 994 historia
1187 969 1302 1006 usque
1334 958 1388 993 ad
1412 956 1585 1006 Capitolii

817 1023 1036 1062 incendium.

251 1141 363 1179 Tales
378 1152 469 1191 ergo
486 1137 604 1176 libros
624 1137 818 1175 hominurn
839 1135 1074 1174 venerationi
1092 1147 1317 1173 consecrare
1332 1147 1450 1185 quum
1472 1135 1652 1176 statuisset

199 1217 264 1242 rex
295 1202 529 1246 vaferrimus,
553 1199 730 1250 religioso
748 1199 912 1249 quodam
946 1207 1091 1237 secreto
1127 1197 1354 1236 muniendos
1371 1206 1446 1236 eta
1474 1199 1651 1249 profano-

200 1282 286 1306 rum
306 1274 506 1317 conspectu
530 1263 712 1302 arcendos
733 1263 853 1314 probe
881 1264 1012 1302 sensit.
1034 1263 1164 1303 Primo
1186 1271 1311 1301 tamen
1331 1263 1420 1301 satis
1437 1263 1519 1302 sore
1539 1263 1652 1312 duxit,

208 1333 238 1370 si
257 1331 498 1370 duumvirum
519 1344 539 1367 e
561 1327 802 1366 nobilissimis
823 1328 1027 1366 electorum
1057 1341 1158 1366 curae
1171 1341 1214 1366 ac
1229 1327 1412 1366 custodiae
1432 1329 1651 1368 mandaren-

197 1407 284 1443 tur,
307 1395 495 1446 adjunctis
523 1393 674 1432 illorum
705 1392 833 1430 officio
858 1391 1008 1430 duobus
1037 1392 1216 1430 ministris
1249 1406 1315 1430 seu
1337 1393 1455 1431 servis
1476 1393 1651 1445 publicis,

201 1463 318 1500 Dion.
343 1460 462 1499 llalic.
483 1459 555 1498 loc.
577 1458 641 1497 cit.
659 1471 669 1494 z
692 1456 737 1496 ‘O
759 1455 795 1495 δὲ
814 1456 1004 1509 Ταρκύνιος
1021 1458 1090 1495 τῶν
1109 1458 1223 1495 ἀστῶν
1243 1457 1369 1510 ἄνδρας
1386 1463 1582 1510 περιφανεῖς
1599 1458 1650 1497 δύο

205 1522 510 1575 προχειρισάμενος
544 1520 601 1559 καὶ
623 1521 774 1574 δημοσίᾳ
796 1522 908 1564 αὐτοῖς
936 1521 996 1560 δύο
1026 1521 1234 1575 Θερᾶποντας
1252 1521 1484 1574 παραζεύξας,
1502 1537 1536 1562 κ.
1555 1539 1586 1561 τ.
1605 1523 1646 1572 λ.,

200 1588 248 1626 de
268 1599 428 1638 quorum
461 1593 712 1636 utrorumque
735 1598 890 1623 munere
922 1586 1033 1636 plura
1065 1586 1233 1624 dicemus
1256 1586 1379 1635 infra,
1409 1599 1492 1637 cap.
1519 1599 1554 1635 9.
1580 1588 1649 1626 Nec

195 1652 324 1691 obstat
355 1649 459 1700 quod
491 1650 652 1700 pessime
689 1649 872 1700 scriptum
909 1650 1046 1700 legitur
1083 1650 1185 1701 apud
1216 1652 1343 1689 Tzetz.
1380 1650 1427 1688 ad
1465 1650 1647 1702 Lycophr.

197 1731 237 1758 v.
261 1716 370 1766 1278,
406 1728 524 1752 unum
561 1713 752 1752 custodem
787 1713 893 1752 libris
926 1715 1170 1766 praepositum
1198 1730 1207 1753 :
1228 1715 1297 1754 Καὶ
1334 1714 1489 1760 ἐξέδοντο
1546 1715 1649 1769 ἷοίρκῳ

193 1780 348 1833 Ἀκιλίῳ,
365 1794 396 1816 κ.
417 1793 450 1816 τ.
469 1778 514 1825 λ.,
534 1777 642 1829 cujus
662 1778 802 1816 erroris
826 1791 938 1816 causa
957 1792 1046 1817 mox
1066 1779 1226 1830 patebit.

246 1843 319 1882 Sed
339 1842 444 1880 brevi
466 1855 590 1893 regem
621 1842 798 1892 poenituit
825 1843 1057 1895 imperfectae
1083 1844 1284 1890 cu'stodiae,
1307 1843 1377 1882 nisi
1405 1844 1479 1882 hoc
1506 1858 1649 1896 quoque

197 1908 391 1960 tyrannico
411 1915 493 1944 astu
513 1906 769 1958 excogitatum
788 1916 857 1954 est,
881 1908 961 1946 sive
985 1908 1032 1946 ad
1051 1908 1215 1960 privatas
1234 1908 1391 1960 injurias
1407 1908 1648 1957 ulciscendas,

196 1974 272 2011 sive
292 1972 337 2010 ad
358 1970 614 2022 percellendos
636 1971 898 2010 vehementius
920 1972 1025 2023 vulgi
1045 1973 1205 2010 animos.
1226 1973 1331 2011 Alter
1350 1973 1495 2024 quippe
1515 1973 1647 2011 duum-

196 2037 319 2075 virum
340 2035 449 2073 unius
468 2047 488 2073 e
504 2034 683 2073 ministris
703 2034 845 2074 indicio
862 2035 1122 2087 deprehensus
1145 2045 1224 2086 est,
1246 2050 1362 2088 quum
1397 2037 1540 2087 aliquid
1562 2050 1647 2088 pro-

196 2099 347 2138 ditionis
370 2098 544 2135 adversus
568 2097 688 2135 libros
713 2098 784 2136 sibi
805 2099 972 2138 creditos
990 2101 1201 2149 moliretur,
1235 2101 1538 2152 gravissimoque
1562 2115 1647 2153 sup-

196 2164 310 2215 plicio
328 2162 536 2209 mulctatus,
555 2161 610 2199 uti
631 2174 721 2201 mox
737 2175 758 2199 a
775 2163 960 2213 Dionysio
981 2156 1143 2215 aliisque
1163 2165 1364 2204 discemus.

250 2230 306 2267 De
327 2227 528 2280 proditoris
546 2228 701 2266 nomine
715 2236 888 2267 auctores
905 2230 1093 2279 haesitant,
1108 2245 1175 2269 nec
1193 2245 1251 2270 res
1270 2242 1326 2270 est
1346 2233 1439 2270 tanti
1458 2234 1644 2272 momenti.

201 2293 402 2343 Dionysius
421 2292 562 2343 Μάρκον
582 2290 731 2330 Ἀτύλιον
751 2302 876 2343 vocat,
895 2294 968 2332 nisi
998 2295 1103 2345 quod
1124 2296 1163 2333 in
1194 2297 1376 2334 Vaticano
1410 2297 1539 2335 codice
1557 2296 1646 2335 Αἰτί-

196 2359 270 2396 λιον
284 2359 404 2407 legere
421 2364 476 2394 est
493 2358 679 2404 :Tzetzes,
697 2357 743 2395 ad
757 2357 949 2409 Lycophr.
971 2360 998 2399 l.
1019 2361 1102 2405 cit„
1119 2359 1265 2413 Μάρκον
1286 2360 1431 2400 Ἀκίλιον
1451 2377 1459 2399 z
1475 2363 1644 2408 Zonaras,

200 2423 357 2461 Dionem
376 2420 479 2471 sequi
497 2420 624 2458 solitus
636 2449 646 2467 ,
662 2421 805 2474 Μάρκον
820 2422 989 2460 Ἀκίλλιον
1004 2424 1086 2475 (sic)
1106 2436 1116 2462 ε
1134 2425 1302 2462 Valerius
1314 2434 1440 2463 autem
1454 2426 1646 2469 Maximus,

197 2488 283 2525 loco
298 2485 374 2535 jam
396 2484 660 2534 cit-,Marcum
680 2488 853 2534 Tullium,
873 2496 913 2525 ut
927 2488 1078 2539 quidem
1096 2488 1244 2526 codices
1256 2490 1475 2539 superstites
1492 2489 1645 2533 habent,
1672 2518 1676 2522 .

198 2549 262 2588 sed
283 2548 400 2598 male,
422 2547 623 2597 depravata
640 2550 780 2600 quippe
801 2564 822 2588 a
842 2550 1006 2590 librariis
1020 2552 1184 2590 lectione
1204 2561 1368 2604 propter
1388 2554 1541 2592 nimiam
1566 2566 1644 2591 cum

199 2611 361 2650 oratoris
402 2611 552 2647 nomine
583 2611 896 2662 familiaritatem3
932 2629 1018 2653 nam
1050 2617 1246 2654 breviator
1273 2617 1415 2655 Valerii
1449 2617 1644 2656 Januarius

198 2676 451 2727 Nepotianus,
469 2674 568 2713 inter
585 2675 739 2727 Scriptt.
756 2687 849 2718 vett.
871 2680 979 2728 Maii,
1001 2690 1027 2719 t.
1049 2682 1116 2728 111,
1136 2695 1175 2732 p.
1198 2688 1262 2732 94,
1281 2682 1436 2721 Atilium
1465 2683 1642 2720 nominat.

197 2738 421 2791 Sylburgius
453 2738 641 2788 Aquilium
663 2740 824 2789 volebat,
858 2756 975 2793 graece
996 2744 1161 2791 Ἀκύλιον,
1192 2759 1276 2795 quae
1303 2746 1428 2783 media
1452 2747 1570 2784 somna
1594 2753 1643 2782 est

196 2804 297 2841 inter
315 2801 464 2841 Ἀτύλιον
482 2811 520 2839 et
539 2801 694 2853 Ἀκίλιον,
714 2805 777 2842 sed
808 2819 850 2844 ea
870 2821 969 2846 mera
1003 2819 1059 2848 est
1088 2809 1332 2861 conjectura3
1352 2825 1394 2848 ac
1426 2811 1497 2849 nisi
1525 2810 1606 2861 quis
1624 2821 1642 2845 a

195 2867 367 2905 codicum
401 2865 561 2904 lectione
596 2868 708 2918 gratis
745 2869 935 2910 discedere
967 2874 1069 2920 velit,
1106 2874 1151 2911 lis
1186 2874 1308 2912 omnis
1340 2876 1464 2925 posita
1499 2874 1641 2912 videtur
