1686 3500
607 212 914 260 EXCURSUS
951 214 1024 258 VI.
1103 216 1105 219 ’
1157 213 1162 220 “
1398 245 1405 255 .
1453 213 1548 259 469

76 313 181 352 deest
197 341 207 360 ,
232 310 343 350 albus
368 322 520 362 nempe,
540 309 644 360 apud
662 310 903 349 Lactantium
923 308 1099 362 quoque,
1121 304 1187 349 sed
1214 311 1342 350 forsan
1363 324 1410 350 ex
1431 311 1555 351 Nostri

77 376 171 424 tide,
189 375 419 427 designatus,
447 374 546 413 libro
568 374 632 422 lv,
651 388 737 427 cap.
763 375 822 423 15,
840 375 896 413 uti
916 375 1006 413 alias
1027 374 1253 413 notavimus.
1296 377 1299 381 '

129 442 214 481 Non
243 440 324 480 haec
351 441 498 487 solum,
528 439 593 478 sed
626 439 699 478 alia
720 453 875 491 quoque
902 440 984 478 sine
1002 438 1124 477 dubio
1155 437 1357 477 trahebant
1375 439 1423 479 ad
1448 453 1554 478 suam

77 505 206 544 salsam
230 514 394 543 mentem
414 503 603 550 haeretici,
624 512 665 542 ut
684 505 747 542 illa
767 516 853 556 quae
873 504 989 556 paulo
1008 503 1109 542 infra
1125 502 1164 540 in
1188 503 1396 554 evangeliis
1423 504 1556 556 legun-

78 579 139 608 tur
161 569 209 607 de
240 570 331 609 Jesu
364 569 489 607 statim
523 576 611 620 post
639 567 871 620 baptismum
902 581 922 606 a
955 567 1102 620 Spiritu
1135 575 1246 618 rapto
1271 566 1310 604 in
1343 567 1556 615 desertum,

76 633 232 681 Matth„
254 647 338 685 cap.
360 638 398 679 4,
423 646 461 672 v.
488 633 680 681 13Marc.,
709 647 791 685 cap.
818 647 852 682 1,
881 646 917 672 v.
952 645 1014 673 12.
1049 631 1164 679 Quod
1195 630 1297 670 idem
1317 632 1429 670 etiam
1452 633 1555 683 apud

76 697 207 735 divum
229 697 370 736 Lucam
397 697 596 749 legissent,
624 710 708 749 cap,
737 703 774 745 4,
792 711 826 736 v.
855 711 868 735 ι
893 711 902 737 :
931 698 1075 736 «Jesus
1102 704 1228 734 autem
1250 695 1386 747 plenus
1409 696 1554 747 Spiritu

75 781 90 796 σι
110 770 241 800 sancto
258 775 450 813 regressus
466 770 523 800 est
539 776 558 800 a
574 762 766 810 Jordane,
794 772 831 800 et
852 761 1039 813 agebatur
1055 776 1074 800 a
1092 761 1237 813 Spiritu
1253 761 1292 799 in
1312 761 1503 800 desertum
1519 781 1532 795 u
1549 793 1558 809 ,

75 827 105 864 si
124 826 234 865 Lucae
262 826 490 865 testimoniis
523 826 577 864 uti
606 826 907 867 consuevissent.
933 827 1059 878 Atque
1079 825 1192 877 hujus
1222 825 1310 864 sacti
1335 827 1556 864 memoriam

76 891 216 943 cupide
235 891 452 943 amplexum
479 905 560 930 esse
577 890 811 941 Sibyllistam
831 890 1016 929 librorum
1035 892 1084 930 VI
1105 900 1144 929 et
1162 891 1244 936 Vll,
1261 889 1351 928 inde
1379 900 1559 942 apparet,

75 955 179 1006 quod
202 955 283 1007 ejus
301 956 447 1008 absque
468 958 692 995 necessitate
712 956 938 1004 meminerit,
955 955 1020 995 lib.
1034 956 1120 1003 Vll,
1135 968 1172 996 v.
1191 956 1253 1002 66,
1264 968 1320 1006 sq.
1337 969 1345 991 z

761 1019 831 1065 ⁰0<
847 1021 924 1059 ποτ’
940 1020 1081 1060 ἔλουσεν

235 1085 408 1138 Ἰορδάνου
421 1086 456 1124 ἐν
473 1087 668 1138 προχοῇσι,
685 1085 744 1124 καὶ
759 1084 888 1124 ἵπτατο
901 1085 1083 1136 Πνεύματι
1097 1086 1218 1138 πολλῷ
1231 1115 1242 1135 ,

77 1151 142 1190 ubi
166 1152 280 1189 etiam
307 1160 398 1190 nota
433 1164 567 1189 vocem
593 1149 744 1198 ἵπτατο,
771 1152 931 1203 proprio
961 1150 1115 1189 volandi
1139 1163 1274 1199 sensu,
1297 1164 1374 1201 quo
1398 1160 1435 1188 et
1455 1151 1556 1190 illam

75 1216 166 1253 alias
189 1223 345 1266 usurpat
363 1216 498 1254 Noster
516 1215 563 1253 de
580 1216 721 1254 Christi
737 1216 982 1263 ascensione,
1002 1216 1103 1254 libro
1121 1215 1272 1263 eodem,
1293 1229 1329 1256 v.
1359 1229 1405 1263 70
1427 1229 1434 1254 :

597 1277 721 1331 Ταχὺς
733 1277 861 1318 ἵπτατο
879 1279 1017 1332 Πατρὸς
1031 1281 1063 1322 ἐς
1081 1278 1211 1322 οἴκους.

78 1345 157 1381 lloe
178 1342 294 1393 igitur
314 1343 401 1380 loco
420 1351 570 1394 raptum
590 1343 777 1382 intellexit
805 1344 933 1383 Jesum
956 1357 975 1381 a
994 1344 1138 1394 Spiritu
1164 1351 1296 1382 saneto
1313 1352 1416 1382 trans
1431 1347 1557 1383 aerem

77 1408 174 1446 miro
193 1407 360 1458 quodam
377 1408 526 1459 volatu,
548 1408 627 1446 sere
653 1416 694 1446 ut
717 1409 840 1460 ipsum
858 1421 880 1447 a
905 1409 1046 1460 spiritu
1073 1409 1172 1447 malo
1194 1422 1262 1459 per
1278 1422 1389 1447 auras
1407 1417 1559 1447 vectum

76 1473 114 1510 in
146 1472 222 1510 alta
246 1472 378 1525 templi
402 1473 606 1525 pinnacula
639 1481 756 1525 atque
787 1472 877 1511 inde
900 1474 937 1511 in
971 1482 1136 1512 montem
1163 1474 1355 1511 excelsum
1385 1473 1557 1525 (Matth.·‚

75 1551 159 1589 cap.
182 1544 217 1585 Δ,
239 1551 275 1578 v.
298 1537 335 1587 5,
355 1538 463 1589 sqq.)
484 1538 598 1589 vulgo
614 1538 795 1589 effingere
815 1539 940 1576 solent
956 1538 1122 1588 pictores
1142 1546 1254 1589 atque
1274 1538 1499 1589 sculptores.

127 1601 320 1641 Credibile
341 1611 397 1641 est
424 1611 552 1641 autem
574 1603 611 1640 in
632 1603 832 1654 evangelio
859 1603 1027 1642 Matthaei
1047 1604 1257 1642 secundum
1285 1603 1482 1653 llebraeos,
1498 1605 1558 1643 vel

77 1671 113 1706 in
141 1668 403 1719 AEgyptiorum
422 1667 634 1719 evangelio,
665 1668 720 1706 vel
740 1668 778 1705 in
800 1668 883 1706 aliis
908 1668 1156 1720 apocryphis,
1177 1669 1249 1706 alia
1266 1669 1449 1707 nonnulla
1470 1683 1558 1707 nar-

78 1733 214 1771 rationi
248 1732 296 1771 de
323 1732 517 1783 baptismo
548 1733 726 1780 infuisse,
745 1746 832 1783 quse
856 1746 956 1770 nunc
980 1732 1120 1770 nostris
1140 1732 1248 1771 libris
1269 1732 1422 1778 desunt,
1440 1733 1559 1772 liaere-

77 1797 160 1835 ticis
180 1796 270 1835 olim
296 1805 473 1847 pergrata
504 1810 511 1833 :
541 1795 758 1846 cujusmodi
785 1796 994 1846 praesertim
1022 1796 1114 1834 illud
1137 1796 1209 1834 snit
1236 1796 1339 1847 qnod
1368 1805 1404 1835 et
1424 1798 1559 1837 Noster

76 1859 133 1898 bis
155 1868 221 1898 aut
247 1868 303 1897 ter
322 1860 457 1906 al'lert,
483 1873 559 1896 uon
591 1860 672 1897 sine
704 1859 868 1910 quadam
903 1859 1171 1907 assectatione,
1206 1859 1272 1899 lib.
1304 1861 1372 1905 vl,
1396 1873 1430 1898 v.
1457 1861 1494 1906 6,
1522 1870 1559 1899 et

76 1925 164 1971 vu,
186 1937 220 1964 v.
239 1925 304 1971 84,
327 1923 374 1961 de
397 1924 482 1974 igne
501 1937 568 1960 seu
586 1923 729 1960 lumine
749 1924 786 1960 in
804 1923 976 1961 Jordane
1001 1936 1161 1960 accenso
1176 1951 1186 1966 .
1208 1931 1287 1960 tun·
1308 1936 1423 1973 quum
1445 1924 1556 1962 Chri—

74 1996 155 2026 stus
180 1986 452 2037 baptizaretur.
482 1987 586 2024 ldem
614 1987 689 2024 hoe
708 1986 919 2025 Cerinthiis
946 1987 1135 2037 placuisse
1165 1995 1272 2024 notat
1295 1987 1556 2039 Epiphanius,

78 2052 217 2090 llaeres.
239 2052 300 2097 3ο,
320 2064 404 2101 cap.
430 2052 491 2094 13,
508 2050 710 2101 additque,
729 2065 776 2089 ex
795 2050 1046 2089 llebraeorum
1067 2051 1268 2102 evaugelio
1288 2053 1446 2102 petitum
1464 2065 1557 2096 esse,

78 2115 135 2153 his
156 2129 294 2166 nempe
311 2115 439 2152 verbis
456 2129 464 2152 ε
487 2114 597 2158 Εὐθὺς
613 2114 830 2168 περιέλαμψε
854 2114 912 2153 τὸν
933 2114 1038 2153 τόπον
1059 2117 1130 2168 φῶς
1149 2114 1255 2166 μέγα,
1269 2114 1287 2154 ὃ
1302 2114 1383 2154 ἰδὼν
1403 2118 1420 2154 ὁ
1437 2115 1557 2155 Ἰωάν-

75 2199 134 2231 νης
153 2183 247 2236 λέγει
269 2184 384 2235 αὐτῷ·
407 2183 532 2227 an-k
555 2178 609 2231 εἶ,
633 2184 766 2237 Κύριε;
787 2184 846 2222 καὶ
867 2185 970 2222 πάλιν
993 2183 1088 2237 φωνὴ
1110 2184 1144 2228 ἐξ
1166 2186 1311 2236 οὐρανοῦ
1331 2184 1414 2237 πρὸς
1434 2183 1558 2233 αὐτὸν,

76 2244 189 2294 Οὗτός
205 2250 296 2288 ἐστιν
313 2251 331 2286 ὁ
349 2249 419 2293 υἱός
441 2264 508 2299 μου
524 2249 701 2300 ἀγαπητὸς
721 2250 774 2302 ἐφ’
794 2249 830 2288 ὃν
847 2250 1028 2296 εὐδόκησα.
1049 2250 1162 2296 Quod
1180 2250 1278 2288 idem
1302 2250 1435 2300 habet,
1456 2251 1558 2290 unde

79 2314 148 2352 uisi
168 2327 215 2352 ex
235 2314 369 2352 eodem
393 2314 497 2352 sonte
517 2314 723 2351 haustum?
743 2328 828 2352 cum
851 2324 982 2366 aperta
1002 2315 1166 2366 nonjam
1188 2315 1366 2366 luminis,
1384 2315 1448 2353 sed
1463 2316 1558 2368 ignis

80 2379 272 2417 mentione
286 2407 297 2426 ,
316 2378 493 2417 Justinus
513 2387 671 2429 martyr,
690 2379 839 2430 Dialog.
860 2380 881 2428 §
907 2379 955 2417 88
970 2409 979 2427 ,
1002 2392 1080 2419 rem
1106 2379 1158 2416 ita
1187 2378 1341 2416 tradens
1366 2393 1374 2417 z
1392 2378 1464 2417 Καὶ
1481 2378 1557 2417 τότε

77 2441 230 2485 ἐλθόντος
251 2445 310 2481 τοῦ
328 2441 444 2495 Ἰησοῦ
469 2442 527 2480 ἐπὶ
546 2440 603 2481 τὸν
625 2441 804 2493 Ἰορδάνην
823 2442 982 2493 ποταμὸν
996 2473 1006 2490 ,
1041 2441 1119 2480 ἔνθα
1141 2444 1158 2480 ὁ
1177 2441 1346 2489 Ἰωάννης
1370 2441 1555 2492 ἐὸάπτιζε,

79 2505 301 2550 κατελθόντος
324 2509 386 2545 τοῦ
408 2505 525 2553 Ἰησοῦ
547 2506 604 2544 ἐπὶ
623 2505 663 2545 τὸ
694 2506 799 2559 ὕδωρ,
824 2506 883 2545 καὶ
906 2510 978 2559 πῦρμ
1003 2506 1139 2559 ἀνήφθη
1169 2508 1203 2544 ἐν
1224 2508 1274 2558 τῷ
1291 2506 1449 2559 Ἰορδάνῃ
1465 2519 1472 2528 ·
1497 2508 1557 2544 καὶ

80 2570 262 2614 ἀναδύντος
277 2572 379 2609 αὐτοῦ
399 2571 468 2609 ἀπὸ
494 2575 551 2610 τοῦ
571 2572 713 2617 ἴδατος,
739 2574 784 2615 ὡς
803 2570 1007 2623 περιστερὰν
1026 2570 1064 2609 τὸ
1088 2570 1184 2622 ἅγιον
1206 2562 1354 2621 Πνεῦμα
1374 2572 1556 2617 ἐπιστῆναι

80 2634 132 2674 ἐπ’
152 2634 253 2674 αὐτὸν
268 2634 421 2689 ἔγραψαν
443 2636 474 2674 οῖ
493 2634 696 2675 Ἀπόστολοι
716 2636 820 2674 αὐτοῦ
838 2639 899 2674 τοῦ
916 2637 1067 2688 Χριστοῦ
1090 2636 1190 2686 ἡμῶν
1207 2665 1217 2684 ,
1240 2634 1305 2673 ubi
1326 2642 1558 2673 notaverunt

79 2700 306 2751 interpretes
332 2700 535 2738 discrimen
558 2715 579 2739 a
599 2702 754 2739 ,Iustino
777 2701 866 2752 poni
896 2702 1051 2739 interea
1071 2714 1157 2751 quae
1170 2700 1272 2750 apud
1296 2700 1556 2751 Evangelistas

36 2801 38 2803 ,
81 2773 230 2803 nostros
267 2765 469 2817 leguntur,
496 2774 533 2803 et
555 2780 640 2817 quae
677 2779 723 2803 ex
753 2766 986 2817 apocryphis
1007 2766 1208 2816 desumpta
1237 2766 1272 2803 in
1300 2765 1436 2816 vulgus
1464 2765 1553 2803 olim
1602 2761 1608 2767 ⁸

82 2839 346 2876 manaverant3
367 2829 431 2868 sed
461 2829 556 2867 illud
577 2830 784 2868 discrimen
805 2830 915 2868 nobis
935 2844 1012 2868 non
1041 2830 1093 2868 ita
1122 2830 1277 2868 videtur
1297 2829 1552 2867 manifestum.

83 2894 251 2933 Meminit
280 2894 393 2946 hujus
421 2895 465 2933 de
493 2895 610 2935 fluvio
642 2909 801 2934 accenso
830 2894 1045 2933 traditionis
1078 2894 1293 2946 Cyprianus
1311 2902 1464 2945 quoque
1477 2893 1555 2932 sive
