1686 3500
563 365 573 373 ·
621 304 936 356 Excunsth
969 309 1051 355 v1.
1384 287 1392 298 ‘
1453 287 1550 358 asa

71 405 267 459 «gentium
285 413 323 446 et
342 405 676 458 proficiscerentur
700 407 739 446 in
766 406 985 447 ulteriorem
1012 408 1208 460 regionem
1223 437 1234 456 ,
1263 407 1328 447 ubi
1352 409 1547 463 nhnquam

72 491 86 506 n
100 470 285 509 habitavit
306 484 423 522 genus
442 471 650 510 humanum
663 504 673 519 ‚
709 473 767 511 vel
793 471 845 511 ibi
866 472 1073 511 observare
1092 472 1258 524 legitima
1281 486 1367 514 sua.
1383 501 1394 513 .
1409 501 1420 513 .
1437 503 1447 515 .
1474 475 1550 514 Per

71 557 86 572 ιι
100 550 180 575 eam
200 536 301 575 enim
320 537 514 588 regionem
537 546 619 576 erat
644 537 704 576 via
726 538 843 577 multa
873 538 1046 585 itineris,
1062 539 1155 578 anni
1177 538 1290 578 unius
1309 547 1346 578 et
1371 538 1517 579 dimidii
1538 555 1548 578 ε

71 621 85 637 ι
101 616 186 641 nam
210 603 317 654 regio
335 604 399 642 illa
420 611 579 642 vocatur
603 604 802 643 Arsareth.
823 605 934 643 Tunc
961 603 1272 642 inhabitaverunt
1290 604 1344 642 ibi
1370 617 1490 657 usque
1509 605 1547 644 in

70 668 306 706 «novissimo
329 676 523 720 tempore;
549 676 586 706 et
605 682 709 706 nunc
730 669 870 706 iterum
901 683 987 707 cum
1020 670 1202 720 coeperint
1230 669 1384 718 venire,
1410 669 1548 708 iterum

72 732 313 772 «Altissimus
327 742 468 773 statuet
489 747 602 772 venas
619 734 800 782 fluminis,
816 743 855 772 ut
873 736 1020 787 possint
1041 736 1204 774 transire
1218 764 1232 787 ‚
1250 743 1324 774 etc.
1338 752 1354 769 ι»
1369 736 1547 782 Quaenam

68 798 133 837 illa
152 798 258 849 regio
278 798 484 838 Arsai-eth?
504 812 550 837 an
573 800 707 839 Serum
729 800 807 838 sive
825 801 1001 839 Sinarum
1023 801 1151 852 regio,
1173 800 1210 838 in
1229 813 1303 851 qua
1323 800 1547 839 Judaeorum

69 862 250 913 reliquias
266 876 285 901 a
308 876 349 902 se
369 872 538 914 repertas
553 863 672 903 literis
692 865 768 903 suis
782 866 904 903 testati
921 873 1025 913 sunt,
1040 865 1104 916 qui
1123 864 1323 916 Evangelii
1345 864 1462 903 facem
1481 877 1550 916 per

68 927 148 965 illas
167 935 287 966 terras
310 928 527 967 novissimis
545 928 605 967 his
625 928 771 967 saeculis
787 928 1083 968 circumtulerei'
1098 928 1216 969 Nobis
1235 929 1398 968 sufficiat
1418 929 1548 981 vulga-

72 1001 125 1029 tas
145 992 358 1043 antiquitus
376 993 577 1044 opiniones
595 993 792 1034 indicasse.

118 1056 180 1095 Sic.
199 1056 354 1108 quidem
383 1057 509 1096 Judaei
530 1067 567 1096 ct
583 1057 841 1110 judaizantes,
864 1057 931 1108 qui
956 1066 1082 1096 tamen
1105 1071 1195 1096 raro
1213 1060 1251 1095 in
1277 1057 1477 1109 Sibyllinis
1499 1059 1545 1097 ad

67 1122 167 1159 illam
186 1134 291 1172 spem
317 1122 551 1172 alluserunt,
574 1123 643 1160 nisi
666 1123 784 1174 sorte,
805 1122 905 1160 libro
930 1122 1006 1171 111,
1029 1123 1102 1170 53,
1121 1122 1186 1160 ubi
1206 1123 1363 1174 stirpem
1385 1124 1548 1163 Antoni-

68 1198 202 1223 norum
223 1184 273 1223 ab
289 1186 412 1224 invisa
429 1186 549 1238 stirpe
567 1186 754 1238 dejectum
777 1187 822 1225 iri
847 1186 1082 1238 praedicitur,
1108 1200 1148 1226 v.
1171 1188 1263 1239 394,
1280 1201 1334 1239 sq.
1353 1202 1363 1226 ι

223 1245 296 1289 ²th
317 1249 358 1295 δή
376 1266 440 1304 περ
454 1251 574 1301 γενεὴν
594 1251 696 1296 αὐτὸς
715 1250 807 1289 Θέλει
822 1251 1053 1296 ἐξαπολέσσαι
1069 1281 1080 1300 ,

225 1315 293 1355 Ἐκ
308 1318 378 1354 τῶν
396 1316 436 1363 δὴ
452 1319 570 1368 γενεῆς
585 1317 699 1355 κείνου
717 1315 814 1369 γένος
834 1317 1063 1363 ἐξαπολεῖται.

69 1381 142 1420 Nos
162 1381 383 1433 progeniem
403 1381 505 1419 illam
529 1382 709 1419 Romanis
737 1389 852 1432 atque
874 1382 1078 1420 Antoninis
1106 1382 1267 1421 invisam
1287 1382 1444 1422 Judaeos
1465 1397 1548 1422 esse

67 1454 270 1497 putamus,
305 1459 471 1497 quorum
509 1446 661 1483 futurus
698 1446 746 1484 de
767 1445 981 1485 Caesaribus
1009 1445 1229 1498 triumphus
1253 1445 1316 1484 hic
1349 1446 1546 1491 innuitur,

67 1510 231 1549 obscure
252 1519 377 1549 tamen
398 1520 435 1549 et
454 1510 587 1551 dubie.

119 1578 165 1614 At
183 1575 419 1614 Christianos
435 1575 683 1624 recentiores,
697 1575 764 1626 qui
785 1576 879 1614 nihil
899 1584 965 1615 aut
979 1590 1115 1628 parum
1132 1590 1153 1614 e
1166 1574 1362 1628 judaismo
1374 1577 1547 1615 retinue-

67 1648 170 1688 rant,
189 1640 315 1678 minus
338 1641 546 1679 verisimile
570 1649 626 1679 est
645 1640 734 1679 huic
754 1654 923 1692 unquam
945 1642 1027 1693 spei
1046 1642 1206 1679 multum
1237 1642 1386 1680 favisse.
1411 1642 1547 1692 ltaque

66 1704 303 1756 nulla-hujus
320 1705 374 1744 rei
391 1706 535 1744 mentio
551 1706 587 1744 in
605 1705 816 1756 Sibyllinis,
834 1706 905 1744 nisi
926 1707 1040 1744 semel
1061 1705 1158 1744 libro
1175 1706 1230 1753 11,
1247 1719 1322 1743 non
1340 1719 1429 1744 sane
1449 1705 1549 1744 inter

65 1771 351 1823 antiquissimos
366 1770 562 1817 habendo,
579 1769 644 1809 sed
663 1770 764 1808 circa
778 1771 903 1808 saeculi
921 1771 1021 1809 tertii
1040 1770 1202 1808 mediam
1221 1778 1365 1821 partem
1382 1766 1544 1820 scripto.

66 1837 123 1876 lbi
143 1850 235 1875 vero
261 1836 299 1874 in
328 1837 446 1874 alium
468 1849 619 1874 sensum
647 1836 901 1887 detorquetur
926 1845 964 1874 et
985 1837 1100 1888 plane
1125 1837 1333 1875 frustratur
1358 1835 1422 1873 illa
1446 1848 1544 1886 spes,

64 1902 155 1941 Nam
183 1901 381 1954 finguntur
408 1901 565 1953 quidem
594 1914 641 1939 ex
671 1901 829 1941 Oriente
856 1901 981 1940 redire
1008 1901 1152 1948 tribus,
1182 1913 1268 1952 quae
1296 1912 1381 1939 cum
1407 1900 1547 1938 ceteris
1589 1950 1593 1954 .

60 1970 203 2018 juuctae
228 1958 508 2005 duodenarium
543 1966 726 2016 impleant
754 1979 981 2018 numerum3
1013 1966 1091 2004 imo
1112 1965 1160 2003 de
1181 1964 1375 2017 gentibus,
1400 1964 1439 2002 id
1471 1972 1547 2011 est,

67 2045 112 2070 ne
131 2032 282 2080 dubita,
304 2032 351 2070 de
370 2031 550 2071 Romanis
567 2031 764 2069 victoriam
787 2031 914 2082 primo
928 2031 1074 2083 impetu
1095 2029 1330 2083 reportaturi
1352 2042 1541 2081 magnam-

66 2112 139 2151 que
156 2099 201 2137 iis
220 2098 426 2149 perniciem
447 2096 590 2135 illaturi
609 2106 814 2144 canuntur,
833 2110 869 2133 v.
892 2110 978 2144 ¹70·
999 2110 1085 2148 sqq.
1104 2111 1113 2135 ε

487 2160 603 2201 Ambe
620 2161 650 2199 δ’
669 2162 784 2205 αὐτοῖς
802 2161 905 2213 χόλος
918 2159 1014 2209 ἥξει,

221 2226 348 2266 Ἡνίκα
370 2226 611 2280 δωδεκάφυλος
633 2225 694 2263 ἀπ’
711 2225 872 2272 ἀντολίης
890 2225 971 2270 λαὸς
985 2224 1060 2272 ἥξει
1070 2257 1082 2274 ‚

223 2291 395 2340 Ζητήσων
409 2291 492 2330 λαὸν
502 2322 515 2341 ,
536 2290 572 2329 ὃν
588 2290 767 2329 ἀπώλεσεν
789 2289 966 2344 Ἀσσύριος
978 2288 1071 2329 κλὼν
1083 2318 1093 2337 ,

223 2356 426 2410 Συμφύλων
446 2355 645 2409 Ἓὸραίων·
662 2355 741 2403 ἔθνη
762 2355 790 2392 δ’
812 2355 870 2393 ἐπὶ
889 2360 998 2393 τοῖσιν
1012 2356 1187 2394 ὀλοῦνται.

65 2423 169 2461 lllam
196 2431 323 2461 tamen
342 2421 539 2459 victoriam
561 2421 638 2459 cito
659 2421 698 2458 in
717 2431 851 2459 ventos
869 2420 1075 2467 abituram,
1093 2420 1312 2472 iterumque.
1331 2420 1544 2458 servituros

67 2488 258 2532 Hebraeos,
277 2487 404 2525 statim
427 2486 597 2532 additur,
611 2500 645 2525 v.
666 2493 750 2534 174,
770 2500 827 2537 sq.
850 2500 860 2523 t

218 2551 391 2605 ’Υστερον
414 2544 457 2589 αὖ
474 2550 867 2604 ἄρξουσινὺπερμενέων
888 2550 1079 2603 ἀνθρώπων

221 2616 423 2655 Ἔκλεκτῶν
440 2617 573 2653 πιστῶν
587 2615 787 2667 Ἓὸραίων,
807 2613 1138 2658 καταδουλώσαντες

221 2679 372 2731 Αὐτοὺς,
389 2681 434 2723 ὡς
449 2679 488 2718 τὸ
509 2678 682 2732 πάροιθεν.

64 2745 174 2784 Unde
192 2745 410 2795 colligimus
427 2744 513 2782 illos
537 2746 677 2782 frustra
700 2744 877 2794 victores,
898 2757 985 2781 mox
1007 2756 1027 2780 a
1052 2742 1246 2794 gentibus,
1269 2742 1307 2780 id
1327 2750 1398 2793 est,
1418 2755 1437 2780 a
1459 2744 1537 2783 Ro-

66 2811 183 2849 manis
215 2823 348 2848 rursus
374 2810 412 2847 in
433 2810 656 2847 servitutem
679 2809 856 2847 adactum
885 2808 933 2847 iri
954 2810 1091 2859 :longe
1120 2807 1193 2845 hoc
1212 2807 1367 2859 quidem
1387 2806 1495 2846 abest
1515 2821 1536 2845 a

58 2873 359 2925 judaizantium,
382 2874 430 2912 de
460 2872 602 2924 quibus
634 2872 750 2910 modo
770 2872 1009 2920 dicebamus,
1037 2871 1206 2911 somniis.
1229 2871 1302 2910 Sed
1324 2871 1546 2910 notandum·

67 2940 163 2990 haec,
179 2939 350 2978 secundo
365 2938 484 2987 libro,
506 2937 607 2976 uude
623 2953 641 2975 a
658 2937 769 2976 nobis
784 2938 894 2976 allata
916 2946 1004 2975 sunt
1017 2967 1026 2985 ,
1046 2946 1131 2988 post
1151 2935 1373 2976 Antichristi
1392 2935 1536 2974 adven-

68 3012 143 3041 tum
162 3002 268 3056 poni,
291 3011 330 3042 ut
354 3002 511 3043 dubium
539 3003 659 3040 videri
683 3002 816 3054 possit,
842 3001 1116 3040 Antichristine
1132 3014 1179 3039 an
1195 3000 1456 3040 Romanorum
1472 3014 1536 3040 ar-
