1686 3500
139 183 234 228 408
527 182 605 226 AD
639 182 793 226 SlBYI
796 181 909 227 ,ΗΝ
913 181 986 227 05
1020 181 1229 226 LIBROS

138 292 171 317 v.
226 280 290 329 93,
315 291 372 329 sq.
400 278 454 317 Τὸ
472 279 533 330 ζῇν
555 279 591 316 ἰν
607 276 744 332 θανάτῳ
766 278 1008 330 δοκιμάζεται·
1030 277 1128 319 εἴτις
1146 275 1291 328 ἔπραξεν

397 341 612 394 Ἐκνομονῆ
632 342 787 390 δίκαιον,
811 341 1022 396 διακρίνεται
1042 341 1088 383 εἰς
1108 339 1222 392 κρίσιν
1242 340 1362 378 ἐλθών.

121 420 174 446 -v.·
224 407 298 458 95.·
398 405 498 454 Μηδὲ
517 405 642 460 φρένας
659 406 825 459 βλάπτειν
846 407 929 459 οἴνῳ
942 436 952 454 ,
974 405 1060 456 μηδ’
1073 404 1210 457 ἄμετρα
1223 403 1350 442 πίνειν.

132 483 168 511 v.
217 472 284 521 96.
393 464 492 523 Αἷμα
515 471 550 509 δὲ
571 470 620 523 μὴ
641 471 800 525 φαγέειν,
819 468 1050 509 εἰδωλοθύτων
1070 468 1101 507 δ’
1123 468 1330 522 ἀπέχεσθαι.

132 549 170 576 v.
203 548 290 576 102.
398 537 533 583 Κτῆσις
554 535 719 588 ὀνήσιμός
735 536 805 575 ἐσθ’
824 533 948 582 ὁσίων,
970 534 1099 571 ἀδίκων
1120 532 1155 571 δὲ
1175 532 1323 585 πονηρά.

131 614 166 640 v.
200 601 284 650 106,
312 614 368 653 sq.
397 600 463 644 Ὦς
485 599 572 647 ξένοι
592 600 751 649 ἀλλήλων
764 613 774 624 ·
797 599 899 644 ξεῖνος
915 598 952 637 δέ
970 614 1009 650 γε
1029 597 1121 642 οὔτις
1140 600 1174 636 ἐν
1194 590 1274 649 ὑμῖν

391 665 551 714 ''Eam-3
568 665 643 706 ἐπεὶ
663 666 787 708 πάντες
802 664 916 718 βροτοὶ
935 662 1079 715 αἵματος
1097 663 1130 708 ἐξ
1149 662 1222 707 ἑνός
1239 665 1328 702 ἐστι.

130 745 165 770 ν.
200 745 287 784 109,
312 745 371 784 sq.
399 731 501 779 Μηδὲ
520 731 627 774 θέλοις
645 731 825 777 πλουτεῖν,
848 729 930 780 μηδ’
947 727 1070 780 εὔχου·
1091 727 1182 766 ἀλλὰ
1200 727 1271 766 τόδ’
1292 727 1394 779 εὔχου

393 797 467 849 Ζῇν
487 795 555 834 ἀπὸ
572 798 640 834 τῶν
655 794 778 847 ὀλίγων
792 824 802 842 ,
819 794 939 833 ἄδικον
957 792 994 832 δέ
1007 808 1043 832 τε
1059 791 1168 843 μηδὲν
1188 792 1325 845 ἔχοντα.
1381 808 1384 811 ·

129 874 166 902 v.
201 875 215 899 ι
227 874 288 907 12,
313 875 369 913 sq.
399 860 461 907 Μὴ
477 859 580 904 πόθος
597 860 644 902 εἷς
660 858 790 912 χρυσὸν
807 856 830 904 ἢ
850 859 897 902 εἷς
912 857 1058 911 ἄργυρον
1070 871 1078 879 ·
1100 857 1136 895 ἐν
1155 856 1188 895 δ’
1203 856 1270 908 ἄρα
1286 856 1345 895 καὶ
1363 860 1435 898 τοῖς

390 924 560 963 Ἔσσεται
573 922 738 977 ἀμφήκης
754 920 965 976 θυμοφθόρος
978 919 1058 960 ἔνθα
1073 921 1223 973 σίδηρος.

129 1003 168 1028 v.
205 1004 290 1040 ¹¹9·
397 987 497 1036 Μηδὲ
516 985 633 1030 δόλους
653 987 794 1041 ῥίπτειν
807 1001 816 1010 ·
839 985 887 1037 μὴ
911 985 996 1038 πρὸς
1015 985 1114 1039 φίλον
1136 979 1221 1037 ἦτορ
1237 984 1403 1029 ὁπλίζειν.

128 1067 164 1093 v.
197 1066 282 1094 ευ.
388 1053 503 1092 Πᾶσιν
524 1052 553 1091 δ’
571 1050 697 1096 ἄπλοος
716 1050 812 1102 ἴσθι,
825 1049 870 1088 τά
888 1050 920 1089 τ’
935 1052 974 1088 ἐκ
992 1052 1104 1104 ψυχῆς
1122 1049 1280 1104 ἀγόρευε.

128 1133 169 1161 v,
204 1120 288 1164 143.
394 1116 454 1164 Μὴ
469 1116 651 1170 φθονερὸς,
673 1115 722 1168 μὴ
745 1117 886 1159 ἄπιστος
905 1115 966 1168 ἔσῃ
981 1145 992 1167 ,
1012 1114 1061 1165 μὴ
1080 1113 1236 1168 λοίδορος
1253 1113 1337 1154 ἴσθι.

180 1183 223 1221 In
241 1182 299 1220 his
318 1182 395 1219 duo
416 1190 505 1219 sunt
526 1194 661 1219 vei-sus
677 1195 696 1219 a
715 1180 943 1232 Theognide
957 1180 1117 1232 accepti,
1136 1192 1172 1218 v.
1198 1192 1288 1229 109,
1305 1192 1378 1230 sq.,
1392 1178 1605 1230 leviterque

128 1244 282 1295 inflexi,
301 1253 345 1284 ut
362 1245 458 1283 alter
480 1258 501 1283 e
523 1253 763 1296 pentametro
786 1245 1008 1283 hexameter
1037 1246 1158 1283 (ieret.
1185 1244 1328 1281 Versus
1352 1256 1424 1281 102
1459 1251 1496 1281 et
1531 1256 1601 1281 122

125 1309 217 1348 boni
235 1319 337 1359 sunt,
357 1311 422 1347 vix
437 1309 629 1360 Sibyllini,
643 1317 680 1347 ct
693 1309 852 1360 antiquo
867 1317 978 1360 poeta
996 1308 1116 1360 digni.
1135 1308 1261 1347 Ceteri
1281 1307 1455 1359 plerique
1468 1316 1603 1360 aperte

126 1383 215 1414 sunt
234 1374 295 1412 vel
315 1374 460 1423 judaici
480 1374 537 1412 vel
559 1373 777 1421 christiani,
799 1387 820 1410 e
841 1374 981 1412 sanctis
1002 1373 1111 1411 libris
1140 1386 1183 1410 ac
1210 1373 1424 1424 praesertim
1450 1385 1471 1409 e
1501 1384 1603 1410 novo

126 1440 373 1478 Testamento
394 1438 514 1489 ducti,
530 1451 600 1476 nec
621 1437 789 1486 difficile,
803 1447 844 1476 ut
858 1439 1035 1486 diximus,
1056 1437 1302 1489 agnoscendi,
1317 1450 1436 1488 quum
1456 1436 1603 1475 factura

127 1516 259 1542 versus
279 1502 518 1547 horridiore,
542 1511 621 1541 tum
642 1503 748 1551 aliis,
769 1504 947 1555 quaejam
969 1504 1184 1542 notavimus
1199 1535 1210 1552 ‚
1229 1502 1395 1540 indiciis.
1418 1502 1493 1541 Eos
1513 1514 1603 1539 vero

125 1567 323 1619 Sibyllista
345 1575 478 1605 noster
496 1575 625 1605 utrum
641 1568 689 1606 de
703 1581 772 1606 suo
788 1568 995 1617 addiderit,
1011 1581 1057 1606 an
1082 1567 1219 1606 ceteris
1232 1566 1309 1618 jam
1332 1575 1443 1604 antea
1465 1565 1604 1603 mixtos

126 1634 165 1669 in
183 1630 393 1682 exemplari
413 1643 483 1668 suo
504 1631 712 1682 repererit,
736 1631 765 1669 si
788 1631 872 1682 quis
893 1631 1068 1678 dubitat,
1086 1643 1174 1669 sane
1194 1629 1344 1667 dubitet
1363 1643 1372 1667 ι
1396 1627 1508 1667 nobis
1530 1641 1602 1665 an-

126 1695 269 1747 tiquius
301 1695 422 1734 additi
449 1695 650 1741 videntur,
678 1704 716 1734 et
744 1695 892 1748 pridem
924 1695 960 1733 in
991 1695 1132 1734 scholis
1160 1694 1346 1732 cursitare
1371 1693 1487 1732 soliti.
1508 1693 1600 1732 Nam

125 1774 226 1798 unus
245 1768 346 1799 certe
361 1760 407 1798 ad
426 1761 548 1812 prima
569 1761 747 1800 Ecclesiae
766 1771 937 1812 tempora
958 1760 1140 1812 pertinet,
1161 1772 1196 1797 v.
1211 1759 1261 1809 96
1279 1773 1287 1796 ε

283 1819 382 1875 Αἷμα
401 1824 438 1864 δὲ
458 1824 507 1877 μὴ
527 1825 666 1880 φαγέειν
683 1857 693 1874 ,
715 1824 950 1865 εἰδωλοθύτων
971 1825 1001 1863 δ’
1015 1823 1220 1877 ἀπέχεσθαι.

127 1890 196 1929 Est
216 1903 261 1929 ea
276 1890 336 1928 lex
357 1889 406 1929 ab
426 1890 517 1942 ipsis
546 1891 741 1943 Apostolis
767 1891 874 1938 data,
902 1894 987 1930 Act.
1012 1903 1095 1941 cap.
1123 1889 1181 1937 15,
1202 1900 1237 1925 v.
1265 1899 1315 1925 20
1335 1901 1344 1924 τ
1378 1885 1469 1939 Περὶ
1482 1885 1519 1924 δὲ
1534 1887 1603 1924 τῶν

125 1955 408 1995 πεπιστευκότων
440 1957 547 1994 ἐθνῶν
575 1960 677 2008 ἡμεῖς
705 1955 980 2005 ἐπεστείλαμεν,
1002 1954 1182 2008 κρίναντες
1210 1950 1449 2006 φυλάσσεσθαι
1483 1948 1605 1994 αὖτοὺς

125 2018 195 2059 ἀπὸ
231 2019 462 2059 εἰδωλοθύτων
479 2019 538 2059 καὶ
558 2018 722 2071 αἵματος,
750 2022 786 2060 κ’.
817 2037 852 2060 τ.
870 2021 903 2059 λ.
931 2018 1051 2071 Cujus
1073 2018 1164 2073 leg—is
1186 2026 1332 2069 partem
1359 2028 1486 2063 unam,
1516 2008 1604 2064 αἷμα

125 2083 163 2123 δὲ
183 2083 232 2137 μὴ
250 2083 412 2137 φαγέειν,
432 2099 520 2124 cum
536 2085 733 2135 judaismo
747 2116 757 2136 ,
781 2085 883 2124 unde
900 2095 985 2124 orta
1007 2092 1108 2132 erat,
1126 2077 1360 2122 obsolevisse
1375 2080 1499 2118 facilev
1517 2092 1604 2117 cre-

124 2149 272 2202 dimus;
305 2164 375 2188 nec
404 2150 520 2189 tertio
542 2151 681 2189 saeculo
715 2151 794 2189 fere
822 2150 963 2198 medio,
984 2158 1063 2188 tum
1098 2160 1215 2199 quum
1236 2145 1327 2184 libri
1352 2145 1425 2184 let
1442 2144 1478 2184 11
1505 2144 1602 2181 scri·

123 2214 342 2264 bebantur,
362 2223 444 2254 erat
470 2228 594 2254 causae
622 2229 691 2254 cur
722 2216 899 2254 alterutri
931 2214 1132 2267 quisquam
1164 2219 1361 2264 praecepto
1390 2209 1606 2256 insisteret,

127 2279 230 2318 unde
254 2280 410 2319 videtur
429 2281 490 2319 hic
505 2294 637 2320 versus
657 2282 826 2320 anterius
843 2281 958 2320 fuisse
973 2279 1144 2319 numeris
1162 2278 1343 2316 inclusus.

179 2344 231 2383 Ut
250 2357 356 2394 vero,
371 2359 454 2397 quae
470 2355 559 2385 sunt
575 2346 612 2384 in
634 2346 708 2385 hoc
725 2347 851 2400 capite
867 2346 1073 2398 disputata,
1090 2343 1222 2396 paucis
1239 2353 1487 2388 resumamus,
1503 2339 1604 2380 Pho-

127 2406 279 2456 cylideae
304 2421 451 2460 gnomae
470 2411 628 2449 secundi
646 2410 736 2449 libri
757 2425 834 2449 non
859 2420 948 2450 sunt
964 2411 1003 2449 in
1023 2423 1108 2448 eum
1134 2409 1263 2447 locum
1292 2407 1449 2452 inqtrusae
1469 2403 1518 2442 ab
1538 2402 1604 2441 ali-

126 2483 204 2522 quo
233 2473 466 2524 recentiore,
498 2475 562 2514 sed
589 2474 743 2527 abipso
771 2475 988 2527 Sibyllista3
1007 2474 1221 2524 desumptae
1242 2470 1388 2509 scilicet
1413 2482 1433 2508 e
1456 2469 1602 2518 Phocy-

127 2534 216 2574 lidis
235 2538 409 2578 carmine,
427 2541 634 2593 νουθετικῷ,
658 2540 718 2578 vel
734 2540 818 2591 ipso
834 2540 901 2578 illo
917 2539 1022 2591 quod
1046 2551 1147 2576 nunc
1165 2535 1372 2582 habemus,
1390 2533 1448 2573 vel
1466 2533 1539 2585 ipsi
1556 2532 1603 2570 si·

127 2599 313 2651 millimo;
329 2602 432 2653 quod
452 2611 577 2642 tamen
593 2618 671 2642 non
691 2613 746 2643 est
762 2606 971 2656 genuinum
993 2600 1214 2652 Phocylidis
1235 2612 1346 2652 opus,
1360 2598 1424 2637 sed
1443 2598 1601 2637 alterum

130 2675 178 2701 ex
209 2662 292 2714 ejus
318 2673 444 2715 poetae
467 2666 642 2705 versibus
662 2668 969 2706 consarcinatum
999 2667 1078 2705 sive
1097 2674 1184 2704 ante
1204 2664 1400 2703 Christum
1421 2676 1443 2700 a
1460 2660 1602 2701 Judaeis

129 2726 423 2777 Alexandrinis,
443 2730 523 2768 sive
543 2741 631 2782 post
649 2731 841 2770 Christum
864 2745 884 2770 a
904 2744 1012 2770 novae
1036 2729 1233 2781 religionis
1257 2725 1482 2775 cultoribus,
1499 2726 1577 2763 sive
1590 2752 1599 2770 ,

129 2791 233 2843 quod
255 2806 347 2831 vero
379 2795 538 2846 propius
564 2795 731 2846 videtur,
757 2797 1008 2849 compositum
1037 2809 1059 2834 a
1081 2794 1222 2835 Judaeis
1248 2792 1436 2845 primum,
1467 2788 1600 2828 deinde

128 2868 151 2894 a
182 2856 410 2896 Christianis
442 2860 701 2911 recognitum,
732 2870 769 2899 et
805 2862 960 2901 sortasse
981 2874 1057 2899 non
1079 2860 1194 2905 semel
1211 2872 1282 2897 nec
1303 2869 1379 2895 uno
1406 2855 1520 2894 modo
1543 2865 1600 2891 re-
