1737 3495
554 203 557 208 ’
592 197 940 243 ’ῑΕΧουιιευε
977 199 1029 243 v,
1150 200 1164 210 ‘⁷
1411 230 1420 241 ,
1472 191 1567 247 ’3ἱῡ

101 306 295 351 occupatu
313 295 472 335 ldumaei
488 305 701 349 ceteraeque
722 296 856 336 vieinae
875 304 1004 348 gentes
1019 323 1030 342 ,
1050 297 1194 339 invidia
1225 306 1358 347 motae,
1385 298 1571 339 adversus

101 364 264 406 Judaeam
290 363 628 411 conspiraveran23
655 374 726 400 nec
755 361 836 399 sine
867 369 1035 399 tremore
1061 362 1355 412 exspectabatur
1378 364 1572 404 rediturus

101 441 185 470 mox
202 440 222 465 e
244 423 401 464 Perside
421 425 545 463 victor
561 425 784 464 Antiochus.
806 427 939 476 Itaque
956 424 1058 461 inter
1078 425 1276 475 praesentis
1292 439 1490 467 successus
1508 429 1571 467 lae-

103 493 214 532 titiam
234 497 271 528 et
290 488 426 540 reliqui
446 490 665 527 certaminis
682 490 882 527 imminens
902 488 1114 539 periculum
1135 489 1320 539 ancipites
1336 501 1445 530 erant
1466 494 1574 532 men-

103 567 153 596 tes
167 553 390 594 certantium
412 566 484 603 pro
505 554 628 604 patria
644 554 883 592 Judaeorum.
901 552 950 591 lis
968 566 1059 590 vero
1076 552 1115 589 in
1138 553 1232 591 locis
1250 552 1390 604 quibus
1406 569 1480 594 non
1497 566 1570 596 tam

103 619 335 674 propinquus
348 616 515 655 instabat
530 618 660 669 timor,
678 619 715 655 in
733 617 896 669 AEgypto
911 616 1101 664 videlieet,
1121 616 1189 654 ubi
1206 624 1310 654 tanta
1324 626 1405 656 erat
1418 619 1573 659 Judaeo·

102 699 178 724 rum
198 683 307 733 copia
324 690 365 718 ut
385 682 624 720 Alexandriae
640 683 750 721 tertia
767 696 855 734 pars
872 691 911 720 et
927 695 1018 733 gens
1035 682 1074 719 in
1089 691 1202 731 gente
1217 681 1440 730 haberetur,
1457 698 1574 735 quan-

103 760 175 788 tum
198 755 308 798 putas
337 746 562 785 efferbuisse
589 747 690 785 illius
715 747 975 785 multitudinis
995 746 1164 795 animos,
1185 745 1324 784 auditis
1341 760 1498 785 snorum
1518 749 1573 787 vi·

53 799 55 801 Ι
102 813 242 853 ctoriisl
262 812 316 850 Ac
336 811 510 861 plerique
530 811 878 862 postAntiochum,
898 823 1012 862 quem
1028 809 1102 848 sibi
1121 809 1314 861 fingebant
1330 811 1524 850 cumulum
1536 822 1574 850 et

104 881 205 916 linem
223 875 395 913 luunanis
412 875 554 912 assei-re
572 874 1078 922 calamitatibus,venturum
1090 873 1495 925 sperabantMessiam,
1508 877 1575 928 qui

103 954 193 981 nova
212 939 337 990 gentis
360 948 498 977 sanctae
515 940 588 978 sata
609 940 887 990 auspicaretur.
906 939 996 977 Eam
1016 947 1097 976 tum
1114 952 1353 977 communem
1379 940 1493 979 fnisse
1507 942 1576 980 Ju-

103 1007 262 1045 daeorum
279 1003 619 1054 exspectationem,
644 1004 761 1042 multa
784 1003 959 1048 suadent,
983 1002 1136 1041 favente
1159 1005 1197 1040 in
1218 1004 1383 1054 speciem
1404 1004 1485 1055 ipsa
1499 1006 1576 1044 Da-

103 1070 203 1110 nielis
219 1068 441 1120 prophetia,
460 1082 544 1119 cap.
570 1082 632 1113 11,
652 1083 689 1108 v.
707 1076 769 1119 (ιο,
790 1082 893 1119 sqq..
912 1076 949 1106 et
967 1082 1051 1119 cap.
1073 1068 1304 1118 imMagnos
1320 1069 1435 1119 igitur
1451 1079 1577 1109 motus

103 1136 306 1174 nnimormn
329 1134 366 1170 in
384 1133 549 1184 [Egypto
571 1133 684 1171 fuisse
705 1133 906 1171 verisimile
925 1142 1001 1179 est,
1023 1132 1264 1171 Alexandriae
1285 1135 1516 1185 przesertim,
1536 1135 1574 1174 in

103 1201 174 1246 illa,
192 1212 305 1249 quum
326 1198 506 1247 diximus,
522 1198 746 1236 Judaeorum
771 1198 1032 1236 multitudine.
1050 1185 1145 1244 Quis
1176 1206 1264 1235 tnnc
1281 1198 1333 1235 ibi
1353 1198 1577 1238 Abrahamo

103 1275 195 1303 satus
214 1272 251 1300 et
271 1263 403 1314 patriae
418 1276 548 1301 amans
568 1277 643 1300 non
661 1271 860 1313 cognatam
880 1262 1029 1314 plebem
1046 1263 1092 1300 ad
1112 1275 1215 1300 arma
1231 1263 1431 1313 capienda,
1444 1264 1576 1303 saltem

105 1330 144 1367 atl
163 1328 353 1380 suppetias
372 1328 557 1366 fratribus
576 1328 798 1373 mittendas,
826 1328 872 1366 ad
904 1328 1160 1367 inchoandum
1180 1342 1324 1365 novum
1351 1330 1496 1367 Judaeae
1519 1344 1578 1369 rc-

104 1407 209 1446 gnum
223 1392 525 1432 adhortaretur?
538 1393 612 1431 Sed
629 1393 716 1431 licet
730 1392 886 1444 AEgypti
903 1393 1005 1431 inter
1031 1402 1068 1431 et
1083 1392 1205 1443 Syriae
1223 1406 1329 1444 reges
1351 1407 1496 1445 magnae
1511 1409 1579 1433 nu-

105 1472 165 1510 per
182 1457 444 1495 interfuissent
470 1457 703 1504 simultates,
733 1465 843 1495 erant
872 1465 964 1495 tunc
997 1471 1045 1495 ex
1074 1457 1217 1496 soedere
1246 1460 1465 1510 compositae
1493 1460 1575 1508 res,

104 1523 338 1561 concordiam
358 1523 528 1573 utrisque
541 1522 727 1560 suadebat
742 1536 860 1573 quum
878 1523 1027 1573 privata
1043 1522 1204 1568 utilitas,
1221 1530 1298 1559 tum
1316 1523 1576 1563 Romanorum

106 1596 239 1636 metus,
278 1595 358 1624 tum
387 1587 500 1624 etiam
530 1600 735 1624 commune
764 1585 919 1637 regibus
949 1586 1135 1624 adveisus
1171 1586 1401 1625 rebellantes
1430 1588 1575 1628 odium.

106 1653 280 1690 Praeterea
298 1651 594 1690 Ptolemaeorum
609 1650 816 1702 plurimum
836 1651 1239 1700 intererat,contineri
1257 1651 1497 1690 Alexandria·
1510 1666 1579 1691 nec

105 1719 137 1753 in
154 1715 322 1755 ,ludaeam
355 1715 496 1753 remitti
528 1723 672 1753 tantam
704 1723 860 1766 tamque
887 1715 1019 1752 utilem
1044 1714 1166 1765 plebis
1190 1723 1350 1766 partem.
1368 1716 1439 1754 Vix
1460 1717 1579 1767 igitur

105 1779 246 1818 dubites
262 1793 501 1832 compressos
520 1789 611 1818 tune
637 1779 752 1830 regiis
768 1778 903 1817 edictis
924 1779 1040 1818 fuisse
1058 1779 1279 1818 ,ludaeorum
1299 1781 1578 1819 Alexandrino-

106 1860 179 1884 rum
198 1847 373 1898 impetus.
392 1850 518 1897 Atque
535 1845 586 1884 ob
606 1846 706 1884 lianc
719 1875 729 1893 ‚
749 1845 821 1882 nisi
841 1845 1024 1891 fallimur,
1044 1857 1216 1892 causam,
1236 1845 1379 1884 Graecis
1392 1847 1472 1884 sive
1485 1860 1578 1898 gen-

105 1912 222 1950 tilibus
249 1912 389 1950 malum
412 1912 581 1949 minatur
602 1920 712 1962 poeta
727 1941 737 1959 ,
765 1910 840 1948 nisi
863 1910 1021 1948 Judaeos
1043 1910 1253 1958 dimittant,
1283 1924 1381 1962 quos
1397 1912 1478 1962 ipse
1493 1911 1577 1951 λαὀν

106 1976 238 2015 ἄδουλον
257 1985 383 2024 vocat,
405 1976 444 2014 id
461 1985 530 2020 est,
548 1989 623 2012 non
649 1975 740 2012 satis
760 1983 915 2012 strenue
930 1974 1004 2011 sibi
1019 1977 1298 2022 consulentem,
1317 1988 1354 2013 v.
1375 1979 1466 2026 734,
1482 1989 1577 2027 sqq.:

249 2041 394 2084 Στ,εῖλον
413 2041 454 2088 δὴ
476 2041 534 2078 ἐπὶ
551 2040 653 2087 τήνδε
669 2039 771 2078 πόλιν
790 2039 848 2078 τὸν
862 2039 945 2078 λαὸν
961 2038 1108 2078 ἄδουλον
1122 2069 1132 2087 ,

249 2103 363 2145 “Oete
381 2122 439 2158 μιν
457 2104 493 2150 ἐξ
512 2105 610 2152 ὁσίης
625 2104 728 2156 γαίης
746 2103 890 2143 πέλεται
908 2106 1085 2156 μεγάλοιο.

249 2169 313 2217 Μὴ
332 2169 420 2208 κίνει
445 2171 658 2222 Καμάριναν
672 2182 681 2191 ·
702 2170 864 2217 ἀκίνητος
881 2168 947 2222 γὰρ
968 2170 1120 2221 ἀμείνων
1135 2181 1148 2193 ·

252 2234 435 2288 Πᾶρδαλιν
452 2236 491 2273 ἐκ
508 2234 643 2282 κοίτης,
665 2232 771 2285 μήτοι
791 2233 898 2272 κακὸν
914 2233 1164 2285 ἀντιὸολήσῃς.

251 2297 344 2337 Ἀλλ’
361 2297 514 2350 ἀπέχου,
530 2298 613 2350 μήδ’
634 2298 706 2350 ἴσχ’
725 2297 942 2353 ὑπερήφανον
967 2299 1001 2337 ἐν
1022 2298 1186 2345 στήθεσσι

250 2363 374 2415 Θυμὸν
391 2364 622 2418 ὑπερφίαλον,
644 2364 781 2406 στείλας
800 2363 884 2417 πρὸς
899 2364 1015 2413 ἀγῶνα
1027 2363 1207 2416 κραταιόν.

108 2427 268 2468 Notanda
290 2439 378 2468 sunt
398 2431 532 2468 ultima
552 2429 669 2468 verba
682 2463 691 2479 ‚
705 2430 842 2472 στείλας
858 2429 944 2483 πρὸς
961 2431 1079 2480 ἀγῶνα
1096 2429 1277 2481 κραταιόν,
1294 2443 1380 2482 quoe
1397 2427 1468 2471 nos
1485 2433 1577 2472 olim

108 2493 140 2529 in
156 2493 470 2545 interpretatione
494 2495 633 2542 latina,
662 2495 921 2532 Castalionem
937 2495 1079 2543 secuti,
1100 2495 1150 2532 ita
1173 2496 1355 2534 vertimus
1377 2505 1418 2534 ut
1439 2497 1579 2544 στείλας

107 2566 232 2595 neutro
256 2572 368 2597 sensu
395 2559 564 2610 positum
593 2560 882 2607 intelligeretur,
901 2567 938 2596 et
961 2559 1094 2597 στεῖλαι
1119 2558 1203 2611 πρὸς
1221 2559 1339 2610 ἀγῶνα
1355 2560 1457 2600 idem
1478 2572 1578 2603 esset

108 2622 201 2670 quod
214 2623 318 2661 adire
332 2632 541 2662 certamen.
559 2625 686 2672 Nunc,
704 2632 850 2661 mutato
865 2623 1040 2672 consilio,
1058 2637 1188 2661 vocem
1203 2623 1304 2661 hanc
1317 2625 1443 2664 activo
1464 2639 1575 2666 sensu

108 2685 155 2724 sic
171 2688 390 2740 accipimus,
408 2698 449 2727 ut
465 2702 592 2740 snpra,
611 2689 744 2728 στεῖλον
763 2687 804 2734 δὴ
823 2687 993 2735 ἐπὶτήνδε
1007 2688 1121 2728 πόλιν.
1142 2688 1194 2726 lta
1211 2687 1326 2738 jubet
1344 2698 1447 2728 vates
1466 2691 1579 2743 AEgy·

109 2751 263 2799 ptiornm
288 2767 414 2805 regem
433 2754 698 2794 Philometor-a
722 2761 869 2804 partem
890 2753 1087 2791 Judaicam
1110 2753 1374 2792 Alexandrinae
1397 2754 1520 2806 plebis
1537 2756 1574 2794 iu

110 2816 258 2863 patriam
273 2818 466 2858 dimittere
480 2819 527 2857 ud
548 2819 787 2857 sustinendas
803 2827 935 2856 contra
953 2816 1183 2858 Antiochum
1199 2831 1334 2870 graves
1349 2833 1506 2872 pugnas.
1520 2821 1576 2859 Sit

110 2887 220 2920 tamen
250 2898 358 2922 suum
386 2885 525 2935 cuique
548 2884 594 2923 (lc
625 2884 696 2922 hoe
723 2897 830 2922 versu
853 2883 1062 2932 judicium,
1087 2883 1399 2934 modoconstet,
1428 2885 1572 2937 reliqua
