1686 3500
685 179 986 226 EXCURSUS
1021 182 1075 227 V.
1112 246 1116 250 .
1505 185 1599 232 423

125 276 370 329 exemplaria,
384 289 470 328 quae
485 290 554 330 per
582 285 705 319 totum
723 277 923 318 medii-aevi
941 278 1144 319 decursum
1163 293 1250 321 rara
1270 282 1432 331 fuerant,
1445 272 1600 323 ‘rariora

120 342 230 381 etiam
253 339 325 379 sub
352 339 435 393 ejus
466 341 538 380 aevi
564 342 678 380 finem
708 342 836 382 fuisse.
865 343 1038 399 Quorum
1060 350 1179 382 unum
1204 344 1278 383 sibi
1303 346 1403 386 sorte
1426 346 1599 388 oblatum

120 404 300 444 habuisse
317 418 357 445 se
371 406 459 444 etin
483 405 874 457 Constantinopoleos
891 407 1178 458 expugnatione
1191 409 1373 456 amisisse,
1390 409 1602 449 testabatur

118 471 198 520 ipse
219 468 440 508 Gennadius
460 470 498 508 in
522 469 686 520 quadam
709 470 879 509 nondum
898 472 1057 510 sortasse
1076 470 1295 522 deperdita,
1315 473 1380 510 sed
1397 473 1509 514 nobis
1525 475 1603 513 sru-

116 541 192 571 stra
213 533 370 582 quaesita
391 533 633 579 tractatione,
656 535 766 586 cujus
786 534 928 573 mentio
948 535 1045 574 infra
1065 535 1140 574 fiet.
1159 535 1332 576 Alterum
1349 539 1542 589 exemplar
1558 540 1598 577 in

114 596 235 635 insula
254 597 384 649 Cypro
408 598 608 636 inventurn
636 607 765 638 narrat
790 599 990 638 Graeculus
1010 599 1089 651 jam
1112 612 1134 638 a
1156 599 1268 638 nobis
1287 600 1449 651 citatus,
1468 610 1602 641 auctor

115 661 315 712 fragmenti
342 662 524 712 anonymi
551 662 598 701 de
622 662 779 714 Sibyllis
806 664 907 715 apud
929 664 1178 709 Cramerum,
1208 664 1491 703 Anecd.1‘aris.
1510 674 1536 702 t.
1558 667 1598 714 l,

115 739 150 776 p.
178 727 269 772 834,
297 725 414 777 ithue
435 726 539 766 velut
559 727 697 765 mirum
717 728 860 779 aliquid
886 737 923 766 et
949 727 1022 766 sibi
1044 727 1327 779 lectoribusque
1348 741 1489 767 novum
1519 737 1599 768 tra·

114 789 169 827 dit
186 803 194 827 ε
214 788 355 836 Ταύτης
373 788 409 828 δὲ
426 793 487 837 τῆς
500 790 669 842 Ἑὸροιίας
687 791 863 840 Σιὸύλλης
883 792 1001 844 βίὸλον
1022 793 1084 845 [an
1109 793 1240 843 potius
1266 792 1377 846 βίὸλῳ
1389 793 1423 845 Ρ]
1440 792 1598 847 ἐνέτυχον

113 855 145 892 ἐν
160 853 305 907 Κύπρῳ,
321 869 354 896 κ.
368 870 404 894 τ.
419 856 452 894 λ.
468 857 598 907 Atqui,
612 870 732 908 quum
748 871 794 895 ex
811 858 856 895 iis
877 871 962 909 quae
981 857 1133 906 scribit,
1153 866 1232 896 tum
1251 871 1297 896 ex
1313 857 1396 910 ipsa
1415 858 1596 905 dictione,

114 920 264 958 videtur
281 919 313 958 is
329 920 446 960 homo
465 922 564 961 circa
591 923 770 962 saeculum
790 922 854 962 XV
874 923 1013 962 vixisse
1027 952 1037 971 ‚
1060 923 1098 961 id
1117 931 1188 970 est,
1210 922 1282 961 sub
1302 923 1385 975 ipsa
1403 924 1595 963 Gennadii

113 993 284 1035 tempora
298 1015 312 1035 ,
334 998 533 1036 unumque
554 987 719 1038 aliquem
744 988 858 1026 fuisse
877 988 1175 1038 Byzantinorum
1197 1002 1293 1039 quos
1313 1001 1445 1027 eversa
1472 990 1595 1039 patria

112 1049 310 1100 profugos,
330 1056 433 1088 terra
450 1051 622 1101 marique
640 1051 822 1103 jactatos,
839 1052 953 1090 Creta
971 1060 1009 1090 et
1024 1055 1173 1103 Cyprus
1193 1061 1229 1090 et
1248 1052 1358 1092 ltalia
1377 1052 1596 1104 longinquis

112 1112 287 1163 hospitiis
300 1122 549 1164 exceperunt.
565 1114 642 1153 Nec
658 1116 745 1166 plus
761 1116 1038 1166 Sibyllinorum
1057 1124 1278 1156 nostrorum
1299 1116 1457 1155 lectioni
1474 1118 1597 1155 initia-

110 1186 166 1214 tus
186 1177 301 1215 fuisse
323 1177 477 1216 videtur
497 1180 771 1218 Constantinus
791 1181 984 1228 Lascaris,
1007 1181 1078 1220 sub
1097 1181 1229 1220 eadem
1250 1191 1423 1233 tempora
1445 1182 1594 1233 vivens,

108 1241 350 1280 doctissimus
371 1242 444 1291 vir,
472 1257 588 1294 quum
610 1244 648 1282 in
678 1244 813 1284 codice
838 1259 952 1296 quem
976 1253 1097 1284 totum
1130 1258 1242 1284 manu
1272 1259 1337 1284 sua
1369 1246 1593 1298 descripsit,

108 1306 270 1346 docente
290 1307 447 1356 Iriarte‚
471 1307 568 1346 Bibl.
589 1309 755 1357 Madrit„
787 1318 815 1349 t.
842 1311 886 1355 1,
907 1323 944 1361 p.
966 1310 1056 1357 450,
1085 1319 1171 1362 post
1194 1309 1426 1361 Sibyllarum
1448 1313 1593 1350 catalo-

105 1384 193 1419 gum
209 1385 229 1409 e
246 1371 445 1410 Lactantio
456 1372 715 1425 desumptum,
731 1374 809 1413 sola
825 1384 1002 1425 tanquam
1020 1374 1215 1425 Sibyllinae
1231 1388 1391 1426 poeseos
1404 1377 1592 1427 exempla,

107 1435 352 1474 Lactantiana
371 1437 582 1488 fragmenta
600 1437 840 1478 rescriberet.
857 1440 925 1479 llis
939 1440 1055 1490 paulo
1068 1439 1200 1488 junior
1216 1440 1368 1478 Mauuel
1386 1440 1590 1492 Adramyt-

107 1508 214 1538 tenus
235 1500 272 1538 in
290 1500 455 1551 quadam
484 1503 775 1542 tractatiuncula
798 1504 963 1555 inedita,
983 1504 1122 1556 passim
1144 1513 1267 1542 tamen
1288 1504 1327 1541 in
1347 1503 1591 1545 bibliothecis

103 1564 240 1613 obvia,
262 1579 383 1616 quum
402 1566 450 1605 de
467 1567 666 1619 Sibyllinis
690 1569 1055 1609 commentationem
1077 1569 1326 1622 profiteretur
1346 1568 1420 1606 hoc
1442 1568 1553 1607 titulo
1576 1583 1583 1609 :

103 1627 262 1680 Συλλογὴ
278 1629 339 1668 καὶ
355 1630 590 1684 ἐπανόρθωσις
605 1634 674 1671 τῶν
692 1632 904 1673 Σιὸυλλείων
921 1635 1106 1688 χρησμῶν,
1120 1631 1264 1686 ὅσοιπερ
1283 1631 1361 1687 περὶ
1379 1635 1438 1671 τοῦ
1455 1632 1583 1684 Κυρίου

99 1693 200 1740 ἡμῶν
218 1691 336 1740 Ἰησοῦ
352 1696 506 1748 Χριστοῦ
523 1697 693 1748 θεολογεῖν
715 1697 754 1737 ἐκ
777 1700 838 1736 τοῦ
853 1701 1048 1751 προφανοῦς
1068 1697 1224 1736 δοκοῦσιν
1239 1726 1248 1745 ,
1266 1710 1342 1734 non
1362 1697 1434 1736 alia
1458 1704 1582 1735 tamen

98 1755 288 1807 Sibyllina
314 1760 474 1810 exponit
506 1769 619 1812 atque
647 1762 924 1814 interpretatur
943 1775 1056 1813 quam
1085 1761 1217 1800 eadem
1244 1760 1305 1799 illa
1338 1774 1359 1798 e
1386 1760 1583 1798 Lactantio

98 1821 331 1872 fragmenta3
348 1824 388 1863 in
407 1825 546 1876 quibus
565 1839 656 1865 sane
680 1841 756 1865 non
778 1828 1014 1867 constitisset
1044 1827 1102 1865 vir
1135 1826 1238 1865 haud
1262 1825 1438 1864 indoctus
1460 1839 1582 1878 neque

98 1886 272 1938 ineptus,
300 1888 330 1926 si
365 1897 444 1927 tum
471 1890 574 1941 ipsos
604 1891 723 1930 libros
754 1891 924 1942 integros
953 1900 1019 1930 aut
1045 1891 1091 1929 ad
1118 1904 1272 1929 manum
1292 1889 1491 1928 habuisset
1514 1899 1582 1929 aut

97 1951 197 2001 apud
220 1953 358 2004 vulgus
387 1953 550 1992 diffusos
571 1968 652 1994 esse
670 1957 926 2007 cognovisset.
944 1956 1053 1994 Adde
1078 1955 1182 2006 quod
1211 1947 1319 1992 annis
1346 1963 1474 2005 postea
1495 1955 1580 2009 plus

96 2016 290 2066 sexaginta
308 2017 400 2055 editi
422 2019 584 2068 primum
600 2028 722 2058 sunta
740 2020 932 2067 Betuleio,
957 2032 1036 2058 non
1057 2019 1141 2058 sine
1160 2030 1298 2069 magno
1314 2017 1455 2056 literati
1473 2016 1578 2056 orbis

94 2086 272 2130 stupore,
295 2094 412 2131 quum
435 2082 544 2133 prius
561 2083 598 2121 in
625 2083 834 2123 Occidente
853 2096 1011 2136 prorsus
1036 2082 1158 2134 ignoti
1182 2081 1358 2128 fuissent;
1377 2093 1454 2118 non
1485 2093 1575 2117 sane

95 2150 232 2181 tantam
255 2146 405 2196 passuri
428 2146 689 2197 oblivionem,
712 2148 744 2187 si
758 2148 836 2200 jam
859 2163 936 2187 uno
957 2155 1068 2187 antea
1087 2146 1226 2186 saeculo
1248 2148 1285 2182 in
1313 2144 1459 2182 Graecia
1479 2157 1571 2195 per-

91 2208 232 2260 vulgati
254 2209 426 2249 fuissent.

142 2274 218 2313 Sed
237 2287 405 2323 omnem,
426 2277 457 2314 si
477 2289 553 2327 qua
573 2287 788 2328 supererat,
812 2277 1090 2317 dubitationem
1108 2276 1209 2316 tollit
1226 2274 1412 2326 ejusdcm,
1426 2273 1473 2311 de
1493 2285 1574 2329 quo>

91 2338 202 2376 modo
229 2338 474 2389 dicebamus,
503 2341 692 2381 manuelis
724 2342 1007 2390 testimonium,
1033 2355 1109 2380 non
1140 2340 1294 2392 quidem
1322 2339 1361 2377 in
1386 2337 1567 2376 disserta-

90 2401 189 2440 tione
211 2416 329 2455 supra
355 2404 531 2455 laudata,
562 2406 629 2445 sed
658 2407 698 2445 in
726 2407 801 2445 alio
830 2406 913 2459 ejus
939 2407 1072 2445 codice
1100 2403 1356 2456 autographo,
1382 2401 1449 2454 qui
1468 2416 1570 2442 nunc

87 2476 297 2505 asservatur
318 2469 357 2506 in
385 2468 621 2509 bibliotheca
647 2472 895 2521 Monacensi,
917 2470 964 2510 n⁰
989 2484 1139 2518 cccxxl,
1167 2469 1233 2509 ubi
1259 2468 1339 2506 liaec
1359 2468 1568 2518 leguntur:

85 2526 170 2569 Ὅτι
193 2531 284 2570 κατὰ
307 2530 366 2570 τὸν
393 2535 422 2573 Γ
424 2533 576 2573 εννοίδιον
600 2535 699 2574 ἐννέα
720 2537 755 2574 αἱ
787 2535 959 2576 Σίὸυλλοιι
974 2541 1108 2574 πᾶσαι·
1137 2532 1226 2573 κατὰ
1254 2532 1289 2572 δὲ
1316 2531 1374 2571 τὸν
1399 2530 1567 2570 Λαχτᾶν-

84 2608 152 2632 τιον
172 2595 257 2647 [nbi
275 2596 382 2648 prius
403 2598 609 2649 scripserat
629 2598 877 2653 Γαλακτίωνα]
899 2599 1002 2639 δέκα
1022 2601 1073 2639 δεῖ
1091 2599 1127 2637 δὲ
1155 2597 1329 2637 πιστεύειν
1355 2596 1486 2647 μᾶλλον
1515 2597 1566 2648 τῷ

83 2659 288 2713 Λακταντίῳ
314 2660 436 2712 [prius
464 2663 493 2700 Γ
495 2662 739 2716 αλακτίωνι]
721 2680 766 2708 ως
791 2664 1024 2718 ἀρχαιοτέρῳ,
1055 2663 1113 2702 καὶ
1143 2661 1282 2714 μάλισθ’
1307 2658 1360 2700 ὅτι
1387 2659 1446 2698 τὸν
1474 2659 1564 2698 Γεν-

86 2720 194 2761 θάδιον
220 2722 310 2768 εἰκός
337 2725 430 2763 ἐστιν
455 2726 679 2766 ἐπιλαθέσθαι
708 2731 769 2767 τοῦ
791 2729 962 2781 ἀριθμου,
989 2726 1238 2767 ἀπολωλεκότα
1264 2740 1304 2764 το
1334 2714 1509 2777 βιὸλίον,
1524 2720 1573 2767 τὸ

82 2784 156 2829 τους
175 2788 400 2834 Σιὸυλλείους
419 2787 581 2843 περιέχον
599 2791 780 2845 χρησμους
803 2794 839 2832 ἐν
853 2796 897 2846 τῇ
924 2795 986 2841 τῆς
1005 2792 1138 2836 πόλεως
1159 2791 1300 2846 ἁρπαγῇ
1312 2819 1323 2839 ,
1347 2787 1438 2829 καθά
1455 2802 1571 2840 φησί*

82 2849 193 2895 αὐτός.
212 2853 298 2900 Quo
319 2854 357 2892 in
379 2854 597 2895 testimonio
620 2855 701 2895 haec
730 2866 817 2897 sunt
843 2858 1040 2910 praecipue
1067 2865 1201 2897 notatu
1225 2855 1355 2908 digna.
1384 2852 1556 2900 Primum
