1752 3495
613 213 915 258 Excunsus
942 214 1023 260 111.
1406 276 1413 286 ἱ
1446 217 1535 262 165

82 319 178 362 bros,
192 312 262 351 sub
277 310 446 360 ejusdem
466 307 529 346 dei
546 308 663 346 tutela
679 307 788 359 cujus
805 308 986 346 instinctu
1001 308 1132 359 scripti
1151 318 1297 357 essent,
1314 323 1358 348 ac
1377 311 1536 350 fortasse

81 379 147 420 sub
166 376 255 429 ipsis
280 374 341 413 dei
363 371 550 425 pedibus,
567 371 671 423 quod
698 381 831 423 postea
862 372 899 410 in
923 371 1058 411 Palatii
1078 372 1178 411 cella
1198 374 1394 425 Apollinea
1422 389 1539 427 repe-

82 445 184 483 titum
203 439 250 477 ab
267 441 440 489 Augusto
458 435 686 475 videbimus.
723 481 727 485 ⁸

129 507 208 548 Illic
225 516 288 541 eos
307 502 476 554 jacentes
495 500 664 548 invenit,
689 500 856 551 expulsis
879 513 968 538 mox
994 499 1168 551 regibus,
1195 500 1349 552 publica
1369 503 1536 542 libertas.

85 573 126 611 Et
155 569 291 606 mirum
320 579 432 609 sanc,
461 564 672 602 institutam
708 578 728 602 a
757 572 921 615 tyranno
951 564 1172 614 religionem
1204 578 1340 602 novam
1375 567 1537 606 necdum

82 634 251 678 adultam,
272 639 376 668 tanto
397 643 486 667 casu
508 637 734 667 commotam
757 642 831 667 non
856 629 981 667 fuisse.
1002 630 1057 666 An
1077 629 1198 680 igitur
1225 637 1376 667 senatus
1390 658 1400 676 ,
1420 643 1538 680 quum

82 699 185 751 regiae
212 694 388 747 potestati
413 693 654 740 succederet,
684 693 846 744 publieae
876 692 1112 730 credulitatis
1146 692 1206 731 vel
1238 693 1319 743 ipse
1348 695 1540 746 particeps

83 765 145 802 suit
161 760 217 798 vel
236 766 478 809 contemptor
498 757 620 796 videri
646 758 797 795 noluit?
818 759 896 803 An,
912 756 1015 807 quod
1036 769 1130 794 vero
1151 757 1310 807 propius
1327 786 1337 803 ,
1365 766 1537 808 paratum

83 820 486 865 tuendae'dominatibni
505 822 800 859 instrumentum
820 820 892 858 sibi
914 833 990 858 non
1010 820 1146 858 inutile
1162 820 1243 858 sore
1263 821 1439 871 putavit?
1456 821 1541 860 Uti·
1592 859 1595 863 ,

82 904 148 943 que
168 887 262 926 nihil
286 886 473 925 librorum
507 887 647 925 honori
669 886 895 937 derogatum
926 894 995 924 est.
1027 885 1216 932 Tantum,
1239 899 1323 936 quae
1349 895 1540 938 assumpta

83 958 196 994 suerat
216 967 236 991 a
254 953 466 1003 Tarquinio
489 965 622 990 eorum
645 952 761 989 tutela
791 951 838 988 ad
872 950 1148 1001 rempublicam
1179 951 1345 997 transiit,
1365 951 1466 1001 quod
1489 952 1541 989 ait

84 1018 276 1069 Dionysius
296 1030 305 1056 :
326 1015 426 1055 Μετὰ
450 1015 486 1053 δὲ
515 1015 577 1064 τὴν
597 1014 744 1061 &eol-hv
763 1017 831 1053 τῶν
855 1012 1025 1066 βασιλέων
1040 1017 1093 1063 ,ἡ
1119 1015 1217 1058 πόλις
1236 1014 1458 1054 ἀναλαὸοῢσα
1476 1015 1540 1063 τὴν

82 1087 142 1122 τῶν
161 1082 329 1134 χρησμῶν
350 1079 586 1132 προστασίαν,
606 1095 638 1118 κ.
657 1095 693 1118 τ.
714 1080 746 1118 λ.

129 1148 203 1185 Ιηιο
222 1154 298 1183 tuni
322 1144 473 1182 videtur
489 1144 651 1182 crevisse
675 1157 808 1182 eorum
828 1142 1011 1182 librorum
1041 1143 1198 1194 religio,
1228 1151 1430 1194 postquam
1451 1156 1541 1183 vere

83 1218 267 1263 coepcruut
287 1210 323 1246 in
341 1222 411 1246 usu
431 1221 526 1248 esse.
546 1210 638 1248 Nam
660 1208 763 1260 quod
788 1208 909 1246 fuerat
929 1207 1009 1246 sine
1039 1207 1159 1246 dubio
1178 1208 1378 1260 Tarquinii
1409 1209 1542 1247 consi-

82 1279 175 1324 lium,
195 1283 236 1313 ut
256 1274 464 1326 aliquando
484 1283 704 1326 opportune
731 1273 929 1311 adirentur
949 1273 995 1310 ad
1018 1272 1207 1311 sedandos
1229 1274 1460 1325 regendosvc
1484 1274 1542 1312 ci-

84 1344 173 1380 vium
207 1340 372 1386 animos,
405 1338 518 1378 ideo
539 1348 720 1391 regnante
749 1352 943 1389 nunquam
976 1337 1149 1376 videmus
1182 1347 1420 1389 usurpatum.
1450 1340 1542 1378 Mox

83 1416 194 1445 autem
221 1413 306 1457 post
333 1404 511 1454 expulsos
540 1417 671 1455 reges,
704 1403 832 1441 liberae
859 1401 1082 1454 reipublicae
1114 1416 1213 1441 anno
1233 1412 1364 1450 sexto,
1390 1404 1542 1442 Valerio

83 1471 268 1510 Publicola
301 1470 349 1508 lv
368 1469 538 1516 consule,
569 1469 692 1506 aditos
717 1469 836 1506 libros
862 1482 907 1506 ex
934 1480 1143 1518 eorumque
1173 1482 1358 1519 responso
1391 1482 1558 1510 sacrum,

84 1538 209 1574 sactum
229 1535 305 1573 Diti
337 1535 439 1573 Patri
464 1534 636 1572 videmus
657 1533 758 1584 apud
776 1533 973 1573 Plutarch.
996 1533 1033 1571 in
1055 1533 1136 1584 ojus
1157 1534 1322 1572 consulis
1339 1534 1431 1582 vita,
1457 1543 1485 1574 t.
1509 1535 1540 1582 1,

83 1616 113 1653 p.
131 1602 216 1648 423,
238 1599 296 1637 ed.
315 1598 443 1638 Reislt.
476 1600 557 1637 lmo
577 1607 666 1636 sunt
687 1598 753 1649 qui
778 1598 871 1635 illud
895 1611 1042 1635 sacrum
1062 1598 1251 1648 simulque
1270 1598 1449 1636 ludorum
1470 1613 1539 1637 sae-

82 1666 252 1704 cularium
268 1665 454 1715 originem
474 1664 548 1715 ipsi
567 1663 750 1701 libertatis
767 1676 867 1701 anuo
885 1663 1030 1713 primo,
1052 1663 1248 1701 Publicola
1265 1663 1430 1715 primum
1449 1678 1542 1702 con-

82 1731 170 1780 sule,
190 1729 380 1781 assignent
400 1744 408 1766 :
432 1729 565 1767 confer
585 1742 670 1780 quae
689 1728 736 1766 de
760 1741 804 1766 ea
825 1741 864 1766 rc
885 1728 1061 1766 (licentur
1081 1727 1177 1766 insi-a
1192 1756 1202 1774 ,
1225 1741 1308 1779 cap.
1333 1728 1391 1767 15.

125 1797 240 1842 Quam
260 1809 359 1846 saepe
381 1802 508 1845 postea
529 1795 603 1831 sint
628 1793 741 1841 aditi,
767 1807 898 1844 quaevc
917 1806 963 1830 ex
992 1794 1037 1830 iis
1057 1792 1221 1831 remedia
1243 1793 1406 1844 publicis
1432 1794 1538 1833 malis

81 1860 251 1909 adbibita,
272 1860 423 1911 longum
449 1861 496 1897 sit.
517 1859 580 1897 hic
604 1872 845 1905 enumerare,
876 1872 946 1896 nec
976 1858 1129 1909 longum
1154 1858 1284 1909 modo,
1304 1858 1367 1897 sed
1392 1873 1539 1911 super-

81 1939 369 1976 vacuum‚quurn
389 1924 488 1961 infra
502 1937 572 1962 suo
593 1923 678 1961 loco
697 1923 832 1961 seriem
848 1936 996 1960 omnem
1016 1922 1209 1973 Sibyllina·
1225 1923 1327 1974 apud
1348 1925 1536 1962 Romanos

82 1991 235 2029 historiae
267 1990 376 2040 quasi
407 1989 444 2026 in
471 1989 624 2027 annales
655 1987 849 2025 reducturi
880 1972 1138 2026 siuuis.⁴Satis
1163 2001 1264 2025 nunc
1292 1988 1340 2025 sit
1373 1988 1532 2037 dixisse,

81 2064 257 2094 crescente
287 2053 486 2092 hominum
514 2053 614 2091 circa
643 2052 707 2090 illa
730 2051 884 2090 oracula
907 2052 1201 2103 superstitione,
1222 2067 1268 2090 eo
1294 2052 1444 2091 taudem
1465 2053 1536 2091 de-

82 2130 220 2158 ventum
242 2133 321 2158 esse
341 2127 380 2157 ut
400 2119 478 2157 fere
501 2119 615 2156 tertio
633 2131 788 2169 quoque
809 2117 868 2155 vel
901 2126 1041 2168 quarto
1062 2131 1162 2155 anno
1191 2127 1353 2172 propter
1382 2118 1536 2170 aliquod

81 2185 148 2223 sive
166 2193 380 2236 portentum
414 2185 490 2223 sive
525 2184 663 2221 malum
694 2183 892 2234 publicum
915 2193 1068 2222 senatus
1087 2183 1238 2222 decreto
1266 2184 1351 2222 libri
1374 2185 1538 2237 inspice·

82 2262 222 2299 rentur,
247 2265 293 2291 ex
312 2265 434 2303 eoque
464 2265 571 2289 sacra
601 2251 727 2302 aliqua
760 2259 1070 2301 procurarentur.
1103 2250 1213 2296 Quod
1238 2251 1428 2302 praecipue
1458 2249 1538 2288 ob-

81 2331 217 2355 servare
238 2318 328 2355 licet
352 2317 454 2354 inter
476 2330 594 2354 annos
619 2315 667 2353 ab
694 2315 799 2354 Urbe
827 2315 981 2353 condita
1000 2329 1143 2353 nxxxvx
1168 2324 1204 2353 et
1227 2329 1401 2364 nnxxxV,
1433 2329 1535 2367 quo-

82 2383 167 2421 niam
196 2383 308 2435 hujus
345 2383 530 2421 intervalli
570 2382 683 2434 plena
720 2390 893 2434 superest
921 2383 1102 2420 memoria
1135 2382 1236 2432 apud
1280 2381 1448 2429 Livium,
1475 2395 1538 2419 so-

82 2448 174 2486 litum
203 2448 420 2500 hujusmodi
445 2448 647 2500 religiones
677 2448 881 2499 diligenter
912 2448 988 2484 suis
1009 2448 1101 2485 locis
1123 2448 1283 2495 referre,
1303 2462 1371 2485 nec
1401 2448 1538 2485 imme·

81 2512 169 2549 rito:
189 2528 274 2551 nam
293 2514 451 2552 Xvirum
472 2514 754 2559 commentarii,
788 2526 884 2564 quos
911 2513 949 2550 in
967 2513 1026 2550 liis
1048 2512 1162 2550 rebus
1188 2514 1293 2563 sequi
1324 2513 1494 2560 videtur,
1516 2527 1537 2550 a

80 2590 148 2626 quo
173 2586 340 2629 tempore
371 2578 570 2629 diligenter
589 2577 724 2615 baberi
744 2578 857 2629 coepti
890 2587 1011 2623 erant,
1031 2577 1130 2615 inter
1147 2578 1440 2628 pretiosissimos
1462 2577 1538 2616 Ro-

81 2655 186 2679 mauae
209 2643 465 2693 chronologiae
488 2643 601 2680 fastos
623 2642 789 2680 habendi
814 2643 944 2693 procul
969 2641 1087 2679 dubio
1111 2644 1277 2682 suerunt.

125 2707 190 2745 Sed
207 2716 345 2758 quanta
359 2708 471 2745 suerit
485 2707 558 2744 illis
576 2706 814 2757 temporibus
829 2708 1034 2745 auctoritas
1049 2706 1322 2758 Sibyllinorum
1338 2707 1539 2757 librorum,

80 2771 172 2807 nullo
195 2778 310 2824 magis
329 2781 552 2823 argumento
569 2772 711 2819 discas,
727 2785 840 2822 quam
864 2772 967 2822 quod
989 2771 1170 2809 adversus
1190 2784 1321 2809 eorum
1341 2771 1451 2807 sulem
1470 2783 1537 2821 per
1576 2811 1579 2814 Α

80 2845 234 2884 quatuor
252 2838 413 2888 amplius
434 2837 568 2875 saecula
591 2836 760 2888 suspicio
784 2837 887 2874 nulla
910 2837 1061 2874 videtur
1075 2845 1171 2885 orta,
1202 2836 1273 2874 nisi
1298 2836 1411 2874 semel
1439 2849 1538 2873 anno

79 2911 233 2945 fuxoni,
277 2915 393 2951 quum
426 2911 584 2953 propter
620 2902 744 2952 aliqua
779 2902 948 2953 prodigia
979 2903 1160 2940 consultis
1182 2902 1309 2950 libris,
1342 2899 1441 2951 apud
1471 2901 1536 2939 Li-
