1686 3500
182 133 277 182 358
462 122 464 124 ’
566 134 638 179 ΑΒ
671 134 1023 181 SIBYLLINOS
1057 133 1267 180 Llssssos

182 235 314 281 vetita,
333 232 456 273 Levit.
473 245 559 284 cap.
576 245 641 280 ao,
658 246 693 270 v.
707 233 745 280 6,
770 247 839 281 ²73
860 234 991 282 Num„
1017 246 1104 285 cap.
1127 234 1191 284 23,
1207 246 1242 271 ν.
1259 234 1327 281 ²33
1343 234 1446 284 lsai„
1471 248 1554 288 cap.
1575 243 1644 284 44,

181 312 218 339 v.
234 298 303 346 25;
322 306 407 344 etc„
421 306 511 345 etc.;
524 297 628 336 unde
641 306 677 336 et
691 297 826 336 barum
844 297 935 337 libri
956 298 1056 337 tertii
1073 297 1239 349 partium
1257 306 1367 337 vetus
1387 309 1476 338 aetas
1495 313 1646 352 aeraque

178 371 310 416 nostra
328 362 497 401 anterior
516 363 623 414 argui
642 371 779 414 potest.
794 364 905 404 Conf.
916 376 1008 402 vero
1025 363 1064 400 in
1079 361 1214 400 eodem
1231 361 1301 402 lib.
1315 363 1386 410 lll,
1408 372 1587 416 tanquam
1598 365 1645 404 ad

172 427 262 478 *ejus
274 429 396 479 gentis
412 427 611 478 imaginem
636 426 922 475 absolvendam,
943 427 1081 466 similes
1100 425 1148 464 de
1163 439 1206 465 ea
1225 426 1373 477 laudes,
1390 442 1426 468 v.
1445 429 1532 478 584,
1545 443 1646 481 sqq.:

335 491 484 535 Μούνοις
501 492 567 545 γάρ
590 507 669 545 σφιν
683 492 772 531 δῶκε
788 492 877 538 Θεὸς
892 491 998 544 μέγας
1015 490 1161 543 εὔφρονα
1180 490 1308 542 βουλήν
1322 521 1334 541 ,

336 555 406 595 Καὶ
424 553 556 606 πίστιν,
577 555 636 594 καὶ
653 555 790 609 ἄριστον
810 556 860 596 ἐνὶ
879 556 1041 603 στήθεσσι
1063 554 1190 605 νόημα.

335 618 470 663 Οἴτινες
488 620 550 657 οὐκ
568 619 724 674 nimir-ssot
743 627 858 666 κεναῖς
876 620 945 659 οὐδ’
963 618 1035 672 ἔργ’
1051 617 1241 672 ἀνθρώπων

334 682 474 736 Χρύσεα
490 683 549 722 καὶ
561 685 711 736 χάλκειοι
726 685 785 724 καὶ
799 683 945 738 ἀργύρου
967 683 1021 730 ἠδ’
1042 683 1226 736 ἐλέφαντος

333 750 528 800 Τιμῶντες,
544 749 610 788 ὅσα
629 749 688 789 κέν
707 767 744 790 τε
760 750 911 803 βροτοί...

333 814 439 854 Ἀλλὰ
460 815 522 866 μὲν
537 815 688 869 διείρουσι
699 814 782 867 πρὸς
803 813 945 867 οὐρανὸν
961 813 1090 857 ὠλένας
1111 813 1232 864 ἁγνάς,

331 879 492 933 ὈρΟριοι
510 880 543 925 ἐξ
560 883 657 928 εὐνῆς
675 880 742 918 αἰεὶ
757 879 861 933 χέρας
875 878 1068 932 ἇγνίζοντες

334 942 479 993 frent,
499 944 556 983 καὶ
572 945 701 996 τιμῶσι
720 943 809 984 Θεὸν
827 943 884 982 τὸν
902 943 955 981 ἀεὶ
987 942 1097 994 μέγαν
1117 942 1200 982 ὄντα

334 1007 532 1053 mavum,
548 1008 607 1047 καὶ
624 1007 742 1046 ἔπειτα
760 1013 868 1058 γονεῖς
886 1019 894 1030 ·
927 1007 1016 1058 μετὰ
1033 1007 1062 1044 δ’
1081 1006 1185 1059 ἔξοχα
1203 1006 1344 1047 πάντων

335 1073 539 1126 Ἀνθρώπων
557 1073 653 1119 ὁσίης
672 1074 770 1118 εὖνῆς
788 1073 1002 1124 μεμνημένοι
1019 1070 1097 1111 εἶσί.

335 1137 448 1178 Κοῦδὲ
464 1137 547 1190 πρὸς
565 1135 762 1189 ἀρσενικοὺς
779 1137 905 1180 παῖδας
925 1137 1106 1188 μίγνυνται
1124 1136 1290 1190 ἀνάγνως,

331 1201 453 1241 Ὅσσα
466 1216 504 1239 τε
524 1200 700 1246 Φοίνικες,
720 1200 991 1251 Αἷγύπτιοι,ἠδὲ
1013 1204 1168 1249 Λατῖνοι,

334 1265 460 1309 Ἑλλάς
486 1265 517 1303 τ’
534 1262 732 1317 εὐρύχορος,
750 1264 809 1303 καὶ
831 1265 946 1304 ἄλλων
964 1265 1063 1304 ἔθνεα
1081 1265 1212 1315 πολλά,

333 1332 478 1383 Περσῶν
496 1328 554 1367 καὶ
574 1329 756 1375 Γαλατῶν,
769 1328 887 1377 πάσης
902 1329 932 1367 δ’
949 1329 1118 1378 Ἀσίης...

228 1397 339 1438 Dicet
358 1396 492 1447 aliquis
513 1397 588 1434 :At
611 1395 712 1432 enim
730 1394 810 1433 liaec
830 1404 918 1433 sunt
946 1395 1161 1434 testimonia
1179 1396 1404 1437 Judaeorurn
1439 1398 1486 1438 de
1517 1411 1558 1438 se
1588 1399 1650 1452 ip·

170 1462 237 1501 tis.
259 1461 316 1501 lta
333 1471 446 1499 sane:
465 1458 532 1497 sed
549 1459 629 1497 haec
649 1459 705 1497 vel
731 1459 888 1498 laudare
911 1460 1112 1499 honestum
1132 1469 1209 1507 est3
1234 1461 1314 1501 haec
1333 1463 1561 1504 adversariis
1577 1478 1647 1503 ex-

175 1539 320 1579 ponere
339 1534 378 1564 et
396 1537 611 1576 opponere,
639 1525 910 1563 conscientiam
936 1526 1063 1576 arguit
1081 1525 1251 1565 melioris
1273 1527 1381 1576 vitae3
1412 1530 1478 1581 qui
1498 1528 1579 1568 haec
1602 1530 1650 1569 de

174 1593 254 1632 suis
272 1592 469 1644 gloriatur,
485 1589 533 1629 de
549 1603 588 1629 se
604 1590 815 1630 confirmat.

228 1664 338 1703 Dicet
362 1662 458 1701 alius
477 1675 485 1699 :
506 1661 690 1712 Spectant
704 1660 783 1699 brec
804 1661 851 1699 ad
870 1661 1027 1701 Judaeos
1045 1670 1190 1701 tantum
1213 1663 1251 1701 in
1269 1665 1395 1715 patria
1423 1678 1492 1704 sua
1510 1667 1646 1705 viven-

177 1739 244 1776 tes,
267 1742 343 1767 non
372 1727 420 1766 ad
451 1740 515 1765 eos
537 1726 603 1777 qui
632 1735 710 1764 tum
739 1726 778 1764 in
801 1726 966 1778 AEgypto
988 1728 1109 1766 autin
1139 1727 1222 1767 aliis
1251 1737 1438 1769 terrarum
1473 1730 1647 1782 partibus

174 1792 435 1833 versabantur.
467 1791 575 1840 Esto,
606 1790 749 1829 suerint
773 1791 886 1842 paulo
915 1791 1077 1831 laxiores
1105 1792 1329 1832 Judaeorum
1374 1794 1645 1834 Alexandriam

174 1856 421 1897 incolentium
440 1869 564 1894 mores
583 1868 592 1895 :
609 1864 648 1893 at
666 1868 736 1893 nos
750 1868 826 1893 non
845 1856 1033 1906 privatam
1052 1856 1367 1909 uniuscujusque,
1389 1857 1455 1896 sed
1470 1872 1647 1898 commu-

175 1937 263 1962 nem
283 1923 399 1961 totius
421 1922 541 1973 gentis
561 1929 599 1959 et
619 1921 728 1971 quasi
755 1919 946 1972 publicam
977 1934 1129 1961 morum
1165 1921 1406 1974 disciplinam
1436 1923 1645 1964 intuemur.

122 2030 128 2037 ,
177 1989 234 2028 Ex
255 1989 325 2027 hac.
347 1995 472 2026 autem
492 1986 749 2025 Alexandrina
770 1986 986 2025 laudatione
1004 1987 1093 2025 satis
1110 1996 1230 2038 patet,
1254 1987 1350 2039 quid
1373 1988 1419 2026 de
1448 1989 1526 2027 suis
1554 1990 1649 2028 civi-

176 2056 257 2101 bus,
275 2051 365 2104 quid
387 2052 435 2090 de
454 2051 616 2103 receptis
633 2050 732 2102 apud
760 2064 848 2089 suos
864 2051 951 2090 vitae
972 2052 1174 2105 praeceptis
1194 2053 1353 2102 senserit
1372 2055 1485 2091 etiam
1498 2083 1508 2101 ,
1528 2055 1560 2093 si
1584 2054 1646 2092 cui

174 2119 227 2158 ita
244 2118 381 2170 placet,
402 2116 570 2155 deterior
582 2129 670 2167 pars
688 2115 927 2155 Judaeorum.

227 2184 304 2222 Nec
325 2190 449 2219 tamen
470 2194 652 2232 negamus
672 2180 833 2219 multum
856 2189 989 2231 postea
1007 2180 1228 2220 detrimenti
1251 2195 1382 2233 passos
1399 2183 1485 2221 illos
1503 2197 1642 2234 mores,

173 2248 387 2301 praesertim
409 2255 496 2298 post
519 2246 692 2284 ultimam
713 2245 784 2284 sub
819 2246 998 2286 Romanis
1025 2247 1173 2286 miserae
1192 2248 1495 2300 proscriptaeque
1524 2247 1646 2300 geniis

174 2313 460 2366 dispersionem.
481 2312 616 2362 Itaque
633 2310 784 2350 librisv
802 2320 839 2349 et
855 2311 923 2361 111,
942 2315 961 2359 ς
979 2313 1014 2358 3,
1031 2320 1069 2350 et
1095 2312 1273 2358 xl-xlv,
1297 2313 1389 2358 sere,
1408 2322 1449 2350 ut
1465 2313 1644 2362 diximus,

169 2378 349 2430 judaicis,
366 2377 431 2415 vix
447 2390 486 2414 se
508 2376 720 2414 dissimulat
738 2376 951 2428 impostura
978 2377 1162 2415 salsorum
1182 2377 1459 2429 prophetarum
1480 2387 1646 2428 quaestus

174 2457 286 2482 causa
300 2442 601 2489 vaticinantium,
621 2441 691 2479 etsi
710 2454 758 2479 nc
778 2441 817 2479 in
837 2439 976 2479 talibus
992 2441 1147 2492 quidem
1162 2441 1416 2494 scriptoribus
1435 2442 1645 2493 quidquam

176 2508 343 2560 reperias
357 2507 417 2545 vel
434 2521 452 2544 a
469 2507 610 2558 pietate
625 2519 714 2557 erga
733 2507 870 2555 Deum,
885 2506 945 2544 vel
963 2519 984 2544 a
1005 2519 1155 2545 morum
1177 2508 1364 2557 castitate,
1378 2507 1436 2546 vel
1454 2521 1475 2546 a
1489 2508 1646 2560 justitiae

176 2572 374 2624 praeceptis
393 2570 572 2609 alienum.
602 2571 684 2610 Imo
716 2571 846 2622 patrize
877 2571 1000 2622 gentis
1025 2583 1069 2609 ac
1095 2571 1226 2622 patriae
1252 2571 1447 2623 religionis
1474 2585 1644 2610 amorem

177 2635 320 2687 ubique
337 2642 575 2672 constantem
594 2643 631 2673 et
644 2644 834 2674 exsertum
844 2636 906 2673 vel
924 2635 963 2673 in
980 2635 1062 2673 istis
1079 2648 1276 2686 agnoscaS.

228 2702 276 2739 At
297 2700 336 2737 in
356 2699 571 2738 christianis
590 2699 698 2736 libris
715 2700 852 2750 quinto
872 2699 974 2737 libro
993 2698 1052 2737 vel
1077 2708 1184 2737 aetate
1200 2701 1432 2752 supparibus
1451 2701 1512 2740 vel
1529 2700 1644 2752 paulo

174 2762 433 2803 anterioribus
455 2777 582 2802 rursus
601 2763 725 2803 elucet
757 2763 920 2815 judaicae
953 2764 1165 2816 disciplinae
1193 2774 1303 2805 vetus
1326 2766 1503 2805 sanctitas
1536 2777 1644 2805 novae

172 2829 264 2881 legis
285 2829 489 2883 praeceptis
523 2829 729 2868 instaurata
770 2837 886 2879 atque
916 2831 954 2867 in
986 2830 1125 2868 melius
1150 2839 1274 2869 aucta.
1295 2831 1357 2870 Sic
1377 2832 1476 2869 enim
1497 2830 1642 2869 descri-
