1752 3495
250 181 335 227 180
388 171 391 174 Α
624 177 703 222 ΑΙ)
737 177 1078 224 SlBYLLlNOS
1112 177 1322 222 LIBROS

239 286 306 317 ant
324 278 363 317 in
381 284 553 315 senatum
569 274 838 324 deferrentur,
859 276 994 314 merito
1022 275 1190 327 suspecti
1214 283 1340 323 erant,
1357 276 1550 321 retractati
1573 297 1694 337 postea

236 355 434 381 servorum
463 340 709 392 publicorum
729 350 796 379 aut
825 340 1036 379 scribarum
1065 339 1296 392 ignobilium
1315 339 1475 382 arbitrio
1488 373 1498 392 ,
1516 353 1694 406 mutilati,

234 406 442 458 amputati,
463 405 648 444 decurtati
665 434 676 454 ‚
699 406 873 457 profecto
889 419 966 443 non
995 405 1224 443 auctoritate
1242 413 1387 444 tantum
1401 436 1413 458 ‚
1432 408 1497 447 sed
1515 413 1623 453 etiam
1643 419 1695 458 di.

233 472 379 523 gnitate
399 469 588 508 deminuti
609 478 726 508 craut.
748 471 817 519 lta,
837 470 1011 520 quamvis
1030 477 1184 507 senatus
1197 470 1307 521 jussu
1333 470 1463 510 denuo
1479 484 1692 530 conscerati,

230 535 424 586 publicam
444 535 560 586 magis
580 548 694 586 quam
708 535 876 573 divinam
895 533 1213 574 vimretinebant.
1235 534 1434 586 Addejam
1452 545 1529 575 tum
1546 540 1693 588 inflexos

230 598 409 653 publicos
424 612 561 646 mores,
577 608 615 637 et
630 599 825 650 Epicureae
837 606 946 636 sectae
958 598 1149 636 licentiam
1165 599 1375 649 praesertim
1390 602 1492 653 apud
1507 606 1691 654 optimates

230 666 425 705 diffusam.
445 664 528 703 Iino
549 664 642 719 illud
665 672 812 715 tempus
847 663 936 709 suit,
965 676 1084 714 quum
1115 658 1285 714 undique
1308 664 1432 715 ruptis
1460 668 1566 716 quasi
1586 670 1689 712 frenis

228 729 512 782 exspatiabatur
540 727 697 767 ambitio
724 739 946 778 procerum,
980 725 1074 764 nihil
1108 739 1258 764 sacrum
1289 736 1510 766 sanctumve
1535 730 1685 783 habens,

227 795 283 833 sas
304 794 485 845 nefasque
510 792 695 840 miscens,
715 791 745 829 si
774 790 867 841 quid
900 790 1008 840 cujus
1041 791 1209 828 consiliis
1232 791 1292 828 vel
1324 791 1452 829 favere
1471 794 1529 831 vel
1548 795 1686 838 obstare

224 858 436 896 videretur.
456 855 670 893 Adibantur
689 868 801 904 ‹ei-430,
824 863 867 892 ut
883 863 993 893 antea
1008 884 1019 905 ,
1039 855 1126 893 licet
1141 855 1285 904 rarius,
1306 855 1396 894 libri
1415 856 1608 908 Sibyllini,
1626 864 1683 903 sed

226 922 433 961 adibantur
467 920 573 958 nullo
590 918 790 969 credente,
813 919 886 957 nisi
905 920 1082 971 imperito
1104 919 1313 957 admodum
1339 929 1376 958 et
1396 934 1445 959 ex
1467 923 1566 975 vulgi
1593 926 1683 970 saece.

224 987 418 1027 Nobilium
441 984 740 1023 modestissimus
760 984 921 1035 quisque
942 984 999 1022 vel
1017 985 1223 1035 mussabat,
1241 985 1476 1026 velridebat.
1497 988 1624 1029 Cicero
1639 995 1680 1032 ad

224 1051 425 1091 Lentulum
457 1063 518 1100 ep.
552 1063 590 1098 7,
612 1049 679 1099 qui
701 1047 898 1099 Sibyllinis
918 1049 1111 1100 responsis
1132 1049 1358 1100 crederent,
1381 1050 1554 1091 homines
1571 1072 1585 1089 «
1602 1058 1680 1095 reli-

220 1117 378 1168 giosos»
400 1113 572 1152 vocabat.
604 1113 768 1151 Factiosi
788 1126 984 1164 responsa,
1014 1114 1139 1164 qualia
1157 1114 1309 1161 vellent,
1343 1117 1517 1166 pessimis
1547 1121 1677 1160 artibus

218 1179 493 1231 impetrabant3
513 1179 570 1216 sin
601 1178 741 1226 minus,
763 1192 807 1216 ea
828 1192 890 1216 sus
904 1178 1026 1229 deque
1047 1179 1206 1229 agendo,
1227 1193 1329 1217 nunc
1347 1179 1395 1217 ad
1416 1193 1454 1218 se
1474 1182 1674 1233 trahebant,

219 1259 321 1284 nunc
348 1245 388 1282 in
422 1257 510 1282 suos
538 1243 713 1281 inimicos
735 1242 1023 1293 retorquebant.
1046 1246 1130 1283 Huc
1159 1245 1322 1295 pertinet
1344 1258 1567 1296 responsum
1592 1250 1672 1290 illud

217 1309 448 1360 Sibyllinum
476 1308 594 1346 fusius
611 1307 710 1345 infra
732 1307 1036 1353 memorandum,
1055 1308 1102 1345 de
1120 1308 1274 1359 AEgypti
1296 1323 1386 1361 rege
1406 1310 1520 1350 armis¹
1537 1326 1608 1350 non
1624 1330 1673 1354 re-

217 1373 410 1421 ducendo,
421 1373 525 1424 quod
540 1373 583 1411 C.
601 1372 711 1421 Cato,
730 1372 906 1410 tribunus
919 1372 1056 1423 plebis,
1074 1381 1162 1411 ante
1177 1375 1402 1412 sententiam
1423 1384 1572 1415 senatus
1585 1382 1671 1418 evul-

214 1443 295 1491 gari
318 1455 339 1478 a
352 1438 661 1491 quindecimviris
682 1438 830 1489 coegit,
846 1447 996 1476 taxatus
1015 1438 1066 1476 ob
1086 1438 1123 1476 id
1143 1439 1322 1477 «nelariae
1341 1441 1645 1492 promulgationis
1658 1463 1669 1478 ι.

214 1518 235 1542 a
256 1504 444 1542 Cicerone
456 1502 503 1540 ad
522 1502 727 1540 Lentulum
741 1514 803 1553 ep.
828 1502 865 1540 5.
884 1501 994 1540 Adde
1009 1502 1170 1540 conficta
1193 1515 1214 1540 a
1234 1502 1460 1542 Caesarianis
1481 1518 1646 1556 responsa
1659 1537 1668 1555 ‚

214 1587 228 1603 α
247 1582 323 1606 non
338 1581 449 1620 posse
463 1567 628 1607 Parthos
643 1566 716 1604 nisi
729 1580 749 1604 a
762 1579 851 1617 rege
863 1566 1013 1604 devinci
1027 1585 1063 1613 υ,
1079 1576 1116 1605 et
1133 1585 1148 1600 ιι
1161 1567 1352 1605 Romanos
1370 1569 1400 1605 si
1422 1569 1513 1607 salvi
1529 1572 1666 1615 vellent.

211 1651 227 1668 ιι
243 1647 370 1684 regem
405 1632 544 1684 eligere
573 1641 806 1683 oportere»,
827 1633 986 1673 Sueton.
1019 1633 1059 1670 in
1092 1633 1169 1671 vita
1191 1633 1370 1683 Caesaris,
1404 1637 1504 1684 §79;
1527 1635 1602 1674 Cic.
1628 1637 1667 1675 de

210 1698 454 1748 Divin.11‚§
475 1698 536 1742 54.

262 1762 386 1801 Etiam
403 1761 499 1800 illud
517 1760 794 1812 Sibyllinorum
823 1761 1012 1799 librorum
1035 1762 1254 1800 auctoritati
1277 1763 1439 1801 multum
1464 1763 1664 1814 officiebat,

206 1827 311 1879 quod
330 1826 376 1865 de
405 1840 615 1878 graecorum
637 1840 749 1864 omne
770 1839 888 1877 genus
900 1826 1149 1864 oraculorum'
1178 1827 1439 1879 falsorumque
1466 1827 1663 1879 Sibyllino-

205 1905 292 1930 rum
311 1891 472 1940 vilitate,
498 1905 580 1942 quae
609 1899 686 1929 tum
715 1890 819 1942 apud
850 1890 1045 1929 Romanos
1077 1904 1225 1929 summa
1262 1892 1360 1941 suit,
1392 1892 1603 1931 notavimus
1630 1894 1662 1931 in

205 1957 303 1997 Exc.
323 1956 373 2003 ll,
395 1969 484 2007 pag.
508 1970 521 1994 ι
535 1957 593 2004 ι3,
613 1969 693 2007 sqq.
718 1956 759 1994 ld
772 1956 851 2007 jam
870 1955 941 1994 sub
961 1957 1072 1994 Marii
1089 1965 1265 2008 tempora
1283 1958 1587 1998 monstravimus,
1602 1961 1662 1997 At-

205 2035 281 2072 que
299 2020 395 2059 illud
412 2021 550 2059 malum
572 2020 652 2059 siue
674 2020 791 2059 dubio
808 2021 927 2058 crevit
945 2029 1031 2071 post
1050 2021 1246 2060 incensum
1270 2022 1501 2073 Capitolium
1524 2024 1662 2061 restitu-

204 2094 344 2137 tosque
357 2083 478 2123 libros
495 2099 504 2122 ε
523 2098 610 2122 nam
634 2098 766 2122 eorum
785 2097 869 2135 quse
882 2098 902 2122 a
919 2085 1234 2136 quindecimviris
1253 2086 1391 2138 rejecta
1411 2096 1518 2125 erant
1536 2087 1660 2126 bonam

204 2160 351 2201 partem
366 2151 406 2189 in
426 2146 559 2202 vulgus
580 2163 756 2188 emanare
773 2163 925 2189 necesse
946 2151 1038 2197 suit3
1065 2138 1138 2189 alia
1166 2151 1318 2190 interim
1340 2153 1522 2204 undique,
1554 2161 1591 2190 ut
1613 2154 1658 2199 lit,
1686 2168 1689 2170 ’

202 2229 420 2266 quanquam
440 2228 546 2262 sero,
562 2214 786 2255 affluebant.
804 2216 852 2254 Et
868 2224 947 2253 tum
979 2217 1139 2254 sortasse
1167 2217 1334 2267 primum
1355 2218 1516 2255 lectitari
1545 2219 1657 2257 Romae

201 2288 400 2330 coeperunt
411 2288 447 2318 et
462 2280 565 2331 vulgi
580 2279 754 2317 manibus
771 2280 927 2318 tractari
940 2280 1097 2331 judaica
1116 2281 1493 2332 pseudo—Sibyllina,
1510 2294 1658 2332 quorum

199 2344 357 2394 vestigia
373 2344 546 2395 quaedam
562 2345 601 2382 in
622 2353 756 2396 quarta
771 2345 916 2396 Virgilii
933 2346 1062 2397 ecloga
1083 2346 1212 2384 multis
1227 2345 1464 2397 deprehendi
1481 2347 1556 2384 visa
1570 2354 1658 2393 sunt,

199 2408 311 2447 nobis
328 2409 479 2460 quidem
498 2409 608 2447 valde
631 2410 773 2448 incerta
788 2439 798 2457 ‚
818 2410 867 2447 de
887 2410 1028 2460 quibus
1052 2411 1163 2462 plura
1184 2425 1251 2449 nos
1275 2412 1314 2449 in
1336 2413 1430 2450 Exc.
1456 2411 1519 2451 lv.
1548 2411 1656 2448 Porro

199 2483 278 2511 tum
296 2473 431 2512 accidit
450 2474 488 2511 id
509 2475 613 2525 quod
634 2488 734 2526 saepe
751 2476 831 2513 fieri
854 2477 977 2525 solet,
1010 2485 1050 2514 ut
1067 2474 1145 2527 quo
1167 2477 1283 2527 magis
1314 2477 1553 2528 publicarum
1578 2475 1656 2513 reli-

197 2538 354 2588 gionum
378 2537 468 2575 tides
484 2537 682 2576 imminuta
702 2540 774 2587 sit,
795 2553 841 2577 eo
863 2541 982 2591 magis
1012 2541 1165 2591 privatae
1188 2542 1348 2592 gliscant
1367 2540 1656 2592 superstitiones.

197 2601 419 2640 Adventitia
452 2601 594 2640 scilicet
617 2604 770 2640 oracula
805 2612 842 2641 et
862 2605 967 2641 omui
992 2605 1220 2643 auctoritate
1250 2606 1433 2643 destituta
1457 2605 1540 2655 plus
1564 2603 1658 2639 inve·

189 2665 349 2703 niebant
381 2665 532 2704 fiduciae
562 2680 674 2716 quam
709 2667 853 2717 publici
887 2669 1175 2719 consecratique
1205 2668 1305 2707 libri.
1326 2670 1405 2708 Imo
1425 2667 1595 2720 perversi
1622 2679 1658 2702 ac

191 2730 367 2768 scelerati
385 2729 559 2768 homines
573 2758 584 2777 ,
604 2730 747 2781 quibus
766 2731 861 2769 nihil
881 2732 1035 2770 aliunde
1053 2746 1202 2771 sacrum
1219 2744 1323 2781 erat,
1340 2733 1417 2771 suis
1431 2732 1501 2784 ipsi
1518 2743 1656 2782 quoque

195 2794 394 2845 Sibyllinis
409 2793 628 2841 utebantur,
651 2796 836 2834 incertum
859 2796 998 2846 quibus
1014 2806 1079 2835 aut
1100 2797 1201 2836 unde
1218 2798 1404 2849 acceptis,
1426 2806 1467 2835 ut
1487 2795 1653 2835 Lentulus

189 2859 252 2897 ille
268 2867 421 2910 praetor,
441 2859 612 2898 Catilinae
632 2861 776 2908 socius,
796 2874 906 2911 quem
927 2861 1152 2911 Sallustius,
1173 2863 1193 2912 S
1217 2868 1279 2911 47,
1299 2870 1336 2901 et
1356 2862 1509 2909 Cicero,
1534 2860 1569 2897 in
1589 2858 1651 2896 Ca·
