1752 3495
562 138 877 185 Excusssus
912 137 1002 183 ιιι..
1083 112 1087 116 “
1415 137 1503 183 177

47 244 212 292 Troade,
231 241 375 281 nullum
396 250 547 277 carmen
570 237 734 276 inveniri
755 237 880 289 potuit
897 235 945 273 ab
965 235 1167 287 Erythraeo
1182 226 1389 286 diversum,
1407 251 1505 289 quo·-

50 314 143 350 niam
167 309 340 347 Ilienscm
360 317 427 343 seu
445 302 652 353 Trojanam
682 302 866 340 Varronis
893 291 1078 350 Sibylla'm
1107 300 1278 340 eamdem
1300 315 1386 341 cum
1408 304 1507 341 Mar·

51 374 162 430 pessia
195 368 393 411 Pausaniae
417 379 582 417 cumque
614 366 810 417 Erythraea
832 374 1045 403 ceterorum
1077 376 1158 402 esse
1190 364 1376 415 diximus,
1411 366 1507 408 ibid.

51 454 129 491 cap.
150 439 186 475 3.
207 437 304 474 Dum
327 441 449 470 autem
466 432 660 482 praecipua
674 431 906 482 Sibyllarum
927 430 1119 468 domicilia
1139 430 1353 470 invisebant
1371 433 1483 485 legati
1498 462 1511 478 ,

51 504 126 556 quis
154 499 301 538 dubitet
321 511 368 535 ex
394 495 476 534 aliis
503 508 660 546 quoque
685 496 778 533 locis
799 495 913 533 allata
928 495 975 532 ad
1004 494 1110 545 ipsos
1136 494 1268 541 fuisse,
1293 509 1358 534 seu
1380 500 1512 548 gratiae

52 583 112 609 seu
137 565 379 608 lucricausa,
408 561 526 599 inulta
546 560 617 599 sub
646 561 880 612 Sibyllarum
913 560 1067 598 nomine
1087 569 1234 597 servata
1257 561 1394 611 passim
1422 576 1512 601 ora-

54 634 150 678 cula,
171 628 410 679 Colophone,
430 626 579 672 Rhodi,
601 627 774 677 Delphis,
794 626 910 663 alibi?
927 625 1111 672 Quaedam
1133 625 1246 662 etiam
1266 626 1427 664 aliorum
1447 641 1517 665 va·-

61 710 130 737 tum
148 695 298 733 oracula
318 691 378 728 vel
397 690 486 728 data
505 704 549 729 ex
565 690 685 740 adytis
707 703 890 741 responsa
910 702 983 741 pro
1003 688 1200 738 Sibyllinis
1216 689 1356 727 adduci
1378 700 1519 742 potue-

63 767 154 798 runt.
176 759 250 797 Nec
270 754 488 792 dubitamus
509 755 612 805 ipsos
630 755 797 798 Judaeos,
826 755 872 792 ad
888 767 1000 791 omne
1023 761 1244 791 mercaturae
1268 768 1386 804 genus
1404 768 1520 806 para-

59 825 227 868 tissimos,
255 817 608 870 pseudo-Sibyllina
639 832 705 856 sua
739 817 1020 864 Alexandrina,
1053 831 1226 869 magnam
1260 827 1408 869 partem
1445 818 1517 857 sub

56 890 299 930 Philometore
319 886 526 923 Ptolemaeo
548 886 689 936 scripta
709 884 855 932 (eadem
881 897 1020 934 nempe
1044 897 1128 934 quae
1147 883 1265 922 hodie
1290 885 1391 936 typis
1415 885 1519 924 edita

56 957 235 1004 leguntur,
254 950 317 989 ed.
337 959 457 988 nostr.
477 950 544 989 lib.
567 949 642 998 111,
662 953 680 997 §
702 963 722 986 2
742 959 780 986 et
801 951 837 999 4)
861 958 1042 999 tanquam
1064 948 1227 998 genuina
1247 957 1285 986 et
1303 949 1521 988 authentica

58 1018 264 1072 protulisse.
286 1015 369 1053 Imo
394 1028 493 1052 nova
523 1015 639 1052 multa
672 1015 777 1053 velut
802 1028 849 1053 ex
867 1013 986 1051 humo
1012 1013 1217 1065 pullulasse
1237 1013 1451 1062 credimus,
1483 1024 1522 1054 et

60 1086 120 1123 hac
142 1080 338 1120 occasione
363 1079 470 1126 data,
487 1078 750 1131 χρησμολόγους
773 1087 810 1116 et
827 1076 1049 1120 σιδυλλιστάς
1072 1090 1222 1125 omnes,
1237 1088 1402 1129 qnorum
1431 1093 1522 1117 sem-

62 1162 120 1200 per
134 1157 289 1196 magnus
309 1157 491 1182 numerus
508 1143 611 1194 apud
626 1145 783 1182 Graecos
807 1143 879 1182 suit
906 1143 1036 1194 (plura
1053 1155 1123 1179 nos
1143 1141 1191 1179 de
1211 1141 1269 1179 his
1293 1142 1330 1179 in
1354 1142 1448 1183 Exe.
1468 1143 1517 1195 ll)

59 1213 98 1250 ad
119 1225 210 1262 opus
228 1210 418 1261 poeticum
436 1223 475 1246 se
497 1209 717 1247 accinxisse.

305 1274 417 1320 Quod
440 1275 468 1311 si
490 1274 612 1312 dolosi
633 1287 716 1324 spes
735 1273 926 1311 refulserit
947 1273 1076 1319 numi,

63 1354 94 1383 ut
119 1343 167 1381 ait
194 1341 363 1385 Persius,
385 1339 490 1378 corvi
515 1341 628 1378 etiam
661 1348 698 1377 et
728 1339 820 1390 picae
850 1348 1008 1391 repente
1041 1339 1078 1376 in
1110 1338 1285 1377 luscinias
1308 1348 1522 1393 vertuntur·

63 1409 227 1448 Homines
247 1417 373 1444 autem
392 1406 554 1444 Romani
572 1437 582 1451 ‚
610 1406 767 1443 modicae
787 1405 983 1452 doctrinae,
1004 1405 1191 1442 acuminis
1212 1404 1315 1443 haud
1331 1406 1382 1443 ita
1399 1406 1524 1444 subti-

64 1475 113 1522 lis,
126 1487 189 1511 nec
205 1472 278 1523 ipsi
293 1471 448 1523 quidem
464 1485 595 1522 grcecae
608 1471 765 1508 sortasse
782 1470 920 1521 lingum
932 1470 1165 1521 peritissimi,
1179 1479 1380 1522 quantum,
1399 1462 1527 1523 putas,-

64 1538 219 1590 impcditi
242 1538 398 1575 suerunt
421 1545 475 1574 tot
502 1534 746 1574 affluentibus
763 1535 912 1586 copiis?
931 1535 1178 1587 Collegerunt
1194 1544 1317 1574 tamen
1334 1536 1521 1589 quidquid

63 1604 214 1641 oblatum
230 1601 491 1653 quaerentibus
513 1601 600 1639 fuit:
615 1601 719 1651 quod
736 1609 936 1651 asportare
957 1614 1033 1638 non
1048 1601 1168 1651 licuit,
1187 1601 1521 1640 transcribendum

64 1682 80 1705 a
106 1666 255 1720 privatis
281 1674 512 1704 curaverunt
540 1664 674 1715 (ambo
700 1664 737 1702 id
765 1672 949 1702 testantur
977 1664 1185 1703 Fenestella
1219 1673 1257 1703 et
1279 1665 1523 1719 Dionysius),

63 1746 97 1769 ac
116 1730 318 1770 necessario
338 1731 475 1768 molem
501 1742 674 1780 magnam
701 1728 887 1767 librorum
916 1730 1072 1768 Romam
1098 1739 1453 1782 comportaverunt.
1478 1730 1521 1770 ld

64 1798 167 1835 varro
185 1804 337 1833 testatus
354 1805 446 1842 erat,
459 1805 613 1833 auctum
627 1808 826 1832 numerum
847 1795 961 1832 suisse-
982 1795 1126 1838 dicens,
1145 1796 1247 1846 apud
1263 1796 1519 1844 Lactantium‚

65 1862 125 1900 loc.
142 1861 202 1900 cit.
225 1861 339 1912 idque
355 1860 618 1899 ratiocinando
648 1859 777 1910 colligi
807 1859 917 1897 facile
944 1868 1119 1911 poterat,
1138 1859 1239 1898 unde
1257 1861 1394 1899 mirum
1413 1867 1518 1913 quod

66 1925 152 1975 apud
169 1926 340 1963 eumdem
362 1925 519 1963 additur
535 1939 581 1962 ex
599 1924 815 1962 Fenestellae
832 1924 904 1961 lide
923 1938 931 1962 ι
953 1943 967 1958 ιι
987 1925 1206 1976 Descriptos
1220 1939 1241 1962 a
1260 1926 1419 1976 privatis
1435 1939 1521 1964 ver.

65 2008 76 2022 «
96 2004 150 2027 sus
167 1991 263 2029 circa
279 1990 381 2029 mille
401 1991 557 2030 Romam
580 1989 892 2043 deportaverunt.
908 1989 1091 2027 =›-Atenim
1114 1998 1189 2027 tam
1207 2004 1398 2040 paucosne
1414 1993 1522 2030 inve-

66 2058 204 2094 nerant?
221 2059 294 2095 Aut
308 2056 337 2093 si
356 2056 496 2107 plures,
519 2055 717 2107 quomodo
736 2055 953 2106 elegerant?
968 2056 1042 2092 Aut
1059 2054 1177 2106 sijam
1196 2055 1362 2094 delectos
1378 2057 1520 2095 attule-

68 2130 159 2168 runt,
190 2135 512 2173 supervacaneum
533 2131 613 2159 erat
631 2135 772 2159 novum
802 2121 990 2158 delectum
1014 2121 1237 2168 instituere,
1258 2136 1369 2173 quem
1392 2131 1515 2161 tamen

67 2186 202 2225 Tacitus
220 2189 358 2226 sactum
380 2189 570 2239 affirmat,
599 2205 614 2221 α
629 2188 719 2225 dato
750 2186 1024 2225 sacerdotibus
1046 2187 1200 2237 negotio
1216 2217 1226 2237 ,
1243 2196 1424 2237 quantum
1444 2187 1517 2225 hu·

66 2271 78 2285 ι
97 2266 194 2291 mana
213 2267 284 2304 ope
303 2254 529 2303 potuissent,
549 2267 637 2291 vera
657 2253 814 2290 discere.
831 2270 845 2286 υ
862 2253 943 2289 Νοη
960 2249 1076 2302 igitur
1092 2252 1192 2288 mille
1213 2265 1341 2289 versus
1360 2254 1516 2291 Romam

66 2316 237 2367 importati
257 2327 364 2365 sunt,
386 2318 451 2356 sed
472 2331 493 2357 e
512 2318 637 2356 multis
661 2317 877 2368 importatis
898 2316 999 2353 mille
1022 2325 1108 2353 sunt
1129 2316 1252 2354 electi.

108 2382 297 2420 Difficilem
328 2382 493 2434 eligendi
529 2396 660 2420 curam
693 2383 937 2419 commissam
965 2380 1120 2419 'I'acitus
1139 2381 1202 2418 -ait
1230 2380 1516 2430 sacerdotibus,

66 2443 96 2481 id
114 2455 181 2492 est,
200 2447 301 2485 haud
321 2448 452 2499 dubie,
471 2447 799 2499 quindecimviris.
823 2448 946 2485 Porro
967 2446 1050 2483 illos
1072 2445 1117 2482 ad
1145 2446 1219 2483 tale
1238 2459 1336 2496 opus
1362 2446 1518 2484 minime

67 2522 283 2561 comparatos
312 2512 426 2551 fuisse
454 2513 581 2564 quivis
605 2511 731 2556 videt,
752 2505 924 2562 homines
946 2511 1084 2549 divites
1108 2525 1150 2548 ac
1174 2510 1385 2562 superbos,
1405 2510 1518 2549 nobi·
1560 2560 1563 2561 ⁷

68 2573 161 2612 litate
175 2577 230 2614 vel
259 2578 398 2628 gratia,
424 2592 499 2614 uon
520 2576 736 2614 eruditione
759 2577 814 2614 vel
836 2577 988 2627 ingenio
1002 2607 1011 2625 ‚
1032 2576 1079 2613 ad
1103 2576 1176 2614 hoc
1196 2589 1335 2614 munus
1353 2584 1518 2624 evectos,

67 2650 210 2687 quorum
228 2642 380 2692 plurimi
399 2673 408 2690 ,
428 2651 468 2679 nt
484 2641 664 2686 Romani,
682 2649 723 2678 ut
742 2641 916 2692 patricii,
938 2641 1062 2678 literas
1078 2654 1217 2692 graecas
1231 2650 1267 2679 et
1289 2641 1518 2691 ignorabant

67 2709 96 2737 ct
113 2705 413 2754 aspernabantur.
433 2706 631 2744 Delectum
653 2705 778 2755 itaque
798 2705 939 2742 sactum
962 2718 1042 2742 esse
1071 2714 1222 2756 oportet
1256 2717 1276 2742 a
1308 2706 1426 2742 servis
1446 2719 1518 2756 pu-

69 2763 160 2804 blicis
174 2797 183 2814 ,
203 2771 362 2821 collegio
379 2771 724 2822 quindecimvirum
743 2769 932 2820 adjunctis
945 2798 956 2816 ‚
976 2782 1073 2820 quos
1100 2783 1220 2819 graece
1247 2769 1390 2820 peritos
1407 2777 1444 2807 et
1461 2769 1516 2806 rei

69 2832 211 2870 metricae
249 2848 323 2872 non
352 2835 528 2874 indoctos
567 2835 682 2873 fuisse
712 2834 824 2872 certis
856 2834 1006 2872 indiciis
1034 2833 1381 2872 demonstrabimus
1403 2832 1514 2884 infra,

180 2901 262 2944 111.
1270 2914 1321 2943 12
