1752 3495
716 163 1016 210 EXCURSUS
1053 167 1090 210 1.-
1571 172 1628 216 13

170 267 402 319 perirentur3
421 278 491 303 nec
509 276 599 302 sane
618 262 666 301 de
681 261 802 300 Iliacis
822 260 937 300 rebus
955 262 1089 300 melior
1107 262 1184 300 ulla
1204 265 1379 318 magistra
1397 264 1446 305 ab
1465 267 1631 308 Homero

169 329 256 381 eligi
271 329 456 380 potuisset
475 338 587 377 quam
606 338 690 375 quae
705 323 883 375 Trojanis
901 324 1138 380 temporibus
1153 325 1289 365 vixisse
1306 328 1514 370 serebatur.

218 393 392 441 Quidam,
407 391 542 430 sabulis
557 390 679 427 minus
698 389 950 440 indulgentes,
970 389 1018 427 ad
1036 390 1160 428 vicina
1178 390 1295 441 magis
1308 402 1344 431 et
1364 395 1515 433 notiora
1532 403 1629 434 tem-

166 472 260 511 pora
289 449 520 508 Erythraeam
539 454 635 491 hanc
658 462 923 500 retraxerunt,
949 462 988 490 ut
1016 454 1245 493 Plutarchus
1264 455 1364 494 circa
1392 459 1627 498 millesimum

163 532 251 560 ante
269 535 308 560 se
337 533 475 559 annum
500 519 638 557 vixisse
658 532 740 556 eam
770 518 978 556 arbitratus
1001 518 1156 571 (confer
1184 520 1308 571 ipsum
1341 522 1465 561 locum
1485 539 1624 577 supra,

162 599 245 637 cap.
266 587 318 637 x),
337 585 373 622 id
400 592 470 630 est,
491 583 593 620 circa
614 583 768 621 Homeri
802 591 989 633 tempora.
1017 584 1093 622 Nec
1119 584 1277 622 multum
1295 584 1439 624 abludit
1459 590 1627 629 Bocchus

161 650 264 700 apud
285 649 474 695 Solinum,
491 647 564 685 loc.
587 647 668 697 cit„
691 647 914 698 Delphicam
940 647 1093 698 quidem
1114 648 1295 699 Sibyllam
1330 652 1495 690 Homero
1523 657 1625 693 anti-

161 715 333 765 quiorem
353 713 515 759 faciens,
535 712 773 762 Erythraeam
787 725 879 750 vero
900 712 1083 763 Delphica
1098 712 1307 764 juniorem.
1325 733 1339 748 ιι
1362 716 1487 762 Hanc,
1506 718 1625 769 inquit

159 795 174 813 α
207 776 461 829 [Delphicam]
482 776 691 827 Herophile
713 776 909 827 Erythraea
927 777 1035 814 annis
1059 777 1205 828 aliquot
1228 778 1546 818 intercedentibus
1571 782 1626 818 in-

160 861 175 879 «
205 851 331 880 secuta
358 851 428 879 est.
446 859 466 874 υ»
481 842 548 879 Ast
567 841 650 888 alii,
669 841 786 892 inque
816 841 859 878 iis
892 841 1090 879 christiani
1118 841 1290 893 plerique
1322 843 1474 891 Patres,
1495 846 1626 896 primis

158 921 239 945 cam
268 904 571 957 olympiadibus,
591 904 627 942 id
646 914 718 952 est,
741 912 879 943 octavo
904 913 991 942 ante
1016 905 1208 943 Christum
1236 908 1372 945 saeculo
1389 909 1447 946 vel
1464 910 1626 961 septimo

157 971 378 1021 incipiente,
400 970 594 1019 scripsisse
620 968 905 1006 contendebant
924 985 932 1006 2
961 982 1036 1019 qua
1056 969 1092 1006 in
1111 971 1294 1008 sententia
1324 972 1511 1011 Eusebius
1533 973 1626 1022 fuit,

156 1045 194 1075 et
212 1037 276 1086 qui
296 1049 381 1073 eum
399 1035 516 1072 secuti
537 1044 640 1085 sunt,
661 1035 825 1085 Cyrillus
841 1034 928 1072 adv.
943 1035 1040 1081 Jul„
1063 1037 1313 1087 {lieronymus
1327 1066 1337 1086 ,
1368 1038 1624 1088 Augustinus,

156 1110 290 1139 auctor
306 1099 487 1138 Chronici
509 1099 713 1148 paschalis,
734 1100 888 1150 aliique,
909 1100 979 1137 sub
999 1100 1130 1150 primis
1149 1100 1278 1138 Romae
1298 1102 1450 1152 regibus
1477 1111 1623 1141 aetatcm

155 1165 236 1216 ejus
254 1165 422 1203 mulieris
446 1178 533 1202 cum
559 1165 709 1215 aliquo,
726 1164 789 1202 sed
810 1177 942 1214 parvo,
964 1177 1094 1213 regum
1115 1165 1170 1202 vel
1193 1178 1381 1202 annorum
1405 1166 1624 1205 discrimine

155 1231 397 1269 collocantes.
428 1229 505 1268 Nee
531 1229 706 1267 dissentit
729 1229 861 1267 Snidas
883 1228 934 1266 ita
960 1228 1153 1266 scribens:
1183 1228 1306 1280 Γέγονε
1337 1228 1373 1268 δὲ
1400 1235 1469 1274 τοῖς
1490 1228 1626 1283 χρόνοις

153 1297 214 1340 τῆς
239 1296 401 1347 Τρωϊκῆς
418 1293 580 1336 ἁλώσεως
601 1295 687 1344 μετὰ
705 1293 784 1342 υπγ’
805 1293 883 1338 ἔτη,
907 1286 1009 1330 aliud
1031 1294 1129 1331 enim
1156 1295 1270 1331 sensit
1296 1308 1408 1345 quam
1429 1295 1555 1333 (licere
1571 1296 1625 1333 vi-

153 1359 280 1405 detur,
299 1359 492 1410 corruptis
505 1367 541 1396 et
558 1358 739 1396 intricatis
760 1357 898 1396 verbis.
922 1357 1091 1396 Eudocia
1108 1366 1208 1396 certe
1227 1373 1234 1395 :
1254 1357 1354 1397 Μετὰ
1371 1358 1434 1405 τὴν
1459 1359 1622 1412 Τρωϊκὴν

153 1423 282 1462 ἅλωσιν
302 1423 361 1471 ἔτη
384 1429 481 1474 υπγ’,
507 1432 591 1475 post
613 1423 771 1474 'l'rojam
791 1431 940 1473 captam
959 1422 1067 1460 annis
1087 1436 1286 1460 cnnxxxui
1302 1453 1312 1471 ‚
1341 1423 1444 1474 quod
1467 1425 1546 1462 sere
1562 1438 1624 1462 ca·

152 1488 207 1526 dit
228 1489 266 1525 in
287 1501 427 1526 annum
445 1495 522 1526 ant.
547 1487 641 1527 Chr.
666 1501 739 1534 700
753 1516 763 1533 ‚
784 1487 886 1525 haud
904 1488 1036 1538 procul
1054 1487 1102 1525 ab
1123 1487 1277 1525 Eusebii
1300 1497 1438 1527 mente.

204 1552 321 1602 Atqui
345 1551 618 1589 sententiarum
635 1551 736 1588 cirea
754 1564 836 1588 eam
856 1564 932 1587 rem
952 1550 1152 1588 diversitas
1173 1551 1281 1588 facilc
1293 1550 1465 1601 expediri
1481 1559 1618 1603 potest,

150 1616 180 1654 si
200 1617 459 1666 intelligantur
476 1625 651 1653 auctores
670 1615 734 1652 alii
754 1615 800 1652 ad
825 1615 944 1665 ipsius
960 1615 1113 1664 Sibyllae
1133 1623 1297 1663 aetatem,
1319 1615 1384 1652 alii
1400 1615 1447 1652 ad
1468 1628 1621 1653 carmen

149 1690 293 1718 tantum
320 1681 546 1732 respexisse,
573 1680 677 1730 quod
701 1689 837 1717 octavo
858 1680 913 1717 vel
938 1681 1098 1730 septimo
1125 1679 1287 1731 saeeulo,
1313 1688 1428 1731 atque
1446 1680 1532 1718 ideo
1551 1680 1621 1718 sub

149 1759 277 1797 regum
298 1746 405 1782 initia
424 1746 608 1796 scriptum
630 1758 732 1793 esse,
755 1744 1050 1781 monstrabin'ius
1073 1745 1185 1789 iufra,
1205 1757 1276 1794 cap
1313 1745 1348 1783 3.
1367 1744 1442 1782 Sed
1464 1744 1619 1795 primae-

149 1825 232 1848 vam
250 1811 297 1848 (le
313 1810 457 1861 Sibylla
475 1811 718 1848 traditionem
741 1811 996 1859 antiquiorem
1017 1810 1060 1846 iis
1081 1809 1222 1847 saeculis
1244 1810 1357 1847 fuisse
1374 1822 1526 1846 necesse
1541 1818 1618 1855 est,

147 1875 292 1925 quippe
308 1889 328 1912 a
347 1874 507 1924 Cyclicis
533 1875 653 1925 poetis
675 1888 749 1911 non
774 1883 914 1911 temere
933 1873 1202 1923 excogitatam,
1222 1873 1287 1910 sed
1311 1887 1355 1910 cx
1373 1873 1500 1924 priore
1521 1873 1618 1910 sama

147 1948 333 1977 servatam
350 1957 358 1986 ;
386 1940 484 1977 unde
505 1940 568 1976 vix.
587 1947 709 1989 potest
726 1939 937 1976 Homericis
957 1937 1194 1988 temporibus
1215 1938 1402 1974 recentior
1419 1937 1564 1982 haberi,
1581 1945 1619 1974 et

147 2006 303 2043 sortasse
327 2005 438 2042 altius
460 1997 577 2041 multo
597 2003 794 2041 reserenda
811 2011 868 2040 est
890 2017 957 2041 nec
978 2003 1089 2052 longe
1107 2002 1208 2039 infra
1223 2002 1380 2050 Trojani
1410 2001 1501 2040 belli
1527 2011 1620 2040 aeta-

145 2078 241 2116 tem,
261 2082 336 2120 qna
369 2068 552 2118 Sibyllam
586 2067 821 2117 Erythraeam
844 2066 980 2103 vixisse
1003 2067 1131 2112 multi,
1153 2075 1192 2103 ut
1211 2065 1398 2113 diximus,
1434 2066 1617 2118 perhibe-

146 2135 248 2171 bant.
274 2134 438 2180 Quodsi
463 2146 594 2170 verum
616 2140 695 2181 est,
724 2131 881 2183 poeticis
901 2131 1003 2168 illam
1024 2130 1186 2168 necdum
1215 2130 1404 2168 historicis
1435 2132 1617 2182 tempori-

144 2198 215 2237 bus
235 2198 418 2250 assignari
443 2206 609 2248 oportet.
1302 2186 1306 2190 ’

196 2265 245 2303 Ut
266 2277 357 2301 vero
377 2263 423 2300 de
447 2263 529 2313 ejus
552 2270 661 2300 aetate
684 2261 904 2310 discrepant
925 2260 1054 2305 docti,
1085 2260 1138 2297 ita
1169 2259 1216 2297 (le
1249 2258 1403 2296 nomine
1438 2259 1616 2298 videntur

106 2372 109 2373 ⁷
141 2330 242 2366 inter
265 2342 303 2366 se
324 2327 543 2371 convenire,
565 2326 668 2378 quod
686 2325 862 2364 omnibus
881 2326 958 2362 sere
981 2333 1038 2362 est
1057 2323 1263 2375 Herophila
1284 2323 1363 2361 sive
1382 2323 1612 2374 Herophilo,

142 2409 161 2430 a
182 2393 387 2431 Plutarcho
401 2401 502 2430 certe
521 2399 716 2443 receptum
734 2398 771 2428 et
788 2390 894 2440 quasi
914 2390 1188 2441 proclamatum
1203 2389 1261 2432 his
1277 2387 1416 2437 verbis,
1437 2388 1483 2427 de
1497 2388 1608 2439 Pyth.

140 2471 242 2497 orac.
262 2471 299 2508 p.
318 2458 392 2504 578
413 2470 421 2493 τ
441 2456 631 2508 Ἡροφίλην
653 2454 766 2501 δὲτὴν
784 2454 1009 2506 Ἐρυθραίαν,
1032 2452 1201 2504 μαντικὴν
1217 2452 1416 2504 γενομένην,
1435 2453 1610 2492 Σίόυλλαν

139 2520 437 2574 προσηγόρευσαν.
458 2519 532 2558 Sed
549 2528 588 2556 et
607 2529 717 2557 antea
732 2518 909 2556 Tibullus
923 2547 934 2566 ,
952 2519 1158 2555 Varronem
1183 2516 1283 2554 hand
1308 2516 1423 2554 dubie
1442 2526 1614 2565 secutus,

139 2586 206 2624 lib.
226 2586 258 2624 ll
271 2616 281 2636 ‚
300 2587 396 2636 eleg.
419 2585 454 2631 5,
471 2599 507 2622 v.
526 2586 589 2629 68,
609 2593 645 2622 et
657 2579 787 2634 postea
808 2583 1025 2628 Pausanias,
1040 2583 1226 2630 Clemens,
1244 2581 1612 2629 S‹›linus,Isidorus,

141 2651 310 2688 llermias
328 2651 366 2688 in
387 2649 604 2695 Phaedrum,
618 2649 828 2687 Scholiasta
844 2647 890 2685 ad
916 2649 1114 2685 Platonem
1129 2675 1140 2694 ,
1159 2650 1382 2696 Anonymus
1399 2645 1499 2697 apud
1520 2647 1611 2686 Sui-

139 2714 236 2760 ‹lam,
253 2715 324 2752 hoc
342 2727 480 2752 nomen
499 2712 652 2759 habent,
669 2726 888 2763 quanquam
910 2711 1098 2749 interdum
1119 2712 1213 2749 male
1231 2711 1416 2761 seriptum
1431 2708 1609 2763 Ἐριφίλη,

142 2786 180 2814 ut
195 2779 296 2829 apud
318 2780 532 2825 liet-miani,
552 2778 738 2815 interdum
757 2777 952 2829 Ἰῧρωφίλη,
982 2786 1021 2814 ut
1049 2775 1151 2827 apud
1178 2775 1309 2815 Schol.
1338 2776 1446 2820 plat..
1471 2785 1604 2827 aperto

142 2842 381 2882 librariorum
404 2844 506 2891 vitio,
522 2856 635 2893 quum
655 2842 838 2892 originem
863 2841 1022 2879 nominis
1035 2855 1079 2878 ex
1097 2840 1296 2890 Erytliraeo
1314 2840 1481 2878 carmine
1494 2853 1605 2891 repe-
