1752 3495
103 176 197 223 230
493 176 572 219 AD
608 174 956 220 SlBYLLINOS
994 174 1203 220 LIBROS

101 271 216 310 fuisse
242 270 381 308 multos
405 282 474 308 nec
495 269 619 307 minus
647 269 834 307 violentos
855 277 893 307 et
913 267 1091 319 Sibyllini
1118 268 1246 307 arcani
1275 257 1480 323 peritiores,
1499 280 1562 328 qui

100 343 231 386 aperte
250 347 329 372 rem
349 341 484 381 totam,
501 341 544 372 ut
569 341 668 380 erat,
696 332 959 384 divulgarent,
985 332 1234 382 fraudemque
1260 332 1462 385 nobilium,
1480 352 1562 389 pro.

100 399 252 438 ductam
282 399 321 436 in
348 398 471 435 forum
488 427 500 446 ,
531 405 706 448 tanquam
732 397 771 435 in
799 409 970 443 scenam,
992 395 1246 446 indignationi
1275 405 1311 434 et
1334 406 1561 453 contemptui

101 462 222 514 plebis
244 463 501 513 exponerent?
518 461 702 499 Fraudem
720 461 848 512 igitur,
865 461 895 498 si
918 473 992 511 qua
1015 460 1101 507 suit,
1120 473 1272 498 neccsse
1289 470 1344 499 est
1359 463 1455 502 intra
1475 479 1562 517 pau-

102 527 250 564 ciorum
271 526 540 563 conscientiam
557 525 785 572 substitisse,
805 525 968 575 ideoque
985 538 1062 562 non
1078 537 1124 562 ex
1145 533 1302 575 senatu,
1321 527 1385 564 sed
1411 541 1454 566 ex
1483 532 1561 581 ipso

101 591 291 630 XVvirum
313 590 474 640 collegio
497 602 679 633 manasse.
700 588 766 627 ubi
783 588 901 640 magis
930 597 1081 639 poterat
1101 588 1182 640 ejus
1205 589 1315 640 origo
1341 591 1462 631 celari.

154 655 238 694 Fuit
256 655 358 693 enim
376 654 482 699 illud,
501 662 540 691 ut
559 666 677 704 supra
698 653 864 691 diximus
877 681 888 700 ,
905 666 995 691 vere
1014 654 1249 691 sacerdotale
1268 653 1483 705 collegium,
1501 672 1559 697 sa..

99 719 172 757 cris
199 719 344 770 legibus
369 727 406 756 et
440 717 632 768 religionis
660 717 732 756 fide
751 717 996 764 adstrictum3
1019 725 1074 764 ut,
1096 731 1181 768 quae
1213 717 1253 756 in
1284 717 1350 756 illo
1379 729 1476 759 coetu
1499 724 1559 762 fle.

99 793 206 832 rent,
231 797 308 822 non
325 784 403 822 sere
427 783 537 821 aliter
555 796 667 834 quam
695 782 897 821 Eleusiniae
920 782 1070 820 Cereris
1085 791 1151 820 aut
1171 783 1286 820 Bonae
1317 784 1405 822 Deae
1432 797 1559 837 myste-

100 849 170 895 ria,
191 857 335 886 remota
355 856 551 886 manerent
572 860 594 885 a
621 847 871 897 profanorum
895 847 1093 885 hominum
1118 847 1326 886 intellectu.
1351 849 1396 886 Et
1416 850 1559 892 suerunt

98 913 250 963 quidem
271 913 322 950 ibi
349 925 448 964 saepe
471 912 662 950 commixti
684 911 856 950 homines
879 911 1116 950 diversarum
1141 912 1179 949 in
1209 911 1405 963 republica
1434 916 1558 955 sactio-

99 991 200 1016 num.
217 978 291 1017 Sed
311 977 515 1029 quominus
535 976 581 1014 ad
600 990 753 1014 suarum
771 977 937 1028 partium
957 977 1080 1015 studia
1104 986 1250 1015 secreto
1265 980 1453 1017 communi
1472 982 1558 1019 abu-

100 1050 290 1088 terentur,
317 1041 496 1079 obstabat
526 1042 690 1092 primum
722 1040 848 1092 jurata
886 1040 997 1090 fides,
1031 1040 1170 1078 deinde
1203 1041 1351 1092 collegii
1385 1042 1556 1094 dignitas,

98 1106 225 1157 pudor
262 1106 450 1157 denique,
480 1106 545 1156 qui
575 1106 613 1143 in
648 1105 821 1156 quolibet
852 1105 1050 1143 hominum
1080 1114 1272 1144 conventu
1310 1115 1439 1145 mutua
1472 1123 1557 1147 con-

101 1171 257 1208 scientia
272 1171 438 1221 singulos
458 1178 496 1208 et
519 1170 717 1207 universos
741 1170 922 1208 devincit.

155 1236 337 1273 Praeterea
357 1234 387 1272 si
407 1247 588 1285 responsa
601 1233 787 1283 Sibyllina
808 1233 1028 1285 diligentius
1046 1234 1278 1283 consideres,
1302 1243 1439 1286 praeter
1456 1238 1556 1276 allata

98 1312 212 1350 supra
234 1299 407 1349 exempla
427 1299 473 1336 ad
494 1298 690 1349 politicum
703 1327 713 1345 ‚
730 1306 771 1335 ut
792 1306 940 1346 vocant,
958 1297 1159 1336 consilium
1178 1299 1378 1337 reserenda
1391 1313 1464 1338 uon
1478 1315 1556 1341 sane

101 1364 235 1410 multa,
256 1364 320 1402 vix
336 1363 438 1401 aliud
461 1363 498 1400 in
524 1364 570 1401 iis
595 1363 762 1414 reperias
788 1376 901 1414 quam
928 1362 979 1401 ob
1003 1363 1235 1414 expiandum
1256 1363 1411 1415 aliquod
1435 1367 1557 1416 prodi-

98 1430 202 1480 gium
226 1429 283 1466 vel
313 1427 557 1466 avertendum
591 1428 787 1479 publicum
819 1426 1120 1478 malum‚jussas
1150 1429 1309 1466 fortuito
1336 1430 1555 1469 caerimonias

96 1493 181 1545 plus
214 1492 383 1530 minusve
403 1501 531 1538 notas,
567 1505 722 1542 prorsus
741 1491 945 1542 aliquando
968 1492 1193 1540 insolentes,
1223 1493 1377 1532 minime
1397 1507 1484 1532 vero
1513 1496 1554 1534 ad

98 1557 303 1594 factionum
324 1555 447 1593 studia
465 1557 716 1606 pertinentes,
735 1555 850 1606 idque
871 1569 987 1594 unum
1009 1565 1222 1607 spectantes
1243 1566 1285 1595 ut
1304 1566 1444 1595 emotas
1458 1559 1555 1597 inso-

97 1621 164 1659 lito
184 1629 329 1658 terrore
354 1620 599 1671 popularium
621 1628 766 1658 mentes
786 1621 841 1658 vel
867 1621 1090 1671 religionum
1116 1622 1333 1659 interventu
1351 1636 1554 1673 compesce-

96 1693 180 1723 rent
199 1685 259 1723 vel
280 1685 327 1722 ad
343 1697 441 1722 nova
459 1693 496 1722 et
515 1685 667 1722 insolita
694 1686 910 1735 spectacula
937 1685 1206 1723 distraherent.
1232 1686 1353 1724 Porro
1368 1687 1413 1725 ad
1440 1689 1553 1725 eonti-

95 1749 256 1789 nendam
294 1748 415 1802 plebis
450 1749 627 1800 inquietae
657 1748 925 1787 turbulentiam
947 1750 1056 1788 facile
1074 1750 1300 1802 plerumque
1317 1753 1552 1798 conveniunt,

94 1823 300 1865 utcumque
322 1813 369 1851 (le
389 1813 585 1864 republica
602 1815 829 1865 sentientes,
849 1815 915 1866 qui
933 1828 1093 1866 genere,
1117 1816 1215 1863 loco,
1238 1816 1398 1854 fortunis
1418 1817 1552 1867 prima-

94 1880 193 1918 rium
213 1879 250 1916 in
271 1879 422 1917 civitate
444 1878 605 1930 gradum
624 1877 815 1918 obtinent,

124 1986 128 1995 Δ
149 1944 254 1982 lllam
277 1951 398 1981 tamen
421 1943 685 1994 compescendi
711 1943 896 1994 ideoque,
916 1944 946 1981 si
972 1957 1030 1982 res
1059 1945 1113 1982 ita
1133 1944 1260 1992 ferret,
1286 1945 1552 1996 agitandivulgi

96 2008 312 2045 facultatem
331 2007 444 2045 unius
464 2007 609 2055 collegii
628 2007 788 2045 arbitrio
813 2008 1004 2058 permitti,
1032 2007 1187 2059 publ-ico
1217 2010 1388 2061 periculo
1409 2023 1481 2048 non
1501 2023 1553 2047 ca-

96 2072 258 2118 ruisset,
280 2070 352 2108 nisi
383 2071 574 2121 sapienter
594 2070 807 2108 institutum
836 2071 988 2118 suisset,
1024 2085 1221 2123 nunquam
1251 2074 1395 2124 injussu
1416 2082 1553 2111 senatus

97 2134 215 2172 libros
233 2135 328 2173 adiri
350 2135 504 2185 (supra,
525 2147 608 2186 cap.
635 2138 720 2185 10);
745 2148 938 2186 nunquam
957 2135 1039 2174 sine
1056 2138 1385 2174 senatusconsulto
1405 2150 1552 2187 respon-

97 2213 179 2237 sum
212 2199 396 2237 librorum
417 2199 463 2236 ad
484 2199 667 2250 populum
689 2199 818 2237 efferri
846 2199 972 2250 (supra
986 2229 996 2248 ‚
1028 2213 1112 2251 cap.
1150 2199 1225 2251 13);
1245 2200 1384 2251 quibus
1405 2200 1551 2251 legibus,

104 2278 179 2302 non
197 2272 341 2301 tantum
364 2263 553 2310 humano,
578 2263 642 2301 sed
663 2271 699 2300 et
720 2262 945 2314 divinojurc
975 2264 1147 2312 sancitis,
1182 2264 1344 2316 publica}
1372 2263 1552 2301 securitati

105 2327 256 2366 abunde
281 2329 475 2380 provisum
497 2336 588 2366 erat.

154 2393 290 2438 Porm,
312 2391 382 2430 sub
396 2392 501 2430 initia
523 2392 624 2430 illius
640 2392 837 2444 religionis
865 2392 1030 2431 libenter
1050 2393 1243 2431 credimus
1261 2392 1480 2431 duumviros
1496 2390 1549 2427 vel

105 2465 232 2507 postea
262 2457 499 2495 decemviros
523 2457 708 2507 Sibyllina
743 2458 931 2508 inspicere
948 2458 1098 2508 jussos,
1121 2471 1240 2509 quum
1268 2458 1339 2508 ipsi
1359 2469 1473 2508 graece
1494 2467 1554 2492 ne-

101 2522 244 2558 scirent
259 2550 270 2568 ,
296 2520 396 2559 bona
419 2521 491 2559 fide
512 2521 631 2559 oculis
669 2534 756 2559 usos
775 2535 855 2559 esse
874 2521 1135 2559 ministrorum
1155 2535 1252 2573 quos
1272 2521 1358 2559 ideo
1381 2533 1400 2558 e
1419 2519 1553 2558 Graecia

101 2585 317 2623 acciverant
335 2585 478 2637 (supra,
494 2598 580 2636 cap.
601 2585 654 2636 9),
675 2585 852 2636 serioque
868 2599 934 2623 eos
951 2599 1116 2636 rogasse,
1136 2585 1322 2637 numquid
1340 2598 1385 2622 ex
1404 2597 1446 2622 ea
1467 2581 1554 2619 mul-

98 2649 261 2689 titudine
284 2651 530 2688 confusorum
548 2650 790 2688 oraculorum
812 2649 952 2701 quibus
974 2650 1062 2688 libri
1085 2650 1216 2689 referti
1235 2658 1365 2695 erant,
1390 2647 1435 2685 ad
1457 2659 1549 2698 prse-

97 2723 244 2752 scntem
277 2727 403 2752 rerum
432 2723 569 2752 statum
590 2714 777 2764 pertinere
804 2714 1014 2754 videretur.
1042 2715 1134 2753 lllos
1165 2728 1276 2762 νοτ-ο,
1308 2711 1481 2763 inspectis
1514 2721 1552 2745 ac

98 2779 303 2830 pet-volutis
319 2778 424 2816 libris
437 2807 447 2826 ‚
465 2778 719 2829 conjectando
736 2787 848 2829 atque
869 2779 1095 2826 divinando,
1115 2779 1154 2817 id
1175 2779 1277 2830 quod
1297 2776 1416 2827 rogati
1437 2776 1552 2815 erant,

98 2851 136 2884 ut
160 2849 361 2893 poterant,
380 2841 575 2890 effecisse,
607 2850 726 2893 atque
743 2843 795 2881 ita
814 2856 1038 2894 responsum
1060 2856 1146 2882 vere
1167 2842 1406 2892 Sibyllinum,
1433 2837 1470 2876 id
1490 2844 1553 2883 est,

70 1978 88 2005 Ι
