1752 3495
91 183 150 225 (50
471 179 546 222 ΑΙ)
582 177 928 223 SlBYLLlNOS
963 179 1183 223 LIBROS·

243 277 329 322 Quo
350 276 413 313 lati
436 275 582 314 ducunt
602 276 727 315 aditus
748 283 899 313 centum
913 304 924 321 ,
944 277 1039 313 ostia
1062 284 1211 314 centum
1226 303 1236 320 ,

244 340 351 380 Unde
372 348 486 378 ruunt
503 341 661 378 totidem
680 353 790 378 voces
803 370 813 386 ,
839 352 1020 390 responsa
1043 340 1207 391 Sibyllae.

87 403 349 443 conserendus
363 404 470 442 locus
492 417 578 442 cum
600 404 644 442 iis
663 416 746 454 quae
764 401 811 439 de
830 401 984 453 Sibyllae
1005 411 1115 441 antro
1132 415 1246 453 supra
1270 415 1291 439 a
1310 401 1420 440 nobis
1438 403 1551 440 relata

87 476 174 505 sunt
195 481 241 505 ex
265 468 487 515 Aristotele,
505 468 780 518 Lycophrone‚
803 467 974 513 Justino,
995 467 1171 517 Agathia.

247 531 410 569 Ventum
430 540 511 570 erat
530 531 577 569 ud
595 531 720 576 limen,
739 543 856 580 quum
874 531 982 580 virgo
1002 543 1010 570 :
1030 532 1191 569 Poscere
1211 530 1287 568 sata

240 596 423 646 Tempus,
442 596 494 633 ait
513 610 520 632 :
546 596 664 642 Deus,
685 607 772 632 ecce
794 595 907 632 Deus.
928 595 998 633 Cui
1027 595 1114 632 talia
1145 594 1237 632 santi

242 663 340 698 Ante
361 660 481 703 sores,
507 658 632 696 subito
660 671 736 695 non
767 657 917 704 vultus,
939 673 1015 696 non
1037 659 1144 696 color
1168 671 1286 707 unus,

244 726 326 763 Non
347 733 507 775 comptae
527 736 696 761 mansere
713 736 853 769 comae3
872 723 938 760 sed
969 732 1101 774 pectus
1122 724 1301 762 anhelum

244 793 289 830 Et
308 792 411 830 rabie
429 793 506 829 scra
522 791 637 829 corda
653 799 824 840 tument3
845 790 1042 841 majorque
1058 791 1194 838 videri,

244 857 321 895 Nec
350 856 505 893 mortale
532 868 691 902 sonans,
720 855 849 892 afflata
866 863 922 892 est
949 855 1106 892 numine
1129 855 1282 905 quando

241 923 324 958 Jam
349 920 531 970 propiore
550 919 638 957 Dei.
659 919 791 957 Cessas
813 918 851 955 in
872 927 959 956 vota
978 932 1208 969 precesque,

239 984 350 1030 Tros,
369 984 436 1031 ait,
457 984 598 1022 AEnea?
614 985 760 1020 cessas?
776 996 900 1032 neque
915 983 1015 1020 enitn
1031 992 1118 1020 ante
1136 982 1330 1021 dehiscent

241 1048 420 1086 Attonitae
443 1061 577 1098 magna
594 1060 660 1084 ora
678 1047 825 1084 doinus.

83 1111 155 1150 Hic
169 1112 304 1150 AEneas
321 1111 505 1150 Phoebum
523 1112 699 1160 invocat3
717 1111 866 1150 Phoebo
884 1120 921 1149 et
937 1113 1087 1150 llecatae
1105 1112 1286 1162 templum
1303 1120 1427 1161 vovet,
1447 1112 1551 1155 olim.

81 1189 198 1226 quum
229 1176 266 1213 in
299 1177 423 1226 regnis
451 1177 528 1213 suis
557 1175 792 1222 consederit,
816 1175 1037 1226 erigendum
1069 1176 1271 1225 (innuente
1301 1175 1402 1214 haud
1434 1175 1550 1214 dubie

82 1247 196 1289 poeta
232 1240 393 1278 Palatini
426 1240 611 1290 Apollinis
640 1239 760 1276 aedem
785 1238 832 1276 ab
858 1243 1031 1290 Augusto
1053 1249 1140 1289 post
1163 1240 1282 1277 multa
1304 1240 1438 1277 saecula
1459 1254 1550 1278 con·

81 1313 286 1350 secratam‚
302 1304 338 1341 in
357 1317 434 1355 quo
454 1304 613 1341 fortasse
636 1303 749 1341 etiam
769 1306 920 1341 Hecatae
939 1304 1034 1341 cella
1055 1302 1167 1354 suit),

396 1369 601 1419 Festosque
624 1368 703 1406 dies
724 1367 770 1405 de
790 1368 945 1405 nomine
965 1367 1124 1416 Phoebi,

83 1432 192 1470 ludos
209 1447 346 1484 nempe
374 1433 634 1483 Apollinares,
662 1434 728 1483 qui
758 1441 883 1470 tamen
915 1433 1071 1472 Punicis
1104 1442 1248 1470 tantum
1284 1431 1393 1469 bellis
1419 1431 1551 1470 Rornae

82 1497 244 1535 instituti
271 1506 382 1544 sunt,
404 1511 479 1548 qua
509 1497 556 1535 de
575 1511 616 1535 re
644 1498 752 1548 plura
783 1510 853 1535 nos
882 1498 921 1534 in
954 1498 1126 1535 Excursu
1150 1497 1220 1536 ΙΙΙ.
1246 1496 1321 1536 Sed
1343 1488 1550 1547 etSibyllae

83 1559 246 1596 honores
268 1573 390 1610 prope
408 1560 558 1598 divinos
574 1560 737 1611 spondet
759 1562 890 1599 AEneas
908 1573 917 1599 e

237 1624 292 1662 Te
314 1638 468 1675 quoque
489 1638 622 1676 magna
642 1633 796 1662 manent
814 1625 936 1675 regnis
955 1624 1162 1676 penetralia
1186 1620 1338 1664 nostris,

239 1688 306 1726 Hic
326 1702 397 1739 ego
417 1703 580 1740 namque
598 1698 680 1727 tuas
698 1698 817 1727 sortes
834 1702 1047 1740 arcanaque
1070 1689 1146 1726 sata

235 1753 346 1790 Dicta
369 1766 459 1791 meze
474 1753 578 1804 genti
599 1767 738 1804 ponam
752 1785 762 1802 ,
784 1755 978 1804 lectosque
998 1752 1191 1799 sacrabo,>

233 1817 342 1866 Diva,
355 1818 473 1856 viros.
1130 1839 1153 1858 0-

78 1881 222 1920 Alludit
240 1882 285 1920 ad
308 1881 424 1921 libros
453 1882 660 1934 Sibyllinos
688 1883 882 1935 depositos
910 1884 946 1920 in
973 1883 1117 1935 templo
1139 1883 1332 1927 Palatino,
1353 1891 1390 1921 et
1409 1883 1549 1921 electo-

76 1960 160 1984 rum
189 1947 373 1996 virorum,
396 1947 433 1985 id
453 1957 532 1996 est,
557 1948 748 1987 XVvirum
774 1962 875 1986 curae
898 1948 1159 1994 demandatos,
1194 1948 1240 1986 de
1259 1947 1397 1998 quibus
1418 1961 1548 1986 rursus

77 2025 146 2049 nos
165 2012 259 2050 infra
276 2013 315 2050 in
336 2014 428 2053 Exc.
451 2014 515 2052 ΙΙΙ.
539 2013 668 2065 Pergit
686 2012 847 2053 deinde:

233 2081 282 2117 At
301 2078 438 2116 Phoebi
459 2078 628 2116 noudum
647 2079 795 2129 patiens
814 2078 989 2116 immanis
1008 2078 1044 2115 in
1065 2087 1176 2115 antro

232 2143 447 2180 Bacchatur
464 2152 585 2189 vates,
606 2156 783 2192 magnum
802 2143 831 2179 si
853 2151 1008 2193 pectore
1026 2142 1146 2193 possit

237 2207 453 2245 Excussisse
470 2208 606 2246 Deum.
627 2208 752 2245 Tanto
773 2208 888 2258 magis
905 2207 967 2244 ille
988 2207 1120 2258 fatigat

234 2272 286 2307 Os
306 2270 480 2308 rabidum
499 2301 508 2317 ‚
530 2272 607 2309 fera
627 2271 742 2309 corda
765 2272 922 2309 domans
936 2304 945 2319 ,
959 2273 1156 2322 'fingitque
1176 2272 1399 2323 premendo.

235 2335 342 2372 Ostia
352 2334 506 2386 jamque
521 2335 656 2373 domus
679 2344 835 2386 patuere
853 2336 1019 2387 ingentia
1039 2345 1190 2374 centum

232 2399 378 2448 Sponte
390 2413 477 2444 sua,
500 2400 672 2451 vatisque
694 2402 817 2438 serunt
833 2414 1013 2452 responsa
1034 2415 1103 2452 per
1120 2414 1245 2438 auras.

77 2463 119 2500 ln
141 2470 253 2500 antro
269 2463 387 2513 igitur
408 2464 508 2501 hunc
528 2465 598 2502 Dei
619 2479 810 2503 accessum
829 2479 937 2517 passa
958 2475 1014 2504 est
1035 2475 1156 2503 vates.
1178 2466 1279 2516 Ergo
1301 2465 1390 2502 dum
1411 2466 1544 2503 AEneas

74 2527 347 2579 precabundus
373 2529 418 2566 ad
437 2530 550 2567 limen
573 2539 707 2576 staret,
726 2531 807 2581 ipsa
823 2545 861 2569 se
880 2530 1006 2569 subita
1027 2531 1115 2581 suga
1136 2532 1173 2567 in
1195 2539 1342 2568 antrum
1364 2530 1542 2568 recondi-

75 2591 207 2642 derat,
227 2592 327 2629 unde
359 2606 461 2629 nunc
481 2594 614 2631 emissa
642 2608 715 2632 vox
735 2608 804 2646 per
824 2595 1015 2646 spiracula
1036 2604 1187 2633 centum
1206 2594 1253 2632 ad
1271 2594 1423 2632 AEneam
1445 2595 1541 2632 alla-

74 2655 199 2694 bitur:
225 2669 308 2706 quae
328 2657 454 2694 omnia
473 2659 707 2695 conveniunt
726 2659 966 2710 aliquatenus
991 2673 1075 2697 cum
1111 2659 1156 2696 iis
1188 2673 1272 2709 quae
1298 2659 1398 2710 apud
1421 2659 1543 2697 Justi-

73 2734 165 2758 num
203 2722 406 2772 Martyrem
431 2734 546 2772 supra
571 2722 728 2773 legimus
750 2738 758 2760 ε
779 2723 948 2762 Amiso-0012
972 2722 1133 2770 αὖτὴν...,
1153 2723 1211 2762 καὶ
1236 2723 1360 2770 στολὴν
1380 2725 1542 2774 ἀναλαμ-

75 2784 245 2823 ὗᾶνουσαν
278 2786 325 2827 εἷς
352 2785 410 2823 τὸν
443 2785 619 2824 ἐνδότατον
641 2789 702 2832 τῆς
737 2788 917 2837 βασιλικῆς
943 2788 1091 2838 βαδίζειν
1111 2781 1244 2828 οἶκον...
1260 2817 1269 2835 ,
1295 2787 1355 2826 καὶ
1389 2790 1424 2825 ἓν
1445 2787 1541 2840 μέσῳ

73 2852 131 2887 τοῦ
158 2849 253 2887 οἴκου
285 2848 533 2899 καθεζομένην,
570 2849 657 2888 οὕτω
690 2850 765 2894 τοὺς
794 2850 970 2904 [emp-0³25,
988 2850 1212 2904 ἐξαγορεύειν.
1245 2856 1334 2900 Quae
1362 2865 1452 2889 vero
1481 2866 1541 2890 sc-
