1686 3500
118 261 177 306 43
183 260 211 304 8
502 262 532 304 Α
541 260 578 304 D
611 260 662 304 SI
672 260 882 307 BYLLIN
886 260 958 306 OS
991 260 1206 305 LIBROS

115 353 292 395 profanis
319 354 419 392 enim
448 366 597 407 semper
619 355 932 403 auctoritatibus,
955 368 1030 393 non
1060 354 1275 393 christianis
1305 362 1369 393 aut
1396 353 1585 406 judaicis,

96 420 170 458 -uti
201 419 322 458 solere
342 419 533 470 Servium,
556 420 594 458 in
615 421 790 460 confesso
810 429 879 459 est.
1304 470 1307 473 Ι

162 485 383 525 Gaudemus
399 485 514 537 igitur
533 485 638 536 quod
656 487 842 538 integram
861 485 1138 536 Sibyllinorum
1153 485 1448 524 christianorum
1469 485 1585 525 colle-

109 549 297 592 ctionem.
325 549 447 600 qualis
474 558 577 588 certe
605 550 741 589 saecnlo
762 550 810 589 VI
835 548 1062 596 habebatur,
1084 549 1214 600 paucis
1230 550 1400 601 exceptis
1425 549 1584 594 lacunis,

110 613 232 663 iisque
245 627 320 652 nou
338 613 446 652 valde
463 615 596 666 amplis
609 644 620 663 ,
637 614 818 653 exhibere
833 614 1031 665 possimus.
1047 614 1160 660 Quod
1178 614 1209 652 si
1229 614 1321 664 quid
1345 614 1380 651 in
1399 614 1582 652 librorum

110 677 246 716 ordine
262 677 471 717 desiderari
499 688 644 730 potest,
672 679 708 716 id
729 678 775 717 ad
804 679 929 730 ipsum
956 678 1052 716 sexti
1082 679 1207 717 saeculi
1230 678 1416 717 editorem
1442 679 1586 716 referre

109 741 219 790 licet,
240 755 354 793 quem
376 751 499 782 tamen
521 757 608 782 raro
631 745 687 782 vel
708 744 747 782 in
766 743 836 781 hac
857 756 897 782 re
913 743 1108 782 deerrasse
1129 743 1323 781 fatendum
1341 753 1410 781 est.
1435 742 1528 780 Nam
1555 744 1583 780 si

110 806 254 857 primos
280 807 358 845 duo
383 808 502 846 libros
519 822 603 846 cum
625 808 723 846 tertii
745 817 852 859 parte
870 809 891 858 S
910 809 930 845 3
951 808 1120 858 excipias
1151 808 1230 858 (qni
1252 821 1321 846 cnr
1340 816 1428 845 ante
1454 821 1585 845 omnes

109 871 185 908 sint
203 871 391 919 collocati,
407 872 597 921 diximus),
611 881 824 922 sequuntur
843 872 958 910 ceteri
973 873 1063 910 satis
1086 881 1191 910 recto
1216 880 1431 923 temporum
1453 872 1586 910 ordine

109 935 180 982 111,
197 937 262 983 IV,
283 936 324 983 V,
345 937 406 982 VI,
424 937 523 975 VII..
541 966 550 975 .
568 937 650 983 ,XL
666 937 750 981 XII,
766 938 867 984 XIII,
884 937 978 976 xlv.
992 940 1188 975 Peccatum
1211 945 1266 974 est
1286 937 1462 984 maxime,
1480 937 1582 987 quod

107 1010 215 1038 vetus
237 999 468 1051 Sibyllinum
494 1002 722 1040 Prooemium
753 1002 847 1039 male
876 1002 1056 1039 omissum
1087 1010 1156 1039 est.
1179 1001 1382 1039 Peccatum
1401 1001 1513 1039 etiam
1546 1001 1584 1038 in

109 1065 264 1117 libris),
284 1066 334 1116 II,
353 1065 423 1113 III,
445 1067 466 1116 §
487 1080 517 1112 1,
537 1067 601 1117 qui
620 1067 731 1116 longe
750 1066 862 1112 infra,
880 1079 1017 1117 nempe
1036 1074 1125 1104 ante
1145 1065 1283 1103 librom
1304 1067 1370 1117 XI,
1391 1067 1584 1116 relegandi

108 1139 241 1180 erant3
261 1139 299 1168 et
321 1131 358 1168 in
383 1130 480 1168 libro
510 1131 621 1178 VIII,
643 1130 751 1181 cujus
776 1134 860 1169 duae
888 1133 1034 1182 priores
1061 1140 1188 1181 partes
1212 1132 1347 1169 melius
1378 1131 1501 1169 locum
1522 1145 1585 1168 su·

109 1195 299 1245 perierem
323 1203 408 1245 post
428 1194 567 1232 librom
592 1196 641 1234 lv
669 1204 933 1247 occupassent.
963 1197 1073 1235 Nunc
1109 1209 1238 1233 verum
1267 1195 1442 1234 ordinem
1469 1195 1586 1233 libro-

109 1272 214 1306 rum,
235 1259 385 1310 qualem
408 1260 555 1310 priscus
578 1259 717 1306 editor,
739 1273 874 1311 magua
899 1260 1052 1311 quidem
1074 1275 1118 1298 ex
1139 1269 1246 1312 parte
1268 1269 1508 1312 conceptum,
1527 1269 1580 1297 to-

109 1331 188 1361 tum
205 1331 326 1361 tamen
346 1323 675 1374 comprehendere
691 1338 767 1361 non
787 1325 926 1373 valuit,
944 1338 988 1362 ex
1006 1325 1050 1362 iis
1065 1337 1148 1374 qnae
1169 1338 1238 1376 per
1257 1324 1359 1361 hunc
1375 1326 1584 1363 Excursmn

109 1387 300 1438 disputata
319 1396 431 1438 sunt,
451 1401 632 1438 reparare
661 1397 696 1426 et
722 1391 758 1426 io
778 1390 965 1439 integrum
990 1389 1186 1427 restituere
1204 1389 1313 1427 facile
1334 1397 1399 1427 est.

803 1511 873 1520 .—

589 1600 700 1638 CAP.
735 1599 874 1639 XVIII.
908 1601 1108 1637 Conclusio.
1137 1638 1140 1641 ,

164 1720 254 1758 Post
279 1720 512 1758 exantlatum
543 1720 643 1758 hunc
663 1720 710 1758 de
740 1720 901 1771 singulis
929 1720 1036 1759 libris
1057 1735 1100 1758 ae
1125 1720 1172 1759 de
1193 1720 1376 1759 universis
1395 1720 1587 1768 laborem,

108 1782 187 1820 duo
208 1783 318 1821 nobis
335 1784 477 1834 agenda
499 1794 743 1835 supererant,
762 1798 902 1837 nempe
922 1794 964 1823 ut
987 1785 1034 1822 de
1054 1785 1242 1823 hodierna
1259 1784 1436 1835 Sibyllini
1464 1793 1588 1822 textus

109 1847 330 1886 conditione
354 1849 496 1899 aliquid
521 1850 634 1887 etiam
665 1850 890 1896 diceremus,
911 1859 1029 1901 utque
1046 1850 1093 1887 de
1122 1858 1202 1887 toto
1221 1849 1408 1899 Sibyllino
1424 1862 1588 1900 corpore

104 1912 292 1961 judicium
314 1914 513 1952 ferremus.
538 1914 610 1952 Sed
643 1913 690 1952 de
711 1922 816 1952 textu
837 1914 1007 1966 quidem,
1036 1923 1130 1965 quot
1150 1922 1187 1952 et
1207 1927 1371 1964 qnorum
1395 1913 1584 1950 editorum

112 1977 285 2016 manibus
305 1978 543 2016 elaboratum
561 1979 608 2017 ad
628 1992 697 2017 nos
720 1980 960 2031 pervenerit,
980 1980 1102 2030 deque
1128 1993 1174 2018 eo
1194 1993 1307 2029 quam
1328 1979 1473 2030 optime
1493 1993 1586 2016 con-

109 2043 306 2082 stituendo
326 2053 363 2082 et
385 2045 433 2082 de
454 2044 632 2082 subsidiis
655 2045 702 2082 ad
728 2045 765 2082 id
787 2058 884 2097 opus
901 2044 1144 2092 adhibendis,
1165 2044 1317 2083 abunde
1342 2044 1486 2082 dictum
1512 2057 1584 2094 pu-

112 2117 234 2146 tamus
250 2123 368 2160 qunm
389 2110 426 2147 in
447 2110 711 2149 admonitione
731 2119 859 2148 nostra
891 2110 937 2148 ad
966 2111 1076 2161 prius
1101 2111 1295 2155 volumen,
1318 2119 1396 2147 tum
1415 2111 1527 2147 etiam
1550 2109 1584 2145 in

110 2174 333 2222 praefatione
359 2174 405 2213 ad
431 2189 542 2213 curas
569 2176 816 2226 posteriores.
840 2174 1036 2214 Judicium
1057 2184 1184 2213 autem
1204 2184 1373 2213 nostrum
1394 2174 1441 2212 de
1458 2173 1581 2224 Sibyl-

110 2239 214 2287 linIs,
234 2240 325 2289 quia
350 2240 523 2290 longiore
549 2240 777 2278 tractatione
807 2240 963 2291 egebat,
989 2249 1096 2278 extra
1128 2239 1404 2278 dissertationis
1430 2239 1588 2290 hujusce

110 2305 273 2354 spatium
295 2304 332 2341 in
351 2306 550 2354 proximos
570 2307 761 2344 Exeursus
782 2304 1052 2343 reservandum
1073 2305 1300 2343 censuimus.
1320 2305 1389 2343 llic
1406 2304 1520 2354 igitur
1540 2304 1583 2340 li-

111 2367 169 2404 uis
200 2367 323 2405 labori
343 2376 474 2406 nostro
495 2370 735 2419 inponatur,
757 2369 904 2406 monito
926 2369 1030 2420 prius
1050 2369 1190 2407 lectore
1207 2399 1216 2416 ‚
1239 2369 1331 2406 nihil
1354 2382 1422 2406 nos
1453 2377 1508 2405 tot
1528 2382 1584 2405 ar-

111 2432 300 2480 gumentis
336 2440 468 2483 totque
500 2434 772 2471 controversiis
799 2435 936 2484 egisse,
969 2435 1038 2472 nisi
1065 2434 1102 2471 id
1134 2435 1330 2472 consecuti
1359 2446 1513 2478 sumus,
1546 2441 1583 2469 nt

112 2497 410 2548 uniuscujusque
434 2498 630 2547 Sibyllinae
661 2499 778 2549 partis
801 2499 1018 2547 materiam,
1049 2500 1258 2549 originem,
1292 2507 1439 2536 aetatem
1474 2507 1584 2548 atque

113 2561 285 2599 ordinem
305 2572 411 2601 extra
427 2576 578 2600 omnem
596 2562 801 2601 dubitandi
823 2564 947 2602 locum
968 2567 1006 2601 in
1025 2573 1108 2602 tuto
1124 2577 1365 2614 poneretnuS.
1383 2565 1584 2602 Hortamur

113 2627 232 2677 igitur
250 2627 434 2678 enixeque
453 2642 617 2675 oramus,
631 2629 802 2679 quisquis
821 2629 868 2667 de
888 2629 1082 2680 Sibyllinis
1099 2630 1323 2667 sententiam
1340 2642 1470 2667 secure
1490 2629 1584 2666 serre

114 2690 300 2736 voluerit,
323 2690 441 2728 libros
459 2705 590 2731 omnes
610 2694 754 2744 relegat
773 2707 820 2731 eo
843 2694 1001 2742 ordine,
1022 2707 1099 2744 quo
1118 2694 1289 2745 singulos
1315 2694 1480 2732 diximus
1507 2704 1583 2729 esse
1623 2718 1628 2723 ·

116 2754 292 2804 scriptos.
314 2758 368 2794 Ita
389 2769 482 2792 vero
501 2757 715 2794 collocandi
743 2766 830 2795 sunt
850 2773 858 2794 :
965 2800 968 2803 ¹

173 2818 212 2856 1⁰
232 2819 345 2857 Liber
367 2820 441 2866 III,
464 2821 486 2868 ᾧ
510 2834 530 2857 2
547 2829 583 2858 et
601 2821 853 2871 (0,jiida'icus‚
875 2823 1011 2861 ceteris
1032 2823 1210 2861 omnibus
1228 2823 1349 2861 multo
1371 2821 1581 2872 antiquior,

115 2885 278 2934 scriptus
294 2884 331 2921 in
348 2884 510 2935 AEgypto
529 2884 600 2922 snb
617 2899 704 2936 rege
730 2887 936 2926 Ptolemaeo
954 2887 1231 2936 Philometore,
1251 2900 1349 2925 anno
1370 2895 1454 2924 ante
1473 2883 1583 2923 Chri-

113 2956 213 2985 stum
234 2949 311 2986 sere
333 2950 403 2986 166
428 2949 481 2986 vel
505 2950 599 2996 165;
