1752 3495
664 194 961 240 EXCURSUS
991 193 1022 238 1.
1504 194 1563 239 47

108 355 214 394 CAP.
235 353 294 393 Vl.
322 354 380 389 De
397 346 642 386 Macedonica
663 345 808 395 Sibylla
819 359 835 392 ,·
854 347 940 382 item
956 345 1003 382 de
1018 320 1206 394 Epirotica
1221 358 1285 384 seu
1309 346 1541 397 Thesprotica
1555 378 1565 393 ,

284 455 288 458 ,
331 414 516 460 obiterque
533 412 580 447 de
596 413 784 448 nonnullis
801 412 997 459 Epiroticis
1014 408 1164 446 vatibus
1170 409 1341 458 seminis.
1585 424 1587 426 ·

156 550 344 599 Quoniam
370 560 392 585 a
423 545 581 597 Delphis
599 545 637 586 in
657 543 889 584 Thessaliam
921 544 1038 597 paulo
1057 552 1146 583 ante
1172 545 1332 584 transire
1356 559 1425 585 nos
1443 547 1566 599 coegit

104 614 314 668 argumenti
334 610 455 650 nostri
475 611 586 657 ratio,
607 618 829 661 promptum
847 609 1001 647 videtur
1016 608 1114 647 ultra
1133 609 1310 660 progredi
1331 618 1368 648 et
1385 610 1423 650 in
1442 613 1567 651 Mace-

104 681 254 720 doniam
276 674 558 722 transcendere,
572 687 650 725 quo
669 687 737 711 nos
758 681 871 711 vocat
888 673 1142 712 Macedonicae
1158 672 1313 724 Sibyllae
1330 687 1482 725 nomen,
1494 677 1566 715 nisi

102 745 204 797 quod
222 744 301 780 haec
322 739 475 778 aliunde
499 739 633 790 ignota
667 746 743 783 est,
775 738 885 776 semel
915 745 952 776 et
971 751 1048 775 uno
1070 737 1186 775 verbo
1204 747 1423 790 nuncupata
1441 753 1461 778 a
1480 741 1564 778 Cle-

103 817 225 847 mente
243 805 366 850 Alex„
392 803 530 843 Strom.
561 802 630 842 lib.
656 803 744 849 Vll,
767 801 853 840 loco
882 801 961 852 jam
986 802 1068 853 cit.‚
1095 800 1164 840 ubi
1187 801 1287 840 inter
1318 803 1409 841 alias
1430 804 1567 843 multas

100 872 261 921 Sibyllas
281 870 535 914 recensetur-*51
555 866 723 908 Μακέτις.
749 867 797 904 Et
818 866 945 903 forsan
968 866 1109 903 fuerint
1128 866 1204 902 illic
1223 867 1375 905 oracula
1394 867 1565 918 quaedam

102 939 138 975 in
162 934 311 972 laudem
330 932 538 971 Alexandri
562 931 688 981 Magni
714 929 842 980 ejusve
860 943 1121 968 successorum
1138 929 1210 967 sub
1231 930 1384 979 Sibyllae
1412 932 1566 970 nomine

100 1006 266 1046 servata,
295 995 423 1047 qualia
444 995 521 1033 sere
545 994 583 1033 in
603 994 787 1032 honorem
810 993 1014 1031 Alexandri
1036 995 1295 1044 composuisse
1312 994 1565 1034 Atlwna'idem

101 1062 331 1112 lirytliraeam
351 1059 517 1097 diximus
535 1070 669 1108 supra,
687 1071 770 1108 cap.
790 1071 830 1104 α,
851 1071 886 1107 p.
903 1070 964 1095 21.
983 1056 1064 1095 Nisi
1088 1057 1187 1095 sorte
1205 1057 1451 1096 Macedonica
1473 1060 1566 1097 salso

99 1127 198 1164 dicta
213 1138 288 1162 non
307 1124 378 1162 alia
405 1124 454 1162 sit
482 1136 595 1173 quam
612 1121 803 1162 >athenais
822 1121 883 1159 illa
903 1121 1001 1171 ipsa,
1022 1120 1273 1160 Macedonum
1296 1121 1476 1161 victorias
1493 1123 1567 1161 sin-

99 1189 217 1242 gulari
240 1188 409 1227 carmine
426 1187 643 1225 vaticinata.

149 1253 222 1293 Sed
237 1253 355 1292 satius
380 1260 435 1291 est
454 1251 500 1289 ad
526 1250 757 1301 Epiroticam
787 1249 1000 1300 retrogredi
1019 1247 1221 1299 Sibyllam,
1243 1262 1329 1300 quae
1352 1249 1453 1301 apud
1475 1250 1563 1289 Cle-

100 1327 259 1358 mentem
297 1316 622 1362 Alexandrinum,
648 1315 723 1353 loc.
756 1313 838 1360 cit„
869 1315 950 1365 ipsa
981 1326 1134 1364 quoque
1169 1326 1245 1351 uno
1272 1321 1415 1351 tantum
1446 1314 1566 1353 verbo

98 1384 332 1433 designatur,
355 1384 377 1429 ἡ
397 1379 626 1433 Θεσπρωτὶς;
649 1379 751 1430 apud
775 1378 931 1417 Suidam
959 1378 1018 1417 his
1038 1377 1166 1428 paucis
1187 1392 1196 1415 :
1219 1376 1374 1416 Σίῧυλλα
1394 1379 1567 1431 Θεσπρω-

96 1447 159 1495 τὶς,
176 1445 235 1485 καὶ
256 1446 381 1497 ὁμοίως
400 1443 591 1498 χρησμούς.
611 1444 689 1492 Nec
709 1443 819 1494 plura
840 1456 850 1482 t
880 1442 1019 1493 quibus
1039 1450 1081 1480 ut
1101 1441 1243 1492 aliquid
1266 1441 1445 1492 addatur,
1465 1457 1568 1494 quae-

98 1511 256 1552 rendum
277 1518 333 1549 est
357 1509 465 1547 nobis
487 1522 554 1559 per
575 1516 692 1545 totam
721 1507 893 1557 Epirum,
918 1519 1038 1557 ecqua
1060 1505 1114 1544 ibi
1143 1506 1218 1544 siut
1239 1506 1412 1546 semineae
1434 1507 1566 1545 vatici-

98 1575 260 1614 nationis
280 1573 438 1613 iudicia.
1271 1607 1277 1613 .,

148 1639 285 1680 Primae
300 1638 339 1676 in
356 1638 429 1677 illis
447 1635 632 1675 tractibus
646 1635 801 1673 fatidica
825 1643 906 1673 arte
923 1634 1185 1672 inclaruerunt
1206 1633 1328 1672 Peleae
1343 1647 1410 1673 seu
1430 1635 1566 1674 Pelea·

95 1704 175 1753 «les,
207 1716 300 1754 quas
329 1715 440 1743 nemo
467 1700 588 1739 nescit
617 1700 718 1750 apud
741 1699 944 1738 Dodonam
963 1698 1118 1737 oracula
1139 1698 1364 1747 reddidisse,
1397 1712 1566 1750 quasque

99 1766 303 1805 Pausanias
320 1765 384 1814 ait,
403 1765 540 1811 Phoc„
562 1777 646 1815 cap.
672 1777 730 1812 12,
749 1764 891 1815 primas
916 1763 1071 1801 heroico
1091 1776 1204 1801 versu
1226 1776 1305 1801 esse
1330 1776 1429 1812 usas,
1453 1763 1565 1803 etiam

95 1841 183 1871 ante
205 1832 474 1876 Phemonoen,
510 1830 573 1871 cui
607 1839 732 1868 tamen
767 1829 884 1880 paulo
912 1837 1021 1878 ante,
1044 1843 1079 1870 c,
1107 1829 1144 1879 5,
1174 1829 1347 1868 eumdem
1379 1828 1563 1868 honorem

95 1896 293 1936 detulerat.
326 1899 382 1936 Ac
411 1895 653 1937 Phemouo'e's
683 1893 838 1944 quidem
871 1893 1036 1943 primum
1062 1892 1322 1931 hexametrum
1341 1892 1521 1933 habemus
1543 1907 1564 1932 a

96 1959 302 2000 Plutarcho
327 1967 520 1998 servatum
535 1987 546 2006 ‚
564 1957 611 1996 de
634 1957 744 2007 Pyth.
766 1970 866 2007 resp.
888 1970 928 2007 p.
949 1956 1046 2003 584,
1063 1955 1124 1997 ed.
1145 1956 1302 1995 Reiske:

254 2022 454 2075 Συμφὲρετε
473 2020 583 2073 πτερά
605 2022 636 2059 τ’
656 2019 770 2059 οἰωνοὶ
788 2019 893 2072 κηρόν
909 2035 946 2057 τε
964 2019 1141 2070 μέλισσαι.

96 2088 300 2128 Peleadum
319 2100 408 2125 vero
426 2086 521 2124 duos
548 2099 679 2125 versus
697 2085 789 2123 citat
809 2084 1014 2124 Pausanias
1035 2085 1120 2123 loco
1138 2083 1263 2136 dicto,
1278 2098 1313 2125 c.
1334 2098 1378 2124 ια
1397 2097 1407 2125 :

251 2149 336 2194 Ζεὺς
350 2145 392 2198 ἦν
404 2180 414 2197 ,
438 2148 522 2192 Ζεὺς
540 2149 632 2196 ἔστι,
659 2148 744 2191 Ζεὺς
763 2147 920 2188 ἔσσεται·
937 2141 965 2185 ὦ
983 2147 1111 2199 μεγάλε
1130 2149 1211 2189 Ζεῦ.

253 2216 303 2253 Γᾶ
325 2212 477 2266 καρποὺς
496 2215 600 2252 &vtet-
621 2213 672 2250 διὸ
690 2212 831 2264 κλῄζετε
852 2211 987 2264 μητέρα
1006 2217 1120 2262 γαῖαν.

93 2279 221 2319 Rudes
245 2292 332 2317 sane
353 2291 486 2317 versus
512 2286 550 2317 et
572 2277 619 2316 ad
646 2277 808 2328 priscam
829 2277 1087 2315 austeritatem
1111 2277 1345 2328 compositos
1370 2277 1496 2328 (plura
1517 2277 1564 2316 de

93 2343 137 2381 iis
157 2343 222 2394 qui
244 2343 433 2388 voluerit,
467 2341 579 2379 adeat
605 2342 707 2392 ipsos
737 2350 822 2391 post
843 2351 1014 2381 nostrum
1038 2341 1130 2380 Exc.
1154 2341 1227 2393 11);
1250 2354 1415 2392 quorum
1440 2349 1562 2381 tamen

94 2407 189 2445 alter
221 2407 473 2448 recentiorem
505 2414 652 2445 aetatem
692 2405 822 2457 prodit
858 2406 916 2443 vel
950 2419 1023 2445 una
1052 2405 1114 2444 illa
1148 2419 1240 2443 voce
1270 2405 1342 2454 διό,
1371 2420 1456 2457 quae
1491 2407 1565 2447 mi-

95 2472 195 2510 nime
222 2472 420 2522 antiquum
441 2479 552 2509 sonat
576 2471 807 2519 minimeque
827 2470 1034 2521 poeticum.
1065 2472 1112 2508 At
1141 2469 1347 2510 Peleadum
1375 2471 1561 2522 antiquis-

94 2539 226 2576 simam
246 2537 361 2575 fuisse
381 2538 538 2581 samam,
558 2549 635 2573 non
662 2543 718 2573 est
744 2535 847 2587 quod
879 2535 1008 2585 negari
1025 2534 1167 2585 possit,
1187 2548 1347 2585 quarum
1369 2549 1389 2574 a
1409 2537 1565 2575 nomine

96 2614 264 2639 manasse
284 2601 416 2638 dicunt
437 2599 604 2639 fabulam
624 2598 673 2637 de
689 2598 935 2650 palumbibus
951 2598 1180 2646 Dodonaeis‚
1202 2598 1275 2639 nisi
1295 2613 1453 2650 prorsus
1474 2614 1565 2639 cou-

95 2665 252 2704 trarium
280 2664 428 2710 evenit,
456 2664 623 2714 ipsaeque
650 2676 670 2700 a
697 2662 943 2714 palumbibus
963 2663 1051 2700 olim
1079 2663 1116 2701 in
1142 2662 1336 2701 Dodonaea
1355 2664 1446 2702 silva
1468 2678 1564 2702 con·-

96 2730 202 2768 sultis
230 2742 370 2771 nomen
399 2738 641 2780 acceperunt.
674 2730 768 2769 Nam
796 2727 918 2766 πέλεια
938 2741 1059 2778 graece
1088 2727 1200 2779 liujus
1227 2729 1306 2766 avis
1333 2743 1469 2769 nomen
1493 2739 1562 2771 est.

97 2794 169 2832 Alii
195 2794 326 2832 dicunt
343 2792 482 2836 πελείας
504 2801 658 2832 vocatas
676 2807 756 2832 esse
776 2802 937 2844 propter
958 2792 1150 2840 canitiem,
1178 2793 1282 2844 quod
1310 2793 1457 2842 πέλειος,
1479 2795 1562 2835 Μυ-

98 2859 284 2898 lossorum
310 2859 488 2906 dialecto,
520 2859 620 2896 idem
641 2859 688 2896 sit
721 2858 826 2909 quod
856 2857 986 2905 πολιός,
1016 2872 1145 2906 canus,
1165 2859 1216 2896 ita
1240 2867 1278 2896 ut
1302 2858 1435 2897 πέλειαι
1460 2859 1559 2898 idem
