1752 3495
149 198 212 242 90
531 197 606 240 AD
639 197 689 240 SI
699 196 986 243 BYLLINOS
1020 197 1233 241 LIBROS

148 302 312 340 quorum
327 288 486 339 Delphis
507 289 624 340 ipsam
645 290 747 327 nasci
776 290 917 336 voluit;
949 291 1013 329 sed
1035 291 1219 328 advenam
1241 289 1451 336 faciebant,
1483 291 1545 329 alii
1564 305 1609 331 ex

148 354 340 398 Helicone,
354 361 532 404 tanquam
549 353 600 391 ibi
613 367 633 391 a
649 354 764 392 Musis
782 355 1059 402 nutritam3alii
1074 368 1121 392 ex
1142 353 1609 403 urbe'rhessaliaeLamia,

149 417 251 456 unde
268 420 448 456 Lame’aca
468 430 532 455 seu
549 420 715 455 Maiiam
732 418 864 456 melius
881 418 956 456 dici
973 419 1180 469 potuisset;
1199 417 1259 455 alii
1279 417 1444 468 denique
1463 432 1483 455 e
1497 418 1610 456 Βαθο-

148 484 214 533 tia,
240 481 353 519 filiam
374 494 509 532 nempe
542 482 719 529 Tiresiae,
747 483 880 521 Manto
903 497 967 521 seu
994 482 1204 533 Daphnen,
1228 481 1374 520 Thebis
1402 482 1543 532 captis,
1565 485 1612 521 ab

148 546 332 596 Epigonis
348 537 532 596 captivam
551 546 719 597 Delphos
739 546 957 597 adductam,
980 546 1109 596 ibique
1128 546 1272 584 oraculi
1291 546 1500 583 ministerio
1518 560 1612 584 con·

146 618 328 648 seez-atam
342 639 353 659 ,
372 623 450 660 quo
464 610 619 648 nomine
636 613 765 648 Boeoea
787 612 914 660 potius
935 610 1097 648 <licenda
1114 619 1211 648 esset
1233 623 1368 660 quam,
1389 618 1430 647 ut
1454 610 1614 660 quibus-

148 672 234 710 ‹lam
260 674 424 724 placuit,
449 674 634 712 Thessala.

202 737 293 775 Aliae
309 750 463 788 quoqne
483 737 635 787 Sibyllae
650 750 670 774 e
687 736 841 775 Graecioe
858 737 1073 774 continente
1096 738 1275 784 citantur,
1294 747 1335 776 ut
1354 740 1610 786 Macedonica,

147 800 300 837 nominc
322 810 468 838 tantum
498 810 582 839 nota
596 829 605 846 ,
623 809 659 837 et
677 802 866 849 Epirotica
893 814 958 837 seu
987 801 1218 849 Thesprotia-a
1236 833 1244 847 ,
1273 815 1358 852 quae
1376 803 1534 839 sortasse
1559 810 1612 839 est

146 864 327 902 Phacnno
355 879 420 903 seu
444 865 624 909 Pli'ennis,
643 864 713 901 sub
736 865 866 914 primis
889 864 1094 901 Alexandri
1114 865 1411 916 successoribus,
1438 866 1613 903 oraculo-

147 941 230 965 rum
248 928 353 966 libris
368 929 490 976 clai-:13
508 929 598 977 sive,
615 937 655 965 ut
671 928 734 966 alii
754 929 914 973 malunt,
932 928 1106 978 Nympha
1125 928 1296 977 quaedam
1318 930 1452 979 (multo
1467 930 1504 967 id
1522 943 1613 967 sane

145 992 339 1042 antiquius
358 1000 394 1029 et
415 991 618 1043 nobilius),
647 1005 731 1042 quae
755 991 825 1029 sub
842 992 1048 1030 Amaltlieae
1073 993 1227 1029 nomine
1249 993 1398 1030 videtur
1427 993 1464 1030 in
1495 993 1612 1044 Epiro

146 1055 284 1092 divinis
303 1055 516 1094 honoribus
534 1056 650 1094 fuisse
675 1056 791 1094 culta.
1136 1091 1144 1107 ,

198 1119 273 1158 Sed
307 1121 345 1157 in
373 1121 498 1167 ltalia,
529 1120 608 1171 jam
641 1120 902 1158 remotissimis
926 1120 1188 1170 temporibus,
1214 1120 1357 1158 Cumaei
1386 1135 1449 1158 seu
1470 1122 1612 1171 Cymaei

148 1185 317 1232 AEolidis,
334 1199 452 1236 quum
472 1187 510 1223 in
536 1187 638 1223 ltalia
659 1187 798 1223 Cumas
814 1187 1000 1223 coloniam
1015 1186 1213 1238 ducerent,
1229 1187 1551 1237 Sibyllaenomen,
1575 1188 1610 1224 in

146 1258 272 1286 vetere
292 1251 413 1300 patria
428 1264 494 1288 sua
517 1251 756 1300 praeclarum,
773 1250 863 1287 illuc
877 1250 1194 1300 deportaverant,
1218 1252 1317 1289 nacti
1333 1252 1370 1288 in
1394 1252 1614 1303 propinquo

143 1314 242 1350 antri
262 1313 456 1364 cujusdam
478 1315 818 1365 opportunitatem,
835 1315 971 1364 inquo
989 1314 1222 1352 domicilium
1245 1315 1421 1353 babuisse
1436 1317 1537 1354 dicta
1557 1326 1614 1354 cst

149 1379 320 1414 Cumana
339 1377 501 1428 Sibylla,
527 1392 590 1416 seu
616 1380 825 1424 Cimmerio,
841 1381 1086 1423 seuLuccma,
1117 1378 1208 1424 sive,
1224 1387 1264 1415 ut
1283 1378 1512 1429 quibusdam
1528 1379 1613 1429 pla-

147 1442 245 1489 cuit,
263 1445 382 1491 Itala,
411 1442 474 1480 sed
492 1456 576 1480 cum
593 1443 723 1481 Italica
741 1443 921 1480 Varronis
937 1443 1093 1480 minime
1110 1442 1391 1480 confundenda.

203 1509 258 1546 Ex
281 1508 347 1544 illo
368 1516 538 1558 tempore
556 1509 670 1558 coepit
700 1508 737 1545 in
767 1521 902 1558 magna
919 1508 1065 1546 Graecia
1089 1516 1202 1558 atque
1218 1507 1308 1545 iude
1334 1508 1370 1545 in
1395 1507 1477 1544 aliis
1495 1507 1614 1545 ltaliae

147 1572 322 1623 partibus
350 1573 600 1610 inclarescere
622 1573 776 1623 Sibyllae
803 1586 956 1619 nomen,
972 1581 1009 1610 et
1040 1573 1199 1611 fortasse
1219 1573 1338 1610 multa
1357 1572 1514 1609 confieri
1532 1580 1614 1609 tan-

145 1651 259 1688 quam
290 1637 475 1687 Sibyllina
503 1639 697 1684 carmina;
723 1651 886 1688 quorum
917 1651 1032 1674 unum
1053 1637 1099 1674 ad
1127 1651 1166 1674 sc
1185 1637 1240 1674 vel
1259 1649 1344 1673 casu
1368 1637 1523 1673 allatum
1554 1637 1613 1672 vel

146 1715 192 1739 ex
215 1701 399 1739 industria
415 1705 654 1748 accersitum,
681 1702 953 1739 dominationis
970 1702 1264 1738 instrumentum
1297 1700 1418 1738 facere
1448 1700 1614 1738 decrevit

147 1765 380 1815 Tarquinius
399 1765 607 1816 Superbus,
630 1774 667 1803 et
691 1767 818 1804 Romae
844 1765 882 1802 in
905 1764 1100 1814 Capitolio
1118 1764 1306 1810 sacravit,
1338 1764 1469 1802 dissita
1495 1765 1613 1811 sama,
1661 1774 1663 1776 ’

147 1829 341 1866 mulierem
361 1829 564 1878 quamdam
591 1830 757 1879 ignotam
786 1828 975 1866 cimelium
1003 1827 1095 1865 illud
1115 1828 1284 1865 attulisse
1304 1841 1347 1865 ac
1364 1827 1500 1865 deinde
1526 1841 1615 1865 eva-

148 1892 274 1929 nuisse
295 1905 304 1928 :
323 1891 412 1929 inde
432 1892 588 1941 quidam
611 1892 807 1929 mulierem
824 1891 947 1937 istam,
967 1891 1104 1941 (serius
1124 1899 1262 1938 tamen,
1282 1892 1336 1928 uti
1357 1892 1512 1940 remur),
1534 1890 1614 1928 Cu-

148 1969 296 1993 manam
313 1956 434 2006 ipsam
450 1956 635 2007 Sibyllam
656 1969 736 1994 esse
757 1956 990 2002 voluerunt3
1010 1956 1133 1993 Varro
1150 1969 1319 2005 quoque,
1339 1956 1486 2006 vulgari
1511 1955 1612 2006 apud

144 2033 234 2058 suos
253 2020 427 2071 opinioni
444 2021 600 2058 nimium
619 2020 902 2071 obtemperans,
924 2021 1134 2058 Cumanam
1150 2020 1251 2057 illam
1273 2019 1394 2065 dixit,
1411 2020 1475 2058 sed
1493 2019 1616 2070 probe

144 2083 360 2122 distinctam
377 2100 397 2122 a
415 2086 543 2136 priore
559 2085 742 2131 Cumana,
758 2098 843 2134 quae
866 2085 934 2135 ipsi
949 2083 1152 2121 Cimmeria
1169 2092 1240 2121 est.
1261 2085 1338 2122 Nos
1353 2097 1434 2120 eam
1454 2086 1614 2133 pseudo-

148 2150 353 2185 Cumanam
376 2150 512 2199 potius,
532 2160 596 2186 seu
621 2150 933 2197 Tarquinianan„
953 2160 1017 2185 seu
1034 2150 1238 2183 Romanam
1260 2147 1484 2184 dixerimus.

201 2216 437 2254 Nobilissima
462 2218 527 2254 ista
546 2216 648 2267 apud
671 2216 882 2264 Romanos,
901 2215 965 2253 sed
996 2224 1034 2252 et
1053 2214 1170 2252 altera
1189 2216 1308 2252 serius
1325 2228 1440 2266 penes
1460 2215 1612 2252 eosdem

146 2280 346 2326 inclaruit,
379 2279 566 2316 Tiburtina
588 2279 703 2325 dicta,
733 2280 905 2323 invento,
936 2287 978 2315 ut
1007 2269 1200 2324 sereba'ut,
1229 2278 1309 2328 ejus
1338 2279 1542 2315 simulacro
1573 2279 1611 2330 in

149 2343 267 2380 amnis
289 2343 442 2381 Anienis
461 2343 609 2393 gurgite
623 2371 632 2389 ,
654 2357 739 2380 cum
760 2342 860 2380 libro
880 2342 1043 2392 quodam
1076 2342 1320 2379 oraculorum
1340 2371 1349 2388 ,
1368 2355 1481 2392 quem
1511 2343 1612 2392 opti-

149 2407 329 2458 matium,
358 2417 400 2445 ut
427 2408 593 2453 videtur,
612 2408 743 2445 fraude
766 2404 972 2444 confictum
988 2435 998 2453 ,
1021 2408 1180 2445 Senatus
1199 2406 1422 2457 reipublicae
1443 2419 1554 2443 causa
1577 2407 1612 2442 in

147 2471 338 2521 Capitolio
362 2485 446 2508 cum
466 2471 659 2520 Sibyllinis
677 2470 959 2520 antiquioribus
977 2471 1115 2507 sacrari
1131 2469 1257 2519 jussit.

203 2535 287 2572 Fuit
314 2544 351 2572 et
377 2544 463 2573 ante
490 2535 570 2573 illas
590 2535 720 2574 Romae
740 2535 839 2572 clara
871 2534 1006 2570 mulier
1025 2534 1097 2570 alia
1124 2533 1303 2581 fatidica,
1320 2533 1520 2571 Carmenta
1539 2545 1613 2569 no—

149 2600 263 2646 mine,
277 2599 442 2637 Evandri
459 2609 593 2645 mater,
614 2613 728 2650 quam
748 2598 904 2648 quidam
919 2598 1072 2648 Sibyllis
1094 2598 1188 2635 salso
1210 2605 1516 2646 annumeratam,
1533 2600 1615 2633 Im-

148 2666 258 2700 licam
281 2664 470 2703 dixerunt.

201 2728 287 2766 Fuit
305 2729 343 2764 in
372 2728 496 2767 Sicilia
522 2741 688 2778 quoque,
715 2735 875 2778 propter
893 2727 990 2763 amri
1010 2726 1214 2776 Lilybitani
1245 2723 1330 2763 cum
1355 2726 1421 2763 illo
1439 2726 1612 2763 Cumano

148 2794 452 2837 similitudinem,
487 2794 627 2843 Sibylla
662 2793 836 2843 quaedam
859 2793 1093 2843 excogitata,
1125 2801 1162 2829 et
1190 2807 1208 2829 a
1239 2792 1468 2842 quibusdam
1491 2795 1612 2829 Sirum

148 2859 260 2905 «licta,
283 2873 395 2908 quam
417 2859 479 2896 alii
497 2860 591 2897 male
612 2872 696 2896 cum
718 2857 975 2908 'I'arquiniana
995 2856 1259 2894 confuderunt.
