1686 3500
145 137 237 188 372
394 112 398 116 ’
511 135 591 179 AD
624 133 973 178 stBYLmNOS
1008 130 1220 185 menos

142 229 345 282 spectantis
362 241 384 268 e
397 227 626 280 longinquo,
639 240 761 279 eoque
774 226 958 278 ampliora
971 223 1173 271 cernentis;
1186 222 1338 270 deinde,
1352 223 1467 275 solito
1479 207 1601 265 aman-

142 294 244 333 tibus
266 306 414 341 errore,
433 293 596 346 patriam
621 306 727 331 suam
748 293 772 332 J
778 291 916 329 udaeam
930 302 1008 327 non
1029 287 1238 326 dubitantis
1258 279 1486 339 praecipuam
1506 289 1602 328 Asiae

137 370 218 397 esse
231 365 391 409 partem,
412 356 516 395 unde
530 370 644 408 supra
665 357 785 408 ipsam
805 353 969 393 vocabat
987 352 1141 397 Ἀσσίδος
1153 345 1321 391 mm*
1283 352 1397 394 ουδας.
1414 353 1601 392 Praeteret

107 441 115 450 ·
136 435 213 460 non
227 422 268 460 in
285 421 418 461 Judaea
434 428 579 459 tantum
594 419 805 460 constitisse
817 418 841 457 J
846 417 1040 456 ndaeornm
1057 425 1239 468 stragem,
1255 415 1373 454 sedin
1393 415 1474 453 aliis
1488 417 1601 455 etiam

137 493 323 524 terrarum
342 484 515 536 partibus
536 484 746 523 desaeviisse
760 482 861 520 illam
883 480 1110 534 procellam,
1127 481 1214 518 satis
1234 479 1376 518 indicat
1395 479 1494 517 idem
1513 481 1599 532 Dio,

133 562 253 601 quum
272 548 406 587 scribit
425 550 464 586 in
489 548 666 586 omnibus
685 545 891 597 provinciis
914 558 957 583 ac
978 557 1086 596 paene
1109 543 1288 594 universo
1304 542 1397 581 orbe
1415 550 1601 582 terrarum

131 621 339 652 commotas
365 613 480 652 fuisse
511 626 533 652 a
558 611 702 652 Judaeis
732 609 885 656 turbas,
916 608 983 648 lib.
1009 609 1074 647 cit.
1107 612 1126 656 S
1159 606 1315 646 13:1<at
1342 607 1374 646 οἱ
1399 606 1600 660 ἁπανταχοῦ

133 678 196 729 γῆς
214 676 374 716 Ἰουδαῖοι
393 676 678 730 συνεταροὶττοντο
687 700 799 714 .....
829 672 944 719 πάσης
971 673 1015 715 ὡς
1046 673 1154 710 εἶπεῑν
1182 669 1383 721 κινουμένης
1408 669 1465 708 ἐπὶ
1491 669 1602 724 τούτῳ

133 743 195 788 τῆς
213 740 428 792 οἰκουμένης.
459 742 553 780 Nam
579 739 750 791 profecto
772 736 903 776 eadem
931 737 1134 775 severitate
1165 735 1348 773 adversus
1377 733 1600 772 rebellantes

133 804 435 843 animadversum
455 811 531 851 est,
562 802 796 852 ubicumque
815 809 1002 839 terrarum
1023 807 1138 851 caput
1163 799 1337 837 attollere
1365 798 1447 836 ausi
1466 807 1599 838 essent.

131 871 254 909 Porro
279 868 317 906 in
343 867 490 916 Africa,
515 866 553 905 id
581 874 650 916 est,
668 865 896 916 Cyrenaica,
915 873 952 903 et
973 863 1238 903 Alexandr1⁴e
1229 877 1267 902 tn
1287 863 1355 901 AEw
1333 870 1450 914 gypto
1477 870 1599 900 motus

132 931 247 969 fuisse
263 930 483 969 Judaeorum
510 937 669 968 testatur
698 928 909 968 Eusebins'
899 942 939 967 m
959 928 1152 968 Chronico
1171 927 1217 966 ad
1246 927 1316 966 hos
1335 939 1468 965 annos.
1486 925 1600 964 Simi-

131 994 184 1032 les
205 1006 296 1031 vero
313 1001 439 1031 motus
458 1000 634 1031 aestuasse
653 999 692 1030 et
705 992 787 1044 pari
803 992 948 1031 saevitia
965 1005 1200 1044 compressos
1220 1004 1302 1029 esse
1317 990 1451 1029 merito
1470 990 1600 1029 credas

132 1057 171 1096 in
193 1057 322 1108 Cypro
351 1056 488 1105 insula,
519 1064 557 1094 et
585 1056 624 1094 in
644 1056 690 1094 iis
710 1056 802 1095 Asiae
821 1056 1051 1095 continentis
1079 1054 1264 1094 tractibus
1294 1053 1359 1093 ubi
1378 1054 1599 1094 Judaeorum

131 1122 344 1163 increverat
362 1134 557 1168 numerus,
574 1121 611 1158 in
630 1121 756 1171 Syria,
773 1121 952 1172 Phrygia,
964 1119 1225 1173 Cappadocia,
1243 1128 1328 1167 etc.;
1351 1120 1450 1157 unde
1467 1121 1601 1159 Noster

133 1194 249 1223 totam
280 1185 407 1223 Asiam
430 1184 478 1222 ab
504 1185 699 1223 Hadriano
728 1193 910 1223 vastatam
944 1193 982 1223 et
1008 1184 1194 1236 sanguine
1213 1197 1372 1222 mersam
1393 1182 1466 1222 sibi
1485 1184 1601 1224 linxit.

131 1248 227 1296 Sed,
246 1261 336 1300 age,
353 1261 570 1300 pergamuS.

181 1312 317 1352 Cetera
336 1325 422 1364 quae
441 1319 655 1362 sequnntur
669 1312 784 1363 plana
810 1313 919 1352 fiunt.
939 1313 1034 1352 Nam
1053 1312 1092 1351 in
1121 1313 1296 1352 Excursu
1315 1319 1424 1351 sexto
1444 1311 1599 1351 demon-

133 1375 338 1415 strabimus
351 1404 362 1424 ,
383 1374 455 1414 sub
475 1376 671 1415 Antonino
691 1377 762 1416 Pio
781 1389 826 1416 ac
843 1378 1054 1429 praesertim
1075 1385 1162 1429 post
1181 1389 1321 1416 annum
1347 1377 1433 1423 154,
1452 1375 1601 1415 duobus

129 1441 212 1494 ejus
230 1441 423 1493 adoptivis
437 1440 569 1479 liberis
585 1440 632 1479 ad
647 1453 846 1480 caesaream
858 1442 1079 1493 dignitatem
1091 1442 1245 1489 evectis,
1256 1454 1375 1493 quum
1397 1450 1474 1480 tres
1492 1442 1599 1481 simul

133 1507 327 1561 principes
343 1519 504 1557 regnare
516 1506 751 1555 viderentur,
766 1507 955 1559 simulque
970 1508 1095 1547 fatalis
1112 1508 1176 1546 ille
1190 1507 1408 1560 principum
1421 1520 1599 1546 numerus

130 1572 307 1610 denarius
327 1571 507 1622 impletus
522 1578 644 1621 esset,
664 1570 857 1623 vulgatam
880 1571 994 1610 fuisse
1008 1571 1230 1624 opinionem
1249 1570 1354 1623 apud
1368 1571 1600 1611 Christianos

131 1634 342 1688 praesertim
368 1633 635 1685 judaizantes,
673 1634 805 1674 adesse
841 1636 993 1687 imperii
1030 1636 1195 1675 Romani
1230 1644 1269 1674 et
1308 1649 1437 1675 rerum
1476 1636 1598 1675 finem.

131 1700 284 1751 Quippe
302 1698 376 1736 illis
399 1697 650 1750 regnantibus
678 1698 870 1738 redituras
898 1713 945 1738 ex
965 1700 1054 1738 Asia
1080 1699 1212 1738 decem
1235 1699 1356 1739 tribus
1379 1699 1470 1738 olim
1502 1708 1601 1738 trans

134 1762 430 1816 Euphratemvab
453 1763 617 1814 Assyriis
638 1763 865 1812 translatas,
885 1764 1163 1816 victorlamque
1183 1778 1204 1802 a
1224 1764 1407 1803 Romanis
1428 1774 1599 1816 reporta-

132 1838 254 1878 turas,
273 1838 310 1867 ct
328 1841 500 1880 magnam
518 1837 666 1880 partem
687 1829 785 1868 Asiae
797 1859 807 1878 ,
823 1830 1066 1869 Palaestinam
1082 1838 1200 1881 certe,
1217 1829 1432 1869 Caesaribus
1445 1840 1600 1883 ereptu-

135 1907 209 1933 ηις.
225 1892 300 1932 Sed
317 1906 404 1931 mox
425 1902 462 1931 et
479 1892 564 1931 illos
576 1901 616 1941 et
633 1894 738 1945 ipsos
758 1893 959 1946 Romanos,
973 1894 1210 1933 Antichristo
1227 1895 1394 1934 venienti
1413 1908 1599 1941 cessuros;

136 1966 264 2010 postea
284 1949 490 1996 venturum
519 1958 693 1996 messiam
722 1958 789 2009 qui
818 1971 951 1997 omnes
979 1958 1117 2011 impios
1136 1958 1368 2006 debellaret,
1387 1968 1501 2011 atque
1525 1959 1599 1998 haec

136 2023 219 2061 sore
242 2022 373 2061 ultima
388 2021 522 2061 mundi
556 2030 742 2075 tempora.
778 2023 845 2062 His
866 2023 1056 2062 vaticiniis
1074 2023 1174 2078 pleni
1193 2031 1282 2061 sunt
1298 2022 1475 2074 Sibyllini
1496 2023 1600 2069 libri,

133 2087 342 2139 praeserlim
360 2086 464 2138 VIII,
481 2090 500 2134 S
520 2101 551 2136 1,
571 2096 609 2126 ct
633 2087 677 2135 V,
696 2087 768 2126 sub
786 2088 983 2127 Antonino
1009 2088 1078 2127 Pio
1101 2087 1252 2140 scripti,
1268 2096 1305 2127 et
1328 2089 1467 2140 partim
1491 2088 1599 2127 etiam

133 2151 410 2202 liberquartus,
424 2151 491 2202 qni
507 2153 642 2190 ceteris
662 2152 763 2190 viam
776 2154 1087 2204 praemuniverat.
1103 2153 1227 2191 Porro
1240 2153 1277 2190 in
1296 2152 1356 2190 his
1366 2153 1550 2204 quaedam,
1561 2160 1601 2191 ut

135 2229 235 2268 saepe
255 2216 296 2254 fit
325 2216 363 2254 in
387 2215 597 2265 vaticiniis,
625 2217 690 2255 vix
722 2217 821 2254 inter
848 2229 888 2255 se
911 2215 1177 2265 cohaerebant,
1204 2230 1328 2268 neque
1349 2217 1397 2255 ab
1428 2217 1599 2255 omnibus
1639 2206 1641 2208 ¹

134 2280 270 2318 eodem
287 2279 403 2318 modo
422 2280 682 2319 efferebantur
703 2282 761 2320 vel
777 2281 1106 2333 intelligebantur.
1122 2282 1244 2333 Vulgo
1258 2291 1388 2327 ,tamen
1409 2290 1598 2334 receptum

136 2344 250 2382 fuisse
264 2344 416 2383 videtur
433 2345 645 2384 Antoninos
660 2345 825 2397 primum
842 2359 863 2385 a
882 2345 1024 2386 Judaeis
1041 2345 1278 2398 profligatos,
1294 2345 1433 2385 deinde
1452 2346 1498 2384 ab
1523 2348 1600 2385 An-

137 2408 310 2447 tichristo
342 2422 458 2460 regno
486 2418 524 2448 et
543 2410 621 2448 vita
648 2410 844 2461 privatum
873 2410 937 2450 iri.
965 2411 1010 2449 Et
1040 2410 1154 2461 vulgo
1175 2411 1330 2462 quidem
1353 2411 1600 2456 credebatur,

138 2485 224 2509 eum
250 2472 315 2523 qui
333 2473 446 2511 trium
467 2481 557 2511 natu
581 2473 760 2512 minimus
780 2483 897 2520 esset,
918 2473 959 2513 L.
978 2475 1118 2513 Verum
1137 2474 1273 2513 ceteris
1302 2474 1454 2513 duobus
1470 2486 1602 2527 super-

140 2535 332 2585 sntnrum,
355 2537 409 2575 nti
425 2537 576 2577 canitur
593 2537 692 2577 libro
706 2539 752 2590 V,
772 2552 807 2577 v.
827 2538 868 2577 51
893 2553 901 2576 :

295 2600 398 2651 Τρεῖς
414 2599 584 2653 ἄρξουσιν,
603 2603 622 2639 ὁ
641 2600 677 2639 δὲ
696 2603 853 2654 τρίτατος
868 2603 964 2653 σφῶν
983 2600 1045 2655 ὀψὲ
1064 2601 1252 2654 κρατήσει,

135 2662 174 2700 id
195 2671 318 2700 tamen
347 2676 424 2700 non
443 2663 524 2702 sine
544 2664 649 2702 civili
674 2667 717 2702 ac
738 2664 948 2704 domestico
973 2666 1151 2705 tumultu.
1176 2668 1270 2706 Nam
1299 2666 1510 2705 Antoninos
1529 2662 1600 2702 sibi

135 2725 341 2777 fingebant,
368 2726 447 2764 sive
469 2726 713 2775 Judaeorum,
742 2728 821 2766 sive
843 2728 1069 2768 Antichristi
1086 2729 1254 2768 adventu
1282 2728 1544 2782 perturbatos,
1562 2726 1600 2764 in

134 2798 282 2828 mutuas
302 2788 515 2829 discordias
532 2799 756 2842 mutuasque
772 2791 893 2830 caedes
912 2801 1141 2844 erupturos;
1163 2793 1290 2845 itaque
1307 2802 1452 2845 patrem
1466 2805 1488 2830 a
1507 2790 1600 2836 filiis,
