1686 3500
106 163 197 208 354
484 159 565 204 AD
599 158 647 204 SI
655 157 939 204 BYLLINOS
974 156 1180 203 LIBROS

101 273 192 307 aar,
211 272 312 309 sqq„
333 256 381 296 de
409 256 527 295 tribus
547 256 736 308 capitibus
756 255 803 295 ab
824 254 1058 296 Antichristo
1076 255 1219 294 excisis.
1236 255 1426 296 Praeterea
1441 260 1470 297 si
1489 269 1560 300 tam

102 337 188 362 sero
210 323 372 373 scriptus
395 329 491 359 esset
514 322 576 360 hic
598 320 717 368 liber,
738 334 815 358 non
836 321 931 359 adeo
955 321 1115 358 refertus
1130 328 1226 358 esset
1248 320 1470 361 calamitatis
1494 326 1561 364 Ju-

102 387 232 433 da'icae,
255 394 432 436 tanquam
453 385 579 423 adhuc
598 384 780 434 recentis,
806 384 1008 430 memoria;
1035 397 1104 421 nec
1127 383 1260 422 seriem
1289 384 1560 435 imperatorum

92 439 356 490 'Romanorum
378 450 418 488 in
439 449 630 488 Hadriano
652 448 847 487 clausisset
872 448 1009 486 Noster
1023 476 1033 494 ‚
1062 461 1184 498 neque
1209 447 1257 486 de
1274 448 1354 498 ejus
1373 462 1560 489 successo-

101 514 231 561 ribus,
250 515 316 552 vix
341 513 466 552 obiter
485 514 677 560 indicatis,
700 514 815 550 altum
832 513 1027 562 ceteroqui
1047 513 1237 550 silentium
1260 514 1407 563 egisset.

150 580 207 617 De
231 580 392 628 Smyrna
413 578 555 629 Ephesi
573 591 683 629 opem
707 577 908 615 invocante
933 589 1050 614 unum
1072 576 1264 624 dicemus,
1282 590 1353 615 nec
1381 585 1459 615 tum
1485 581 1560 630 pri.

73 655 200 680 ·mum
239 655 307 680 nec
335 641 448 680 semel
472 651 578 680 antea
616 653 818 679 concussas
852 640 966 678 fuisse
994 640 1089 678 Asiae
1112 640 1270 678 Minoris
1297 640 1433 688 urbes3
1464 644 1560 682 unde

98 709 252 745 sortasse
274 707 428 745 traditio
458 714 646 746 manserat
666 706 791 756 aliqua
813 705 858 743 de
875 704 1046 756 Ephesiis
1071 704 1108 742 in
1140 704 1204 742 tali
1235 704 1342 743 clade
1362 706 1559 756 Smyrnaeis

95 785 207 822 opem
235 772 464 818 serentibus,
484 770 588 822 quod
607 771 654 808 de
674 779 748 807 tam
781 770 915 807 vicinis
935 782 978 806 ac
1005 774 1186 820 praetcrea
1207 771 1378 820 cognatis
1406 770 1558 810 urbibus

96 835 208 873 facile
225 834 327 872 credi
346 843 478 885 potest.
491 834 600 872 Nulla
615 833 730 883 igitur
746 845 860 869 causa
876 840 930 869 est
951 844 1018 868 cur
1037 831 1153 877 iliam,
1172 845 1284 882 quam
1303 833 1430 870 multis
1447 846 1557 883 argu-

93 899 230 937 mentis
241 899 438 948 evicimus,
450 898 666 949 opinionem
683 897 914 942 deseramus,
926 905 995 934 aut
1013 909 1083 933 cur
1099 896 1278 935 Nostrum
1295 897 1414 934 serius
1427 897 1560 937 vixisse

99 957 297 1001 credamus
311 975 423 1014 quam
441 977 502 1007 eo,
521 975 599 1012 quo
625 960 808 1008 diximus,
830 969 1015 1009 tempore,
1036 959 1106 997 sub
1127 960 1308 998 Antonini
1333 961 1390 999 Pii
1412 961 1558 1001 ultimos

99 1042 232 1068 annos.

145 1091 401 1131 Verum-idem
419 1091 498 1129 sere
517 1099 633 1141 atque
648 1090 798 1128 easdem
820 1103 942 1141 prope
962 1089 1013 1127 ob
1033 1103 1166 1129 causas
1181 1090 1294 1128 modo
1312 1099 1557 1130 statueramus

93 1157 141 1196 de
156 1156 242 1195 libri
257 1157 380 1194 octavi
399 1163 506 1206 parte
522 1154 660 1206 prima.
682 1155 778 1193 Num
797 1154 913 1204 igitur
930 1155 1040 1192 unius
1056 1163 1167 1192 erunt
1183 1155 1376 1193 auctoris?
1390 1155 1555 1197 minime.

92 1223 186 1261 Nam
206 1220 397 1271 Sibyiiista
414 1218 501 1257 iibri
525 1219 650 1256 octavi
666 1217 904 1256 Christianus
927 1219 1082 1257 omnino
1102 1227 1180 1266 est;
1205 1219 1265 1256 hic
1285 1232 1456 1270 maguam
1473 1233 1558 1271 par-

93 1294 168 1323 tem
187 1283 342 1324 Judaeus
362 1296 405 1321 ac
426 1283 488 1320 vix
509 1281 649 1320 alicubi
668 1281 924 1322 Christianus.
948 1282 1021 1320 ule·
1041 1283 1127 1333 pius
1153 1291 1209 1320 est
1235 1284 1309 1330 vir,
1337 1283 1557 1334 egregieque

92 1357 278 1394 moratus;
305 1347 365 1385 hic
385 1346 462 1384 odii
483 1346 540 1383 vel
565 1346 795 1384 iucri'causn
821 1346 1017 1397 scripsisse
1042 1346 1206 1386 videtur.
1229 1348 1295 1386 lile
1331 1346 1440 1398 cujus
1462 1358 1555 1387 essct

93 1415 235 1464 patriae,
251 1424 326 1450 non
348 1409 538 1462 prodidit3
556 1409 604 1447 de
625 1409 788 1460 AEgypto
811 1418 914 1447 certe
945 1408 1023 1448 οὐδὲ
1047 1409 1110 1463 γρύ
1130 1424 1138 1447 x
1166 1419 1300 1449 contra
1326 1411 1427 1462 apud
1461 1411 1556 1451 hunc

92 1476 226 1514 crebra
251 1476 293 1512 sit
312 1474 465 1526 AEgypti
492 1474 656 1520 mentio,
683 1482 725 1511 ut
748 1474 1046 1512 Alexandrinum
1078 1475 1206 1513 dicere
1233 1476 1327 1513 nulli
1357 1475 1555 1514 dubitavc-

90 1539 386 1578 rimus.Diversi
412 1551 506 1589 ergo
525 1538 680 1576 fuerunt
700 1538 919 1589 scriptores,
933 1552 1002 1576 nec
1019 1548 1143 1576 tamen
1159 1539 1231 1577 sibi
1249 1553 1406 1591 prorsus
1428 1541 1555 1592 ignoti.

91 1604 183 1643 Nam
199 1610 335 1654 praeter
350 1601 441 1639 illud
457 1614 660 1639 commune
676 1601 972 1650 hemistichium,
988 1608 1077 1655 τρεῖς
1096 1602 1269 1655 ἄρξουσιν,
1289 1606 1404 1642 etiam
1420 1605 1466 1643 de
1485 1611 1556 1644 An-

91 1668 265 1706 tichristo
293 1680 336 1705 ac
365 1666 413 1704 de
440 1666 569 1705 futura
591 1666 740 1717 imperii
763 1667 921 1706 Romani
951 1667 1083 1715 ruina,
1116 1667 1246 1706 eadem
1272 1678 1359 1707 sunt
1384 1671 1555 1721 utrinque

91 1732 286 1781 vaticinia,
303 1730 400 1769 idem
412 1744 519 1782 paene
532 1730 646 1769 to‘tius
660 1731 873 1782 argumenti
891 1739 1010 1777 tenor,
1028 1745 1106 1782 quo
1124 1733 1241 1783 magis
1263 1742 1390 1784 pateat
1405 1734 1442 1771 id
1458 1735 1554 1785 quod

92 1809 208 1847 supra
224 1795 405 1847 suspicati
427 1808 556 1833 sumus
572 1823 583 1842 ,
603 1795 713 1833 aiteri
730 1795 907 1833 scribenti
929 1795 1043 1833 fuisse
1065 1796 1226 1834 alterum
1242 1797 1293 1834 ob
1307 1798 1448 1836 oculos.
1471 1800 1555 1838 Uter

93 1873 185 1898 vcro
209 1860 425 1910 posterior?
447 1859 481 1897 Is
501 1859 676 1906 fortasse,
697 1859 762 1910 qui
791 1859 833 1897 1..
855 1860 964 1910 Veri,
994 1868 1034 1897 ut
1063 1873 1148 1897 sero
1180 1860 1426 1909 dominaturi,
1447 1862 1554 1913 paulo

94 1926 265 1976 apertius
292 1924 473 1962 meminit.
502 1925 692 1963 Praeterea
720 1923 836 1975 plagii
875 1923 1097 1974 fraudisque
1122 1926 1239 1976 magis
1271 1935 1469 1977 suspectus
1504 1936 1554 1965 est

94 1990 161 2040 qui
181 1990 304 2027 minus
331 1988 559 2026 christianus
589 1987 682 2034 fuit,
702 1997 836 2026 auctor
855 2001 991 2040 nempe
1024 1990 1111 2027 iibri
1136 1991 1190 2040 V3
1211 1992 1418 2041 praesertini
1444 2005 1552 2042 quum

95 2054 312 2104 astr010gus
338 2053 452 2091 fuisse
481 2051 654 2090 videatur
676 2052 825 2100 (confer
845 2065 880 2090 v,
913 2053 1002 2099 205,
1023 2061 1120 2104 sqq&
1153 2054 1243 2103 511,
1264 2055 1384 2105 sqq.)‚
1407 2055 1552 2093 divinus

93 2107 219 2171 itaque
234 2126 271 2156 et
293 2117 483 2164 hariolus,
505 2125 621 2167 atque
640 2130 687 2154 ex
705 2117 749 2154 iis
771 2130 868 2154 unus
885 2117 933 2154 de
953 2117 1094 2168 quibus
1114 2118 1314 2157 ,Iuvenalis
1331 2134 1338 2156 :

246 2182 547 2233 Qualiacumque
565 2181 669 2219 voles
688 2182 814 2220 Jndaei
833 2182 980 2220 somnia
998 2183 1185 2222 vendunt.

95 2248 203 2286 Hunc
228 2259 318 2297 ergo
341 2247 596 2297 suspicamur,
619 2245 811 2283 homiuem
833 2245 992 2284 sortasse
1011 2246 1241 2293 sameficum,
1261 2262 1379 2297 quum
1405 2250 1551 2287 aiterius

91 2311 291 2361 Sibyllistae
313 2310 454 2348 librum
478 2323 615 2360 magno
635 2309 766 2347 favore
782 2323 803 2346 a
822 2310 1046 2347 Christianis
1065 2312 1190 2362 excipi
1211 2313 1380 2361 videret,
1401 2314 1552 2352 sensisse

91 2389 176 2426 quae
206 2375 283 2413 illic
303 2374 474 2413 subesset
494 2374 651 2412 materia
670 2382 835 2424 quaestus
853 2374 1035 2421 faciendi3
1065 2384 1181 2426 atque
1204 2377 1293 2415 hinc
1320 2387 1445 2416 ortum
1478 2389 1552 2416 esse

90 2438 264 2488 quintum
296 2437 432 2475 librum
446 2466 456 2483 ,
482 2437 586 2488 vulgi
603 2436 737 2475 studiis
757 2445 793 2475 et
821 2437 1070 2488 opinionibus
1090 2440 1434 2488 accommodatum,
1456 2439 1550 2491 quod

92 2502 246 2552 quidem
287 2500 474 2551 ejusmodi
507 2500 695 2539 mercibus
738 2501 942 2552 pluriinuni
985 2501 1093 2540 addit
1129 2504 1258 2554 pretii.
1295 2505 1431 2543 Iisdem
1468 2517 1548 2542 mox

40 2557 44 2560 ⁴
92 2565 214 2602 causis
239 2565 485 2609 inducemur,
521 2572 562 2601 ut
592 2564 746 2602 alterius
770 2565 894 2615 ipsum
928 2565 1072 2603 fraudis
1106 2577 1324 2618 suspectum
1350 2569 1547 2614 faciamus,

90 2629 330 2679 interpolatae
362 2642 501 2679 nempe
531 2627 631 2666 libro
665 2629 778 2666 tertio
802 2629 935 2666 niediae
955 2630 1074 2680 partis
1099 2644 1107 2666 ε
1131 2640 1172 2668 ut
1198 2632 1298 2669 enim
1318 2641 1482 2683 quaestus
1504 2631 1547 2668 ad

86 2702 289 2744 quaestum,
308 2693 358 2730 ita
385 2693 487 2730 fraus
512 2693 648 2730 invitat
672 2693 720 2731 ad
748 2692 934 2731 fraudem.

138 2757 285 2794 Scimus
309 2756 423 2794 alicui
443 2755 746 2806 displiciturum,
772 2770 974 2796 commune
996 2759 1204 2810 quidquam
1223 2761 1286 2798 tali
1308 2761 1448 2799 homiui
1465 2773 1545 2797 eum

87 2821 312 2860 Christianis
342 2821 466 2858 fuisse.
496 2820 569 2858 Sed
590 2821 804 2859 meminerit
825 2812 938 2861 fuisse
961 2823 1054 2860 iilud
1078 2832 1226 2875 teinpus
1254 2838 1372 2876 quum
1393 2839 1413 2862 e
1437 2836 1547 2874 syna·-
