1737 3495
693 206 991 253 EXCURSUS
1019 210 1074 253 V.
1205 258 1208 261 ,
1439 248 1441 251 .
1507 205 1597 257 327

135 307 293 344 doceant
319 300 558 353 Theophilus
583 299 631 338 nd
666 301 793 339 Antol.
825 299 891 339 lib.
917 301 970 349 ll,
996 303 1101 351 §36,
1120 304 1154 340 ἐν
1176 305 1268 356 ἀρχῇ
1299 305 1361 350 τῆς
1389 304 1601 358 προφητείας

134 372 315 416 αὐτης,οῑ
335 365 572 412 Lactantius,
588 357 656 404 lib
674 366 737 412 lv,
759 379 842 416 cap.
865 367 910 414 6,
931 383 946 400 ιι
964 367 1000 404 in
1021 367 1201 406 carminis
1216 368 1337 408 initio.
1354 387 1369 404 n
1390 369 1602 420 Erythraeae

133 446 220 485 ergo
244 427 400 482 Sibyllae
421 429 539 467 fetum
565 442 666 478 esse,
701 430 810 468 multi
829 429 1060 478 credebant,
1093 443 1159 469 seu
1188 433 1316 482 potius
1345 434 1507 485 Assyriae
1540 434 1619 472 vel‘

133 496 316 538 Chaldaeae
343 495 403 532 vel
423 494 644 543 Hebraicae,
675 507 761 545 qnae
794 508 833 533 se
862 495 955 533 salso
975 495 1211 545 Erythraeam
1228 505 1404 535 vocatum
1424 499 1472 535 iri
1501 512 1601 549 prae-

133 562 308 608 dixisset,
329 558 397 597 lib.
417 559 483 603 ΙΙΙ,
514 572 550 598 v.
575 560 666 606 808,
688 572 770 610 sqq.
795 558 942 611 (confer
964 561 1056 599 Exc.
1076 560 1105 605 l,
1124 573 1212 611 cap.
1235 560 1292 610 15)
1308 590 1319 607 ,
1341 562 1442 599 unde
1464 563 1600 601 citatos

133 641 176 665 ex
193 627 274 676 ipso
289 637 421 663 versus
439 623 613 662 Clemens
631 623 926 671 Alexandrinus,
936 624 1094 662 Cohort.
1111 623 1158 661 ad
1174 626 1242 663 Gr.
1255 638 1303 676 p-
1318 626 1381 673 61,
1404 626 1599 666 Ilebraicae

133 691 222 729 vatis
236 689 288 727 ait
307 702 408 735 esse,
428 688 636 741 προφήτιδος
663 690 731 726 τῶν
750 687 943 741 Ἱῖὸραίων.

182 755 221 792 ln
252 753 447 791 hodiernis
485 762 607 790 tamen
638 752 912 802 Sibyllinorum
943 752 1142 790 codicibus
1169 754 1439 804 manuscriptis
1457 754 1597 794 frustra

131 819 307 873 quaeritur
326 818 399 855 lioc
415 818 670 866 Prooemium,
688 818 896 868 alst-ratque
914 832 961 855 ex
983 818 1152 855 editione
1171 819 1347 869 principe
1372 819 1461 856 unni
1488 820 1598 864 1545.

135 887 215 923 Mox
242 891 365 928 tamen
387 881 598 933 codemque
625 897 725 920 anuo
763 891 953 934 repertum
985 883 1022 920 iu
1043 883 1251 934 Theophili
1281 883 1389 922 libris
1410 883 1457 921 ad
1478 886 1599 922 Auto-

132 951 272 1000 lycum,
294 947 361 997 qni
389 956 466 984 tum
500 947 665 998 primum
691 949 792 998 typis
820 946 1049 994 edebantur,
1079 948 1281 985 doctorum
1310 949 1457 986 animos
1485 949 1532 986 ad
1561 962 1600 988 se

130 1013 336 1061 convertit,
367 1021 479 1063 atque
501 1014 537 1051 in
558 1013 786 1064 Sibyllinum
804 1027 944 1064 corpus
963 1023 1159 1065 receptum
1187 1024 1243 1052 est
1262 1028 1281 1052 a
1304 1015 1532 1062 Castalione,
1546 1015 1600 1053 la-

131 1081 202 1117 tine
218 1079 383 1130 primum
399 1091 500 1116 anno
520 1079 632 1126 1546,
648 1078 789 1116 deiude
804 1079 918 1116 ctiam
938 1092 1059 1129 graece
1079 1092 1182 1115 auno
1205 1079 1316 1117 1555.
1339 1079 1432 1117 lude
1450 1093 1601 1131 semper

130 1144 288 1183 ineditis
304 1143 470 1181 obtinuit
496 1144 704 1196 principem
725 1145 872 1192 locum,
889 1157 1001 1195 quem
1024 1144 1217 1195 hodieque
1238 1153 1375 1185 servat,
1397 1146 1476 1184 Cur
1493 1146 1600 1197 prius

127 1225 146 1247 a
162 1208 346 1259 Sibyllino
363 1222 543 1258 corpore,
561 1209 716 1259 quaudo
736 1219 773 1247 et
796 1223 816 1246 a
836 1223 914 1260 quo
935 1222 1183 1261 suppressum
1199 1239 1209 1257 ,
1228 1222 1330 1247 nunc
1358 1223 1436 1247 non
1454 1211 1599 1261 quaeri-

130 1288 230 1321 mus,
248 1274 358 1324 plura
375 1274 422 1312 de
448 1289 490 1312 ea
514 1288 552 1311 re
570 1274 706 1312 dicturi
727 1274 845 1320 iufra,
874 1288 959 1326 cap.
984 1288 1029 1312 12
1052 1284 1088 1312 et
1114 1288 1170 1323 ¹7·
1193 1275 1301 1314 Nunc
1324 1275 1446 1326 ipsum
1473 1289 1542 1327 per
1560 1289 1599 1314 se

128 1340 259 1378 intueri
281 1348 456 1390 praestat,
478 1340 589 1391 quale
608 1340 678 1389 sit,
694 1350 731 1376 et
747 1340 861 1390 quale
878 1339 926 1376 ab
943 1340 1053 1377 initio
1069 1340 1198 1379 fuerit.

176 1406 400 1456 Quanquam
422 1404 609 1456 integrum
630 1405 676 1442 ad
696 1418 765 1442 nos
792 1404 946 1442 minime
967 1404 1186 1456 pervenisse
1217 1404 1411 1443 fatendum
1431 1413 1487 1443 est
1505 1421 1513 1444 :
1533 1419 1600 1443 su-

130 1478 281 1522 persunt
314 1470 415 1509 enim
448 1470 660 1521 fragmenta
689 1470 810 1507 solum
847 1483 867 1507 a
903 1469 1124 1521 'l'lieophilo
1160 1478 1329 1516 servata,
1359 1483 1443 1522 quae
1476 1479 1598 1508 tamen

128 1549 238 1588 quum
273 1536 446 1586 longiora
477 1537 573 1584 siut,
605 1545 814 1587 aperteque
836 1545 873 1574 et
902 1535 1052 1574 initium
1081 1545 1118 1573 et
1150 1536 1260 1573 linem
1293 1536 1473 1574 carminis
1495 1535 1600 1574 exhi-

129 1601 256 1649 beant,
275 1601 323 1639 nd
343 1601 567 1638 seutentiam
589 1599 636 1639 de
654 1609 734 1639 toto
757 1601 950 1639 serendam
972 1601 1063 1639 satis
1082 1600 1221 1638 valent.

176 1668 446 1717 Argumentum
465 1665 545 1716 rjus
577 1675 633 1703 est
665 1666 1034 1713 umnisusdssimum,
1056 1665 1103 1703 de
1133 1668 1275 1704 unitate
1294 1666 1365 1704 Dei
1387 1666 1462 1704 veri
1484 1679 1527 1704 ac
1551 1666 1599 1706 de

128 1729 298 1767 falsorum
321 1728 479 1766 deorum
506 1729 691 1774 vanitate;
713 1729 816 1779 quod
840 1738 941 1767 recte
962 1729 1241 1779 significaverat
1267 1729 1502 1774 Lactantius,
1524 1730 1597 1770 loc.

127 1795 185 1831 cit.
204 1806 212 1832 τ
230 1792 412 1844 «Sibylla,
433 1793 569 1844 iuquit,
586 1794 784 1844 Erythraea
801 1794 836 1831 in
853 1795 1033 1832 carminis
1053 1795 1112 1831 sui
1137 1794 1458 1845 priucipi0‚quod
1473 1808 1494 1832 a
1517 1796 1596 1833 Deo

125 1878 138 1892 ιι
155 1871 299 1895 summo
319 1871 403 1895 orsa
419 1866 485 1896 est.
512 1876 526 1891 ν
550 1859 685 1896 Statim
707 1859 850 1910 quippe
871 1872 891 1896 a
914 1858 1037 1908 primo
1065 1871 1175 1895 versu
1198 1857 1376 1895 mortales
1394 1857 1597 1908 inei-epan-

127 1932 195 1968 ων,
213 1921 316 1973 quod
335 1935 357 1960 a
378 1936 470 1960 vcro
491 1924 647 1960 numine
664 1922 708 1959 ad
731 1923 820 1960 salsa
837 1923 1064 1969 defecerint,
1087 1935 1122 1960 v.
1145 1935 1245 1969 1-27.
1269 1922 1367 1960 Ecce
1387 1930 1512 1960 autem
1530 1921 1593 1959 lux

125 1987 191 2024 illis
205 1987 375 2038 affulget,
391 1987 438 2024 ad
464 2000 576 2038 quam
597 1986 829 2037 sequendam
850 1987 1073 2032 invitantur,
1089 2000 1123 2022 v.
1143 1987 1272 2024 2830.
1296 1986 1502 2023 Extollitur
1524 1986 1594 2024 Dei

123 2061 255 2090 cuncta
271 2052 434 2103 regentis
455 2051 625 2103 potentia
640 2081 650 2097 ,
668 2064 703 2090 v.
721 2051 858 2091 31-35.
880 2051 1036 2089 vanitas
1057 2050 1239 2088 salsorum
1257 2049 1417 2088 deornm
1433 2050 1593 2088 demon-

125 2125 273 2164 stratur,
286 2130 324 2156 v.
342 2118 483 2165 36-40,
494 2116 635 2168 quibus
649 2119 863 2168 opponitur
874 2130 971 2154 nnus
989 2117 1104 2163 Deus,
1118 2116 1287 2153 omnium
1303 2129 1429 2154 rerum
1446 2125 1592 2164 auctor,

126 2198 157 2222 v.
178 2184 309 2230 41-52,
327 2184 496 2222 omnium
512 2197 664 2235 gnarus,
686 2198 720 2221 v.
744 2183 811 2230 53,
834 2196 903 2234 sq„
926 2183 1171 2234 praemiorum
1187 2196 1239 2220 ,ae
1262 2196 1460 2234 poenarum
1483 2181 1592 2222 bonis

104 2248 300 2299 ‘malisque
319 2247 475 2296 arbiter,
495 2262 532 2288 v.
553 2248 689 2286 55-58.
708 2248 807 2286 Tum
827 2247 881 2285 illi
898 2247 1108 2298 praesertim
1130 2247 1184 2285 dii
1203 2247 1440 2295 deridentur,
1460 2261 1556 2298 quos
1571 2262 1592 2287 e

123 2312 235 2349 brutis
255 2312 482 2350 animalibus
502 2313 724 2363 desumptos
746 2312 843 2350 soeda
860 2312 1080 2362 superstitio
1101 2313 1175 2349 aris
1193 2312 1394 2362 imposuit,
1408 2325 1444 2350 v.
1460 2312 1590 2363 59·7¹.

123 2378 334 2428 Oppouitur
351 2386 460 2416 tantae
479 2379 653 2416 amentia²
668 2377 796 2415 debita
821 2377 882 2414 uni
911 2377 991 2414 Deo
1017 2377 1245 2422 reverentia,
1267 2390 1302 2416 v,
1321 2379 1450 2425 ‘fa-75,
1467 2379 1590 2429 genti·

124 2440 245 2491 lesque
270 2442 318 2479 al>
340 2456 470 2480 errore
484 2456 553 2480 suo
574 2442 829 2491 deterrentur,
850 2454 883 2477 ν.
906 2441 1046 2488 76-80,
1065 2441 1161 2491 iguis
1182 2441 1325 2480 scilicet
1341 2443 1472 2479 aeterni
1487 2451 1589 2481 metu

123 2505 240 2555 impiis
264 2508 480 2557 proposito,
502 2520 537 2544 v,
559 2508 620 2553 81,
641 2520 738 2556 sqq„
760 2504 849 2553 dum
870 2514 1001 2542 contra
1019 2506 1099 2543 veri
1116 2505 1184 2543 Dei
1215 2504 1427 2544 cultoribus
1446 2515 1588 2545 aeternu

123 2569 192 2606 vita
213 2571 449 2620 promittitur
472 2584 558 2609 cum
579 2569 764 2617 Paradisi,
787 2568 904 2607 felicis
924 2582 1062 2620 nempe
1080 2568 1275 2620 cujusdam
1305 2568 1423 2620 horti,
1441 2569 1587 2608 deliciis

122 2641 156 2670 et
175 2634 279 2684 panis
293 2636 450 2673 caelestis
468 2636 648 2673 alimento
661 2664 670 2679 ‚
687 2648 723 2673 v.
747 2636 921 2678 Sti-extr.

169 2699 323 2738 Carmen
354 2709 502 2738 estnon
517 2700 727 2750 inelegans,
751 2698 879 2737 verbis
904 2698 1174 2750 sententiisque
1203 2699 1316 2751 paulo
1344 2699 1490 2745 laxius,
1516 2699 1582 2738 sed

121 2773 183 2798 nec
203 2776 363 2801 numero
380 2777 510 2802 carens
527 2778 596 2802 nec
611 2752 762 2809 colore,
788 2772 908 2815 poetae
929 2764 1092 2815 deniqne
1107 2763 1308 2802 mediocris
1323 2765 1450 2816 potius
1467 2777 1581 2814 quam
1648 2794 1654 2801 .

122 2826 213 2863 mali.
233 2828 392 2879 Insuper
410 2828 716 2879 philosophicum
740 2827 922 2878 quiddam
942 2842 984 2866 ac
1007 2842 1129 2880 prope
1149 2828 1416 2867 scholasticum
1437 2829 1581 2867 redolet
1604 2809 1609 2890 i

121 2888 664 2943 illudargumentandigenus,
684 2906 717 2931 v.
734 2893 799 2942 30,
818 2905 926 2942 sqq.:
