1686 3500
665 170 975 217 EXCURSUS
1007 172 1091 218 vl.
1173 191 1177 195 ·
1343 172 1350 181 “
1524 170 1618 219 569

84 283 86 286 ’
137 268 252 308 etiam
270 266 495 317 hellenistis,
513 277 690 320 recepta;
707 281 728 306 a
755 266 895 306 s'anctis
910 276 1038 307 autem
1063 267 1244 308 Patribus
1260 267 1440 321 Justino,
1461 268 1621 319 lrenaeo,

135 332 299 385 aliisque
318 332 474 372 defensa
493 344 536 371 ac
560 340 827 384 propugnata3
844 345 930 384 quae
953 332 1042 372 licet
1066 333 1158 371 falsa
1179 341 1216 372 et
1242 333 1452 385 aliquando
1473 334 1622 372 cunctis

136 396 370 447 deserenda,
395 410 483 437 sero
513 397 574 436 vel
594 397 754 436 sortasse
775 411 971 449 nunquam
1003 397 1225 437 solennibus
1252 398 1431 438 Ecclesiae
1454 397 1620 438 decretis

136 462 324 502 haereseos
351 463 533 502 damnata
551 471 638 501 sunt
656 462 806 515 (confer
825 476 942 514 supra
962 471 1065 515 part.
1089 477 1125 512 2,
1146 477 1229 516 cap.
1250 463 1303 516 9).

188 528 315 575 Quum
348 528 466 580 igitur
491 527 540 566 de
565 527 762 580 judaismo
793 527 1080 579 Sibyllistarum
1111 529 1261 580 agitur,
1301 529 1466 567 multum
1500 529 1620 568 refert

133 601 262 631 utrum
286 593 469 642 juda'ismi
492 607 612 646 genus
645 594 910 646 intelligatur,
937 593 1201 645 logitimumne
1228 593 1278 632 ab
1301 594 1527 634 orthodoxis
1556 603 1620 633 to·

133 658 314 706 leratum,
334 672 383 696 an
411 659 694 698 schismaticum
723 668 762 698 et
787 659 1022 699 ebionicum.
1043 660 1125 698 Hoc
1152 672 1245 698 vero
1265 661 1455 711 posterius
1485 660 1618 699 vitium

131 722 196 760 vix
214 736 375 774 usquam
393 723 430 761 in
450 723 645 775 Sibyllinis
663 725 845 776 reperias,
863 724 936 763 nisi
949 754 959 772 ,
984 734 1025 763 ut
1044 738 1144 776 saepe
1159 723 1239 776 jam
1266 725 1498 772 monuimus,
1517 724 1618 764 libro

131 787 198 825 Vll
214 816 224 835 ,
237 787 304 825 ubi
322 795 360 826 et
380 787 557 826 ebionica
574 788 621 828 ‹le
641 790 796 828 Christo
814 789 989 828 doctrina
1012 790 1135 841 palam
1165 790 1411 842 praedicnmr,
1427 798 1465 828 et
1484 798 1617 841 aperte

128 852 325 890 invehitur
340 861 473 891 auctor
487 853 526 890 111
548 866 612 891 eos
632 854 908 906 (orthodoxos,
925 863 967 892 ut
985 854 1233 906 opinamur),
1252 855 1341 906 qui,
1359 855 1448 892 dum
1466 868 1506 892 se
1523 855 1619 893 salso

130 916 312 955 Hebraeos
325 918 473 967 jactant
486 948 496 967 ,
515 932 586 956 nec
605 919 757 972 origine
779 920 925 957 scilicet
947 932 1019 958 nec
1044 919 1220 957 doctrina
1239 919 1339 958 hunc
1358 920 1508 958 titulum
1527 933 1618 972 pro·

130 982 307 1029 meritos,
322 982 411 1036 vitae
435 995 561 1021 mores
588 983 788 1021 immutare
802 983 1060 1032 contendunt,
1076 983 1115 1022 id
1135 992 1213 1036 est,
1229 983 1405 1036 judaicos
1423 997 1547 1024 mores
1566 984 1616 1024 ab

131 1046 300 1086 Ecclesia
316 1039 526 1098 prohibere
540 1077 551 1096 ,
572 1048 642 1088 lib.
661 1048 750 1097 Vll,
769 1062 804 1086 v.
829 1050 916 1097 135,
936 1062 1020 1100 sqq.
1039 1064 1048 1088 ε

287 1110 450 1165 Ἓὸραῖοι
467 1111 674 1166 ψεύσονται,
696 1112 714 1151 ὃ
735 1111 786 1165 μὴ
804 1113 899 1166 γένος
916 1113 1063 1152 ἔλλαὸον
1085 1113 1184 1153 αὐτοί
1192 1144 1203 1163 ,

288 1205 1180 1220 ......................

286 1240 336 1281 Οἳ
355 1241 429 1294 βίον
444 1241 631 1287 ἀλλάξουσι
646 1272 657 1290 ,
677 1242 736 1281 καὶ
756 1243 795 1281 οὗ
813 1243 975 1283 πείσουσι
997 1243 1165 1288 δικαίους.

125 1304 258 1344 Justos
279 1306 386 1358 illos,
416 1306 590 1355 δικαίους,
623 1308 722 1346 sicut
744 1308 860 1360 paulo
879 1312 1104 1361 notescam.
1135 1323 1167 1358 1,
1186 1309 1438 1362 interpretati
1464 1323 1613 1358 sumus,

121 1371 363 1423 judaizantes
377 1373 565 1425 intellige,
581 1387 678 1425 quos
698 1383 777 1413 tum
803 1376 945 1413 saeculo
968 1375 1022 1414 111
1039 1376 1252 1427 praevalens
1271 1384 1389 1428 atque
1411 1375 1614 1415 dominans

127 1436 298 1476 Ecclesia
318 1451 339 1476 a
355 1438 493 1476 veteris
510 1437 724 1490 disciplinae
742 1439 888 1478 semitis
902 1439 1096 1478 retrahere
1113 1438 1350 1479 conabatur:
1377 1439 1485 1492 cujus
1512 1453 1614 1493 prae·

126 1503 247 1553 ceptis
277 1501 370 1540 dum
402 1512 533 1554 aperte
564 1504 756 1542 contraria
783 1504 920 1542 suadet
948 1506 1096 1553 Noster,
1129 1504 1238 1543 addit
1268 1504 1339 1543 sibi
1370 1518 1448 1543 non
1470 1506 1614 1544 erroris

126 1565 260 1614 modo,
280 1566 346 1604 sed
369 1568 483 1605 etiam
506 1567 730 1618 pervicaciae
747 1577 891 1607 notam.

176 1632 258 1670 Hoc
269 1639 434 1683 excepto
451 1631 566 1680 libro,
580 1632 646 1683 qui
666 1645 794 1670 secum
816 1632 956 1670 librum
968 1633 1041 1684 Vl,
1065 1641 1107 1671 ut
1127 1640 1218 1684 pote
1230 1641 1450 1683 cognatum,
1466 1632 1505 1671 in
1523 1645 1613 1685 par-

125 1703 200 1733 tem
213 1694 296 1733 vitii
320 1695 455 1743 trahit;
473 1696 610 1733 amotis
626 1696 739 1734 etiam
758 1696 802 1734 iis
822 1695 932 1734 libris
948 1709 1047 1747 quos
1066 1696 1129 1734 vix
1144 1709 1215 1747 pro
1233 1695 1451 1734 christianis
1465 1696 1608 1747 accipi-

123 1773 221 1807 mus,
238 1760 270 1798 V
287 1773 425 1811 nempe
445 1760 675 1814 et-Xl-X1v3
690 1773 942 1812 quaecumque
958 1760 1094 1798 ceteris
1111 1760 1148 1798 in
1169 1758 1610 1811 Sibyllinisjuda'ismum

121 1824 314 1872 redolent,
331 1825 428 1863 levia
451 1834 540 1863 suut
556 1825 722 1877 juda'icae
741 1826 916 1877 originis,
938 1839 1016 1863 non
1033 1825 1200 1863 ebionici
1216 1824 1611 1872 schismatis,indicia.

122 1889 179 1927 lta
199 1888 299 1928 libro
318 1890 382 1939 IV,
403 1905 440 1931 v.
463 1896 533 1935 124
557 1890 681 1943 (127),
698 1891 925 1930 Judaeorum
950 1890 1176 1942 deploratur
1196 1890 1358 1929 exitium
1372 1920 1383 1938 ,
1402 1889 1609 1942 iidemque,

122 1966 160 1993 ν.
181 1956 253 1992 133
268 1954 390 2006 (136),
410 1964 598 1993 vocantur
617 1953 786 1994 εὐσεὸέων
807 1957 912 2008 φῦλον
931 1954 1107 2003 ἀναίτιον,
1127 1964 1259 2006 aperte
1278 1968 1364 1993 cum
1382 1956 1609 1994 Christianis

121 2020 287 2060 confusi.
304 2021 396 2059 Item
414 2021 515 2060 libro
529 2021 642 2071 Vlll,
661 2024 679 2067 S
699 2035 734 2068 1,
756 2035 790 2058 v.
814 2028 899 2066 141,
917 2029 1076 2058 vocatur
1094 2022 1197 2060 Nero
1212 2019 1390 2074 Ἑόραίων
1410 2020 1530 2074 ἐχθρός
1547 2022 1607 2060 vel

120 2084 285 2138 ὄλεθροςτ
308 2100 395 2124 nam
429 2094 598 2124 veterem
632 2087 835 2124 lectionem
860 2084 1041 2138 ‘EGpm'oev
1068 2101 1105 2124 τε
1124 2084 1219 2136 γένος
1236 2076 1392 2123 minime
1412 2085 1607 2125 serendam

119 2163 199 2187 esse
224 2150 532 2191 monstravimus.
554 2152 636 2188 llaec
655 2159 782 2188 autem
800 2160 966 2201 utroque
980 2151 1019 2188 in
1041 2149 1140 2188 libro
1155 2148 1460 2188 videnturnobis
1474 2139 1608 2201 patriae

120 2213 354 2252 desiderium
380 2216 500 2265 magis
522 2216 688 2266 prodere
708 2229 822 2267 quam
844 2215 1028 2267 judaismi
1048 2214 1230 2252 studium.
1256 2212 1372 2252 Liber
1387 2214 1498 2263 Vlll,
1521 2215 1542 2265 §
1568 2227 1603 2262 1,

120 2279 355 2318 millenarius
370 2279 473 2318 haud
490 2280 619 2326 dubie,
638 2289 796 2319 eatenus
812 2289 958 2319 tantum
974 2279 1149 2330 judaicus
1163 2288 1230 2317 est.
1240 2279 1474 2318 Prooemium
1490 2278 1604 2330 eique

119 2345 242 2383 affinis
262 2345 359 2383 liber
376 2346 484 2393 Vlll,
505 2347 526 2396 5
546 2359 584 2393 a,
610 2346 705 2383 1111111
721 2346 921 2397 judaicum
940 2354 1097 2393 sonant;
1121 2353 1188 2382 aut
1208 2345 1238 2382 si
1259 2343 1354 2395 quid
1380 2343 1603 2395 hujusmodi

119 2423 258 2447 souare
292 2409 532 2463 viderentur,
563 2409 602 2447 id
629 2410 893 2449 heterodoxiae
911 2419 1132 2462 suspectum
1159 2422 1250 2447 sane
1277 2422 1353 2446 non
1376 2417 1474 2448 essct
1494 2409 1534 2447 in
1554 2423 1601 2448 eo

119 2474 241 2523 libro,
273 2474 313 2512 in
334 2487 421 2525 quo
451 2488 578 2513 mores
603 2484 641 2513 et
677 2475 772 2514 ritus
805 2475 977 2513 hebraici
1010 2475 1134 2526 palam
1161 2474 1410 2520 damnantur,
1442 2487 1480 2514 v.
1512 2475 1601 2523 333,

120 2542 235 2591 sqq.i‘
256 2539 373 2578 Liber
391 2540 479 2579 Vlll
493 2569 503 2588 ,
525 2540 546 2591 §
570 2541 605 2590 3,
627 2547 665 2591 4,
686 2540 836 2593 pariter
852 2541 925 2579 isto
956 2540 1118 2579 crimine
1137 2549 1262 2579 vacat.
1287 2539 1404 2578 Libro
1422 2547 1547 2577 autem
1565 2539 1602 2588 l,

120 2617 153 2642 v.
170 2605 260 2654 395,
279 2617 377 2655 sqq„
397 2604 564 2643 nolimus
594 2604 688 2643 vitio
718 2615 865 2644 vertere
884 2606 1230 2657 complorationem
1249 2604 1417 2656 juda'icae
1442 2604 1595 2642 calami-

119 2670 227 2717 tatis;
252 2669 328 2707 imo
352 2682 399 2707 ne
433 2670 524 2708 satis
555 2670 712 2722 quidem
740 2671 830 2709 inde
852 2680 956 2722 patet
981 2670 1095 2722 hujus
1118 2670 1207 2708 libri
1236 2671 1367 2722 origo,
1395 2683 1510 2721 quam
1530 2669 1599 2720 ju-

118 2734 267 2772 daicam
298 2733 487 2784 denegare
513 2735 692 2774 videntur
716 2735 782 2774 alii
809 2736 883 2774 loci
914 2735 953 2773 in
982 2735 1115 2774 eodem
1137 2734 1305 2774 carmine
1323 2734 1380 2773 vel
1397 2733 1444 2772 ab
1463 2732 1598 2772 eodem

119 2809 277 2839 auctore
305 2798 454 2850 scripti,
482 2800 513 2850 l,
530 2813 566 2840 v.
590 2788 787 2853 360,⁴sqq.
809 2802 864 2848 ll,
885 2815 920 2841 v.
943 2801 1037 2849 250,
1056 2814 1141 2852 sqq.

176 2865 233 2903 Dc
253 2863 468 2903 ebionismo
489 2872 525 2902 ct
548 2864 748 2904 chiliasmo
776 2865 867 2904 nibil
891 2866 969 2904 sere
997 2864 1217 2904 addendum
1238 2872 1294 2903 est
1315 2863 1360 2903 iis
1378 2877 1463 2916 quae
1483 2862 1598 2902 modo
