1686 3500
130 178 223 223 528
244 210 264 233 .
513 176 591 220 AD
625 175 971 221 SlBYLLINOS
1001 174 1210 219 LIBROS

128 273 304 312 versione
317 271 475 324 anglice,
494 271 581 310 dein
606 285 737 310 rursus
757 272 873 311 latine
893 271 1104 318 translatis,
1124 283 1210 321 cap.
1226 270 1290 318 68,
1312 283 1346 309 v.
1366 268 1415 320 39
1434 284 1442 308 ε
1461 271 1593 310 «Sedit

126 355 145 372 «ι
163 337 278 376 Filius
295 335 460 374 hominis
476 348 592 387 super
619 336 797 373 thronum
828 336 959 387 gloriae
977 347 1071 382 suae,
1094 342 1132 372 et
1152 333 1342 385 praecipua
1361 334 1594 385 parsjudicii

118 413 140 433 ··‹
157 400 337 439 attributa
352 408 408 438 est
425 400 472 438 ei.
491 417 506 433 υ
525 399 641 438 Audis
655 401 883 451 praecipuam
902 398 1136 450 provinciam
1157 397 1250 435 Filio
1265 397 1366 445 dari,
1382 412 1457 436 non
1477 407 1593 437 totam

124 472 190 502 aut
209 464 370 502 unicam.
390 462 501 510 Quod
535 472 657 500 tamen
691 464 923 514 Augustinus
950 475 1025 499 non
1047 462 1204 499 omnino
1228 471 1355 512 negat,
1377 475 1421 499 ac
1449 462 1496 500 de
1516 463 1594 501 sola

125 528 425 566 manifestatione
452 527 647 574 dissentit,
678 528 827 565 Patrem
857 540 1009 577 quoque
1027 525 1202 577 judicare
1225 533 1408 574 statuens,
1427 526 1492 564 sed
1524 540 1594 578 per

125 593 256 630 Filium
271 605 282 643 3
297 600 336 629 et
351 592 405 629 sic
425 590 620 637 justinus,
638 591 737 628 Dial.
757 605 843 628 cum
862 588 1011 640 Tryph.
1028 590 1050 638 S
1070 587 1219 626 58:²13,
1237 582 1326 640 ᾗπερ
1345 588 1465 640 μέλλει
1480 590 1593 643 κρίσει

123 658 178 696 διὰ
195 661 255 695 τοῦ
276 658 404 710 Κυρίου
422 659 486 707 μοῦ
503 655 619 702 Ἰησοῦ
636 656 787 709 Χριστοῦ
808 659 826 693 ὁ
846 656 991 701 ποιητὴς
1007 656 1075 691 τῶν
1096 651 1185 691 ὅλων
1201 651 1291 698 Θεὸς
1304 657 1498 702 ποιεῖσθαι,
1520 672 1535 688 «
1552 655 1591 692 in

120 722 314 773 «judicio,
340 720 488 772 inquit,
516 722 618 771 quod
654 734 723 771 per
743 720 947 758 Dominum
971 731 1095 756 meum
1118 719 1247 757 ,lesum
1266 718 1458 756 Christum
1476 719 1593 757 sactu·

121 804 138 820 ι
158 800 221 824 rus
241 795 297 824 est
313 793 463 823 creator
484 798 611 822 rerum
632 785 802 823 omnium
830 785 933 821 Deus
953 801 979 821 n.

173 849 310 899 Utique
330 848 400 886 Dei
415 849 511 885 filius
530 848 729 885 inducitur
743 847 939 891 Christus,
958 847 1166 885 secundum
1182 844 1392 886 solemnem
1410 846 1450 883 in
1467 847 1591 884 Evan-

118 912 228 963 geliis
249 912 486 957 doctrinam,
506 909 708 960 judicandi
726 917 854 960 partes
868 923 1083 957 assumens,
1101 919 1138 948 et
1166 910 1215 948 ad
1235 910 1390 948 Patrem
1408 910 1446 947 in
1470 910 1590 947 tribu-

121 976 197 1014 nali
215 975 409 1013 sedentem
427 974 752 1025 accedens‚judex
772 974 876 1024 ipse,
893 987 980 1011 cum
1001 975 1142 1025 gloria,
1162 974 1228 1012 lib.
1250 975 1305 1023 Π,
1327 987 1360 1012 v.
1383 982 1481 1020 242:

276 1040 379 1084 Ἥξει
398 1038 426 1077 δ’
440 1040 474 1076 ἐν
498 1039 622 1092 νεφέλῃ
643 1037 725 1091 πρός
744 1040 775 1077 τ’
793 1037 933 1090 ἄφθιτον
948 1039 1085 1091 ἄφθιτος
1106 1039 1207 1082 αὐτὸς

276 1104 340 1142 Ἐν
358 1102 437 1156 δόξῃ
453 1103 612 1156 Χριστός.

119 1169 265 1208 lncedit
281 1168 446 1206 nubibus
464 1169 648 1215 invectus,
667 1169 701 1205 ἐν
712 1167 836 1221 νεφέλῃ
850 1197 859 1217 ,
875 1168 966 1214 sive,
980 1177 1020 1206 ut
1041 1167 1138 1205 libro
1160 1169 1200 1214 V,
1213 1182 1251 1209 v.
1273 1170 1338 1216 66,
1353 1169 1388 1206 ἐν
1407 1167 1587 1222 νεφέεσσιε

117 1234 279 1284 stipatus
297 1232 463 1282 angelis,
486 1229 545 1268 σὺν
564 1230 738 1281 ἀμύμοσιν
761 1233 971 1283 ἀγγελτῆρσι
989 1261 999 1280 ,
1024 1232 1087 1270 lib.
1111 1233 1166 1281 ll,
1185 1246 1222 1272 V.
1246 1233 1319 1277 ²43
1333 1261 1343 1279 ‚
1363 1233 1480 1271 etiam
1501 1247 1586 1272 cum

116 1299 254 1335 sanctis
271 1298 367 1344 suis,
386 1294 474 1347 μετὰ
493 1296 560 1333 τῶν
586 1295 714 1346 ἁγίων,
731 1294 798 1341 lib,
820 1296 925 1343 5111,
947 1310 983 1335 ν.
1004 1311 1074 1334 221
1101 1298 1195 1348 (haec
1218 1298 1371 1348 quidem
1394 1299 1521 1336 omnia
1540 1313 1586 1337 ex

115 1362 356 1412 evangeliis),
377 1361 599 1411 Patrisque,
631 1360 727 1398 sicut
759 1374 872 1411 supra
896 1360 1131 1409 dictumest,
1161 1361 1209 1399 ad
1233 1363 1428 1400 dexteram
1463 1363 1570 1401 consi

114 1427 194 1474 dit,
218 1425 282 1464 lib.
303 1426 354 1470 ΙΙ,
381 1439 414 1462 ν.
438 1431 540 1469 244:

274 1491 345 1530 Καὶ
361 1489 494 1527 καθίσει
511 1489 652 1541 μεγάλῳ
667 1488 819 1534 ἐπιδέξια
835 1489 979 1541 βήματι.

164 1555 380 1596 Sis-tendum
398 1555 475 1602 hic,
490 1563 528 1592 et
543 1553 805 1605 quaerendum,
825 1556 982 1605 quinam
1003 1554 1056 1593 illi
1079 1555 1381 1607 sanctijudic'io,
1405 1565 1584 1607 tanquam

112 1622 291 1674 pedanei,
313 1620 502 1658 assistant.
523 1621 665 1658 Omnes
686 1633 776 1657 sane
796 1620 976 1658 videntur
997 1621 1253 1672 intelligendi,
1273 1621 1339 1672 qui
1365 1631 1454 1660 ante
1477 1623 1584 1673 judi-

110 1689 210 1726 cium
229 1698 450 1737 supremum
482 1685 519 1722 in
553 1685 716 1735 gloriam
744 1684 899 1723 admissi
929 1686 1097 1735 fuerint,
1121 1693 1158 1723 et
1179 1686 1232 1724 sic
1252 1686 1582 1737 interpretandum

111 1751 214 1804 quod
238 1751 378 1802 legitur
396 1750 433 1787 iu
453 1749 640 1787 catholica
669 1749 780 1788 Judae
807 1750 991 1800 epistola,
1026 1763 1063 1787 v.
1095 1764 1131 1797 7,
1164 1764 1234 1801 sq.,
1268 1764 1315 1788 ex
1347 1752 1582 1803 Apocrypho

71 1858 74 1861 ,
110 1815 259 1854 Enoehi
285 1814 401 1862 libro,
419 1827 503 1865 cap.
525 1828 546 1851 a
568 1825 577 1852 ε
596 1831 611 1847 «ι
629 1814 728 1852 Ecce
752 1816 859 1852 venit
879 1815 1064 1852 Dominus
1086 1815 1124 1852 in
1146 1815 1287 1853 sanctis
1306 1815 1475 1854 millibus
1504 1818 1582 1855 suis

109 1900 124 1915 «ι
143 1883 267 1919 facere
285 1879 472 1930 judicium
496 1887 629 1916 contra
649 1892 781 1917 omnes
798 1896 828 1918 υ.
850 1883 896 1917 Αἰ
915 1879 1112 1929 Sibyllista
1130 1879 1218 1917 libri
1235 1880 1268 1918 ll
1282 1908 1292 1927 ‚
1317 1894 1349 1918 v.
1372 1883 1461 1928 246,
1479 1895 1582 1933 sqq„

109 1944 344 1997 patriarchas
369 1951 510 1981 tantum
529 1953 567 1981 et
586 1944 795 1994 prophetas
820 1954 856 1982 et
885 1946 1053 1995 antiquae
1074 1944 1164 1995 legis
1192 1953 1345 1983 sanctos
1380 1947 1482 1984 viros
1505 1949 1580 1985 huc

109 2010 279 2057 adducit,
299 2008 592 2058 videlicetquod
613 2022 634 2046 a
649 2009 799 2047 Christo
815 2008 1000 2047 redeunte
1022 2023 1067 2047 ex
1084 2009 1213 2056 inseris
1232 2010 1278 2048 ad
1296 2023 1453 2061 superas
1473 2012 1581 2050 sedes

110 2074 278 2112 translati
300 2073 458 2118 suerint;
480 2072 545 2110 ubi
573 2073 722 2111 mireris
741 2074 907 2124 primum
932 2082 1152 2111 sanctorum
1175 2088 1285 2112 novae
1306 2075 1397 2126 legis
1425 2089 1580 2126 prorsus

108 2139 232 2176 omitti
260 2137 513 2183 mentionem,
533 2150 577 2174 ac
593 2151 640 2175 ne
659 2137 809 2175 beatam
829 2138 981 2189 quidem
1005 2139 1182 2185 Mariam,
1198 2152 1269 2176 nec
1289 2141 1484 2190 apostolos
1503 2154 1578 2178 no-

110 2203 257 2250 minari,
272 2215 340 2240 nec
354 2208 555 2252 martyres,
572 2215 669 2252 quos
685 2211 809 2240 tamen
827 2202 989 2240 diximus
1007 2203 1174 2240 unanimi
1194 2204 1373 2242 Ecclesiae
1388 2218 1577 2244 consensu

107 2267 181 2304 illis
204 2265 282 2317 jam
310 2265 481 2315 saeculis,
514 2266 617 2303 velut
641 2268 766 2305 statim
801 2269 838 2305 in
870 2268 1001 2305 caelum
1039 2278 1105 2305 aut
1131 2270 1348 2319 paradisum
1381 2280 1575 2322 receptos,

107 2331 182 2368 coli
214 2330 385 2381 coepisse.
421 2330 634 2369 Notandum
667 2333 739 2370 hoc
765 2333 802 2370 in
835 2342 993 2371 auctore
1022 2334 1147 2384 palam
1175 2335 1397 2374 christiano.
1437 2337 1574 2376 Mirum

107 2394 244 2432 deiude
266 2407 315 2432 ex
342 2394 425 2444 ipso
449 2402 667 2432 sauctorum
689 2397 827 2434 veteris
847 2397 1081 2434 Testamenti
1101 2411 1264 2436 numero
1287 2400 1410 2449 palam
1432 2401 1573 2452 excipi,

106 2458 196 2508 quin
214 2467 251 2495 et
270 2457 431 2495 infernis
446 2460 643 2508 suppliciis
663 2460 802 2507 addici,
821 2460 1055 2511 quicumque
1072 2471 1158 2512 post
1173 2464 1378 2502 jeremiam
1395 2465 1572 2513 vixerint,

107 2521 143 2558 id
164 2530 239 2567 est,
261 2530 346 2571 post
371 2522 628 2572 captivitatem
661 2524 956 2575 l3abylonican13
973 2525 1074 2575 quod
1100 2534 1222 2564 tamen
1244 2528 1320 2564 lato
1341 2541 1450 2566 sensu
1471 2531 1572 2568 acci-

105 2586 299 2637 piendum,
319 2586 462 2646 quippe
476 2587 657 2625 Habacuc
671 2598 707 2626 et
728 2590 861 2627 Daniel
876 2590 913 2626 in
931 2599 1149 2627 sanctorum
1164 2604 1325 2629 numero
1345 2594 1572 2645 retinentur,

103 2651 169 2702 qui
191 2648 304 2687 ambo
324 2650 487 2688 Jeremia
503 2652 692 2701 juniores.
714 2655 815 2692 Cave
835 2653 955 2703 igitur
984 2662 1021 2691 et
1042 2654 1256 2693 Zorobabel
1282 2665 1320 2693 et
1353 2658 1507 2695 Esdram
1534 2670 1572 2697 et

103 2715 322 2755 Nehemiam
341 2723 377 2751 et
402 2715 640 2754 Machabaeos
663 2727 702 2755 et
730 2726 787 2755 tot
812 2718 937 2768 justos
968 2718 1069 2755 viros
1091 2719 1211 2758 salute
1239 2721 1413 2759 exclusos
1435 2732 1569 2773 ¹putes.

102 2779 231 2818 Voluit
254 2780 519 2817 tantummodo
539 2781 677 2819 Noster
692 2795 836 2819 sacram
857 2783 995 2820 veteris
1013 2786 1241 2823 Testamenti
1267 2786 1461 2824 historiam
1482 2802 1568 2827 cum

99 2847 181 2896 ipsa
208 2843 485 2895 prophetarum
515 2845 611 2882 serie
632 2845 670 2883 in
694 2847 860 2884 jeremia
887 2855 952 2884 aut
981 2845 1051 2883 sub
1079 2848 1141 2887 illa
1176 2858 1347 2900 tempora
1377 2851 1568 2891 claudere.
