<?xml version="1.0" encoding="UTF-8"?>
<!DOCTYPE html PUBLIC "-//W3C//DTD XHTML 1.0 Transitional//EN"
    "http://www.w3.org/TR/xhtml1/DTD/xhtml1-transitional.dtd">
<html xmlns="http://www.w3.org/1999/xhtml" xml:lang="en" lang="en">
 <head>
  <title>
</title>
<meta http-equiv="Content-Type" content="text/html;charset=utf-8" />
  <meta name='ocr-system' content='tesseract 3.04.00' />
  <meta name='ocr-capabilities' content='ocr_page ocr_carea ocr_par ocr_line ocrx_word'/>
</head>
<body>
  <div class='ocr_page' id='page_1' title='image "./excursusadsibyll00alexuoft_0394.png"; bbox 0 0 1686 3500; ppageno 0'>
   <div class='ocr_carea' id='block_1_1' title="bbox 585 121 1521 201">
    <p class='ocr_par' dir='ltr' id='par_1_1' title="bbox 585 121 1521 201">
     <span class='ocr_line' id='line_1_1' title="bbox 585 121 1521 201; baseline 0.004 -5"><span class='ocrx_word' id='word_1_1' title='bbox 585 121 898 197; x_wconf 61' lang='lat' dir='ltr'>Excessus</span> <span class='ocrx_word' id='word_1_2' title='bbox 928 153 989 198; x_wconf 80' lang='lat' dir='ltr'>V.</span> <span class='ocrx_word' id='word_1_3' title='bbox 1427 154 1521 201; x_wconf 79' lang='lat'>385</span> 
     </span>
    </p>
   </div>
   <div class='ocr_carea' id='block_1_2' title="bbox 55 245 1549 2888">
    <p class='ocr_par' dir='ltr' id='par_1_2' title="bbox 267 245 1238 305">
     <span class='ocr_line' id='line_1_2' title="bbox 267 245 1238 305; baseline -0.003 -15"><span class='ocrx_word' id='word_1_4' title='bbox 267 249 469 305; x_wconf 79' lang='grc' dir='ltr'>Ἔκλοῖμψει</span> <span class='ocrx_word' id='word_1_5' title='bbox 486 249 663 302; x_wconf 84' lang='grc' dir='ltr'>Ῥωμαῖος</span> <span class='ocrx_word' id='word_1_6' title='bbox 676 245 782 302; x_wconf 79' lang='grc' dir='ltr'>Ἄρης</span> <span class='ocrx_word' id='word_1_7' title='bbox 799 250 934 296; x_wconf 79' lang='grc' dir='ltr'>πολλῆς</span> <span class='ocrx_word' id='word_1_8' title='bbox 948 248 1017 288; x_wconf 79' lang='grc' dir='ltr'>ἀπὸ</span> <span class='ocrx_word' id='word_1_9' title='bbox 1035 249 1166 302; x_wconf 83' lang='grc' dir='ltr'><strong>λόγχης</strong></span> <span class='ocrx_word' id='word_1_10' title='bbox 1177 280 1186 291; x_wconf 90' lang='grc'><strong>.</strong></span> <span class='ocrx_word' id='word_1_11' title='bbox 1201 280 1211 291; x_wconf 88' lang='grc'><strong>.</strong></span> <span class='ocrx_word' id='word_1_12' title='bbox 1228 282 1238 291; x_wconf 91' lang='grc'><em>.</em></span> 
     </span>
    </p>

    <p class='ocr_par' dir='ltr' id='par_1_3' title="bbox 266 312 1215 369">
     <span class='ocr_line' id='line_1_3' title="bbox 266 312 1215 369; baseline -0.002 -14"><span class='ocrx_word' id='word_1_13' title='bbox 266 316 418 363; x_wconf 80' lang='grc' dir='ltr'>Ἰταλίης</span> <span class='ocrx_word' id='word_1_14' title='bbox 434 313 470 354; x_wconf 83' lang='grc' dir='ltr'>δὲ</span> <span class='ocrx_word' id='word_1_15' title='bbox 485 313 620 368; x_wconf 77' lang='grc' dir='ltr'>πρόμος</span> <span class='ocrx_word' id='word_1_16' title='bbox 637 314 716 353; x_wconf 82' lang='grc' dir='ltr'>τότε</span> <span class='ocrx_word' id='word_1_17' title='bbox 733 312 894 367; x_wconf 78' lang='grc' dir='ltr'>φεύξεται</span> <span class='ocrx_word' id='word_1_18' title='bbox 914 315 953 352; x_wconf 83' lang='grc' dir='ltr'>ἐκ</span> <span class='ocrx_word' id='word_1_19' title='bbox 972 313 1070 369; x_wconf 83' lang='grc' dir='ltr'>δορὸς</span> <span class='ocrx_word' id='word_1_20' title='bbox 1087 315 1215 363; x_wconf 78' lang='grc' dir='ltr'>ἀλκῆς,</span> 
     </span>
    </p>

    <p class='ocr_par' dir='ltr' id='par_1_4' title="bbox 55 375 1549 1466">
     <span class='ocr_line' id='line_1_4' title="bbox 264 375 1364 435; baseline 0.001 -15"><span class='ocrx_word' id='word_1_21' title='bbox 264 379 432 435; x_wconf 81' lang='grc' dir='ltr'>Δείψουσι</span> <span class='ocrx_word' id='word_1_22' title='bbox 452 379 484 418; x_wconf 83' lang='grc' dir='ltr'>δ’</span> <span class='ocrx_word' id='word_1_23' title='bbox 496 378 554 418; x_wconf 78' lang='grc' dir='ltr'>ἐπὶ</span> <span class='ocrx_word' id='word_1_24' title='bbox 572 382 636 430; x_wconf 73' lang='grc' dir='ltr'>γῆς</span> <span class='ocrx_word' id='word_1_25' title='bbox 649 380 769 433; x_wconf 82' lang='grc' dir='ltr'>χρυσῷ</span> <span class='ocrx_word' id='word_1_26' title='bbox 785 377 1049 431; x_wconf 75' lang='grc' dir='ltr'>κεχαραγμένον</span> <span class='ocrx_word' id='word_1_27' title='bbox 1065 378 1179 431; x_wconf 75' lang='grc' dir='ltr'>ἔγχος,</span> <span class='ocrx_word' id='word_1_28' title='bbox 1192 395 1228 419; x_wconf 82' lang='grc' dir='ltr'>κ.</span> <span class='ocrx_word' id='word_1_29' title='bbox 1243 395 1276 420; x_wconf 78' lang='grc' dir='ltr'>τ.</span> <span class='ocrx_word' id='word_1_30' title='bbox 1290 375 1322 421; x_wconf 83' lang='grc' dir='ltr'>λ.</span> <span class='ocrx_word' id='word_1_31' title='bbox 1362 398 1364 400; x_wconf 94' lang='grc'><strong><em>·</em></strong></span> 
     </span>
     <span class='ocr_line' id='line_1_5' title="bbox 57 441 1538 498; baseline 0.001 -13"><span class='ocrx_word' id='word_1_32' title='bbox 57 448 115 498; x_wconf 80' lang='lat' dir='ltr'>En</span> <span class='ocrx_word' id='word_1_33' title='bbox 136 444 210 484; x_wconf 84' lang='lat' dir='ltr'>tibi</span> <span class='ocrx_word' id='word_1_34' title='bbox 225 444 436 485; x_wconf 80' lang='lat' dir='ltr'>Alexandri</span> <span class='ocrx_word' id='word_1_35' title='bbox 449 443 580 483; x_wconf 87' lang='lat' dir='ltr'>Severi</span> <span class='ocrx_word' id='word_1_36' title='bbox 600 442 781 481; x_wconf 86' lang='lat' dir='ltr'>adversus</span> <span class='ocrx_word' id='word_1_37' title='bbox 800 444 938 482; x_wconf 74' lang='lat' dir='ltr'>Persas</span> <span class='ocrx_word' id='word_1_38' title='bbox 957 442 1169 494; x_wconf 81' lang='lat' dir='ltr'>expeditio,</span> <span class='ocrx_word' id='word_1_39' title='bbox 1189 441 1238 481; x_wconf 88' lang='lat' dir='ltr'>de</span> <span class='ocrx_word' id='word_1_40' title='bbox 1251 456 1328 494; x_wconf 75' lang='lat' dir='ltr'>qua</span> <span class='ocrx_word' id='word_1_41' title='bbox 1344 443 1538 487; x_wconf 75' lang='lat' dir='ltr'>dissensus</span> 
     </span>
     <span class='ocr_line' id='line_1_6' title="bbox 55 506 1540 563; baseline 0 -14"><span class='ocrx_word' id='word_1_42' title='bbox 55 509 208 563; x_wconf 89' lang='lat' dir='ltr'>quidem</span> <span class='ocrx_word' id='word_1_43' title='bbox 225 518 301 558; x_wconf 86' lang='lat' dir='ltr'>est,</span> <span class='ocrx_word' id='word_1_44' title='bbox 323 508 561 547; x_wconf 89' lang='lat' dir='ltr'>dissimulato</span> <span class='ocrx_word' id='word_1_45' title='bbox 580 520 599 545; x_wconf 83' lang='lat' dir='ltr'>a</span> <span class='ocrx_word' id='word_1_46' title='bbox 628 507 806 547; x_wconf 78' lang='lat' dir='ltr'>Romanis</span> <span class='ocrx_word' id='word_1_47' title='bbox 832 515 997 554; x_wconf 62' lang='lat' dir='ltr'>eventu,</span> <span class='ocrx_word' id='word_1_48' title='bbox 1022 515 1060 544; x_wconf 87' lang='lat' dir='ltr'>et</span> <span class='ocrx_word' id='word_1_49' title='bbox 1080 506 1238 558; x_wconf 89' lang='lat' dir='ltr'>publica</span> <span class='ocrx_word' id='word_1_50' title='bbox 1254 507 1472 548; x_wconf 80' lang='lat' dir='ltr'>adulatione</span> <span class='ocrx_word' id='word_1_51' title='bbox 1497 512 1540 549; x_wconf 80' lang='lat' dir='ltr'>in</span> 
     </span>
     <span class='ocr_line' id='line_1_7' title="bbox 58 570 1535 626; baseline -0.001 -12"><span class='ocrx_word' id='word_1_52' title='bbox 58 573 245 626; x_wconf 86' lang='lat' dir='ltr'>triumphi</span> <span class='ocrx_word' id='word_1_53' title='bbox 257 573 423 625; x_wconf 87' lang='lat' dir='ltr'>speciem</span> <span class='ocrx_word' id='word_1_54' title='bbox 438 586 567 613; x_wconf 78' lang='lat' dir='ltr'>verso,</span> <span class='ocrx_word' id='word_1_55' title='bbox 581 572 629 611; x_wconf 82' lang='lat' dir='ltr'>Et</span> <span class='ocrx_word' id='word_1_56' title='bbox 641 572 768 610; x_wconf 88' lang='lat' dir='ltr'>Latini</span> <span class='ocrx_word' id='word_1_57' title='bbox 785 571 960 623; x_wconf 80' lang='lat' dir='ltr'>plerique</span> <span class='ocrx_word' id='word_1_58' title='bbox 981 570 1169 619; x_wconf 79' lang='lat' dir='ltr'>historici,</span> <span class='ocrx_word' id='word_1_59' title='bbox 1183 571 1242 610; x_wconf 85' lang='lat' dir='ltr'>vel</span> <span class='ocrx_word' id='word_1_60' title='bbox 1258 585 1388 612; x_wconf 87' lang='lat' dir='ltr'>amore</span> <span class='ocrx_word' id='word_1_61' title='bbox 1405 574 1535 626; x_wconf 78' lang='lat' dir='ltr'>patriae</span> 
     </span>
     <span class='ocr_line' id='line_1_8' title="bbox 57 635 1538 690; baseline -0.001 -12"><span class='ocrx_word' id='word_1_62' title='bbox 57 640 114 679; x_wconf 82' lang='lat' dir='ltr'>vel</span> <span class='ocrx_word' id='word_1_63' title='bbox 136 638 300 690; x_wconf 83' lang='lat' dir='ltr'><strong>publicis</strong></span> <span class='ocrx_word' id='word_1_64' title='bbox 318 638 413 677; x_wconf 89' lang='lat' dir='ltr'>actis</span> <span class='ocrx_word' id='word_1_65' title='bbox 432 636 595 689; x_wconf 86' lang='lat' dir='ltr'>decepti,</span> <span class='ocrx_word' id='word_1_66' title='bbox 614 637 802 675; x_wconf 87' lang='lat' dir='ltr'>victorem</span> <span class='ocrx_word' id='word_1_67' title='bbox 822 649 869 674; x_wconf 84' lang='lat' dir='ltr'>ex</span> <span class='ocrx_word' id='word_1_68' title='bbox 891 636 980 675; x_wconf 82' lang='lat' dir='ltr'>Asia</span> <span class='ocrx_word' id='word_1_69' title='bbox 1005 635 1166 674; x_wconf 84' lang='lat' dir='ltr'>Romam</span> <span class='ocrx_word' id='word_1_70' title='bbox 1191 636 1452 675; x_wconf 76' lang='lat' dir='ltr'><strong>Alexandrum</strong></span> <span class='ocrx_word' id='word_1_71' title='bbox 1473 651 1538 676; x_wconf 89' lang='lat' dir='ltr'>re-</span> 
     </span>
     <span class='ocr_line' id='line_1_9' title="bbox 56 699 1540 755; baseline -0.001 -12"><span class='ocrx_word' id='word_1_72' title='bbox 56 704 261 743; x_wconf 86' lang='lat' dir='ltr'>duxerunt.</span> <span class='ocrx_word' id='word_1_73' title='bbox 292 703 444 741; x_wconf 80' lang='lat' dir='ltr'><strong>Fatetur</strong></span> <span class='ocrx_word' id='word_1_74' title='bbox 463 709 587 739; x_wconf 84' lang='lat' dir='ltr'>tamen</span> <span class='ocrx_word' id='word_1_75' title='bbox 607 699 853 752; x_wconf 82' lang='lat' dir='ltr'>Lampridius</span> <span class='ocrx_word' id='word_1_76' title='bbox 873 700 913 738; x_wconf 89' lang='lat' dir='ltr'>in</span> <span class='ocrx_word' id='word_1_77' title='bbox 930 703 1012 752; x_wconf 89' lang='lat' dir='ltr'>ejus</span> <span class='ocrx_word' id='word_1_78' title='bbox 1035 699 1112 738; x_wconf 88' lang='lat' dir='ltr'>vita</span> <span class='ocrx_word' id='word_1_79' title='bbox 1126 729 1137 748; x_wconf 92' lang='lat'>‚</span> <span class='ocrx_word' id='word_1_80' title='bbox 1172 699 1287 739; x_wconf 85' lang='lat' dir='ltr'>fuisse</span> <span class='ocrx_word' id='word_1_81' title='bbox 1306 702 1408 754; x_wconf 88' lang='lat' dir='ltr'>apud</span> <span class='ocrx_word' id='word_1_82' title='bbox 1436 702 1540 755; x_wconf 83' lang='lat' dir='ltr'>ipsos</span> 
     </span>
     <span class='ocr_line' id='line_1_10' title="bbox 57 764 1540 819; baseline -0.001 -11"><span class='ocrx_word' id='word_1_83' title='bbox 57 770 247 808; x_wconf 70' lang='lat' dir='ltr'>Rumanos</span> <span class='ocrx_word' id='word_1_84' title='bbox 261 768 429 819; x_wconf 90' lang='lat' dir='ltr'>quicum</span> <span class='ocrx_word' id='word_1_85' title='bbox 452 765 654 805; x_wconf 78' lang='lat' dir='ltr'>crederent</span> <span class='ocrx_word' id='word_1_86' title='bbox 672 783 688 799; x_wconf 70' lang='grc' dir='ltr'>«ι</span> <span class='ocrx_word' id='word_1_87' title='bbox 706 778 785 803; x_wconf 83' lang='lat' dir='ltr'>non</span> <span class='ocrx_word' id='word_1_88' title='bbox 809 764 944 803; x_wconf 88' lang='lat' dir='ltr'>vicisse</span> <span class='ocrx_word' id='word_1_89' title='bbox 960 765 1102 816; x_wconf 84' lang='lat' dir='ltr'>Regem</span> <span class='ocrx_word' id='word_1_90' title='bbox 1115 792 1124 809; x_wconf 90' lang='lat'><em>,</em></span> <span class='ocrx_word' id='word_1_91' title='bbox 1144 766 1225 816; x_wconf 88' lang='lat' dir='ltr'>scd,</span> <span class='ocrx_word' id='word_1_92' title='bbox 1241 779 1290 804; x_wconf 86' lang='lat' dir='ltr'>nc</span> <span class='ocrx_word' id='word_1_93' title='bbox 1305 767 1540 819; x_wconf 85' lang='lat' dir='ltr'>vinceretur,</span> 
     </span>
     <span class='ocr_line' id='line_1_11' title="bbox 57 829 1541 884; baseline 0.003 -19"><span class='ocrx_word' id='word_1_94' title='bbox 57 852 73 869; x_wconf 62' lang='lat' dir='ltr'>a</span> <span class='ocrx_word' id='word_1_95' title='bbox 94 833 249 884; x_wconf 73' lang='lat' dir='ltr'>fugisse.</span> <span class='ocrx_word' id='word_1_96' title='bbox 267 851 282 867; x_wconf 64' lang='grc' dir='ltr'>υ</span> <span class='ocrx_word' id='word_1_97' title='bbox 302 832 351 870; x_wconf 78' lang='lat' dir='ltr'>At</span> <span class='ocrx_word' id='word_1_98' title='bbox 368 830 496 869; x_wconf 88' lang='lat' dir='ltr'>Graeci</span> <span class='ocrx_word' id='word_1_99' title='bbox 515 830 573 868; x_wconf 90' lang='lat' dir='ltr'>vel</span> <span class='ocrx_word' id='word_1_100' title='bbox 593 830 778 868; x_wconf 79' lang='lat' dir='ltr'>certiores</span> <span class='ocrx_word' id='word_1_101' title='bbox 797 830 855 867; x_wconf 87' lang='lat' dir='ltr'>vel</span> <span class='ocrx_word' id='word_1_102' title='bbox 871 829 1098 867; x_wconf 81' lang='lat' dir='ltr'>sinceriores</span> <span class='ocrx_word' id='word_1_103' title='bbox 1114 830 1283 877; x_wconf 87' lang='lat' dir='ltr'>fuerunt,</span> <span class='ocrx_word' id='word_1_104' title='bbox 1302 831 1541 870; x_wconf 78' lang='lat' dir='ltr'>Herodianus</span> 
     </span>
     <span class='ocr_line' id='line_1_12' title="bbox 56 894 1541 947; baseline -0.001 -10"><span class='ocrx_word' id='word_1_105' title='bbox 56 906 177 944; x_wconf 85' lang='lat' dir='ltr'>certe,</span> <span class='ocrx_word' id='word_1_106' title='bbox 193 895 259 947; x_wconf 90' lang='lat' dir='ltr'>qui</span> <span class='ocrx_word' id='word_1_107' title='bbox 282 903 427 946; x_wconf 82' lang='lat' dir='ltr'>partem</span> <span class='ocrx_word' id='word_1_108' title='bbox 448 907 564 932; x_wconf 78' lang='lat' dir='ltr'>unam</span> <span class='ocrx_word' id='word_1_109' title='bbox 585 895 775 932; x_wconf 83' lang='lat' dir='ltr'>exercitus</span> <span class='ocrx_word' id='word_1_110' title='bbox 791 907 814 932; x_wconf 89' lang='lat' dir='ltr'>a</span> <span class='ocrx_word' id='word_1_111' title='bbox 830 894 957 933; x_wconf 83' lang='lat' dir='ltr'>Persis</span> <span class='ocrx_word' id='word_1_112' title='bbox 976 907 1200 945; x_wconf 84' lang='lat' dir='ltr'>oppressam</span> <span class='ocrx_word' id='word_1_113' title='bbox 1222 903 1261 933; x_wconf 89' lang='lat' dir='ltr'>et</span> <span class='ocrx_word' id='word_1_114' title='bbox 1279 895 1541 936; x_wconf 84' lang='lat' dir='ltr'>internecione</span> 
     </span>
     <span class='ocr_line' id='line_1_13' title="bbox 56 958 1542 1010; baseline -0.001 -9"><span class='ocrx_word' id='word_1_115' title='bbox 56 963 215 1001; x_wconf 86' lang='lat' dir='ltr'>deletam</span> <span class='ocrx_word' id='word_1_116' title='bbox 236 968 384 1008; x_wconf 77' lang='lat' dir='ltr'>narrat,</span> <span class='ocrx_word' id='word_1_117' title='bbox 407 959 502 998; x_wconf 78' lang='lat' dir='ltr'>llist.</span> <span class='ocrx_word' id='word_1_118' title='bbox 519 958 586 1000; x_wconf 85' lang='lat' dir='ltr'>lib.</span> <span class='ocrx_word' id='word_1_119' title='bbox 603 960 672 1006; x_wconf 92' lang='lat' dir='ltr'>Vl,</span> <span class='ocrx_word' id='word_1_120' title='bbox 693 959 715 1009; x_wconf 99' lang='grc'>5</span> <span class='ocrx_word' id='word_1_121' title='bbox 735 959 779 996; x_wconf 80' lang='grc' dir='ltr'>ι3</span> <span class='ocrx_word' id='word_1_122' title='bbox 797 971 807 998; x_wconf 76' lang='lat' dir='ltr'>x</span> <span class='ocrx_word' id='word_1_123' title='bbox 831 958 885 998; x_wconf 84' lang='grc' dir='ltr'>Τὸ</span> <span class='ocrx_word' id='word_1_124' title='bbox 909 959 1105 997; x_wconf 83' lang='grc' dir='ltr'>τελευταῖον</span> <span class='ocrx_word' id='word_1_125' title='bbox 1119 988 1130 1006; x_wconf 86' lang='grc'>,</span> <span class='ocrx_word' id='word_1_126' title='bbox 1156 959 1302 1010; x_wconf 88' lang='lat' dir='ltr'>inquit,</span> <span class='ocrx_word' id='word_1_127' title='bbox 1328 959 1453 1005; x_wconf 78' lang='grc' dir='ltr'>πάντες</span> <span class='ocrx_word' id='word_1_128' title='bbox 1473 962 1542 1000; x_wconf 81' lang='grc' dir='ltr'>διε-</span> 
     </span>
     <span class='ocr_line' id='line_1_14' title="bbox 55 1023 1541 1081; baseline -0.001 -15"><span class='ocrx_word' id='word_1_129' title='bbox 55 1027 256 1081; x_wconf 74' lang='grc' dir='ltr'>φθάρησαν,</span> <span class='ocrx_word' id='word_1_130' title='bbox 274 1025 460 1075; x_wconf 81' lang='lat' dir='ltr'>additque</span> <span class='ocrx_word' id='word_1_131' title='bbox 485 1024 749 1075; x_wconf 84' lang='lat' dir='ltr'>gravissimam</span> <span class='ocrx_word' id='word_1_132' title='bbox 771 1037 853 1062; x_wconf 88' lang='lat' dir='ltr'>eam</span> <span class='ocrx_word' id='word_1_133' title='bbox 880 1023 1030 1063; x_wconf 82' lang='lat' dir='ltr'>cladem</span> <span class='ocrx_word' id='word_1_134' title='bbox 1052 1025 1192 1064; x_wconf 85' lang='lat' dir='ltr'>fuisse:</span> <span class='ocrx_word' id='word_1_135' title='bbox 1215 1024 1376 1076; x_wconf 77' lang='grc' dir='ltr'>Μεγίστη</span> <span class='ocrx_word' id='word_1_136' title='bbox 1394 1041 1433 1065; x_wconf 79' lang='grc' dir='ltr'>τε</span> <span class='ocrx_word' id='word_1_137' title='bbox 1453 1026 1541 1074; x_wconf 74' lang='grc' dir='ltr'>αὕτη</span> 
     </span>
     <span class='ocr_line' id='line_1_15' title="bbox 55 1088 1543 1145; baseline -0.001 -14"><span class='ocrx_word' id='word_1_138' title='bbox 55 1091 271 1145; x_wconf 77' lang='grc' dir='ltr'>ἡσυμφορά,</span> <span class='ocrx_word' id='word_1_139' title='bbox 288 1103 374 1141; x_wconf 81' lang='lat' dir='ltr'>quae</span> <span class='ocrx_word' id='word_1_140' title='bbox 388 1089 571 1128; x_wconf 85' lang='lat' dir='ltr'>militibus</span> <span class='ocrx_word' id='word_1_141' title='bbox 591 1102 766 1140; x_wconf 77' lang='lat' dir='ltr'>magnam</span> <span class='ocrx_word' id='word_1_142' title='bbox 783 1088 1092 1140; x_wconf 83' lang='lat' dir='ltr'>desperationem</span> <span class='ocrx_word' id='word_1_143' title='bbox 1107 1119 1120 1139; x_wconf 93' lang='lat'><em>,</em></span> <span class='ocrx_word' id='word_1_144' title='bbox 1140 1089 1360 1128; x_wconf 81' lang='lat' dir='ltr'>Alexandro</span> <span class='ocrx_word' id='word_1_145' title='bbox 1379 1091 1543 1130; x_wconf 88' lang='lat' dir='ltr'>multum</span> 
     </span>
     <span class='ocr_line' id='line_1_16' title="bbox 56 1153 1544 1209; baseline -0.001 -12"><span class='ocrx_word' id='word_1_146' title='bbox 56 1157 256 1197; x_wconf 81' lang='lat' dir='ltr'>dedecoris</span> <span class='ocrx_word' id='word_1_147' title='bbox 280 1156 451 1194; x_wconf 85' lang='lat' dir='ltr'>attulerit</span> <span class='ocrx_word' id='word_1_148' title='bbox 478 1169 488 1193; x_wconf 73' lang='grc' dir='ltr'>ε</span> <span class='ocrx_word' id='word_1_149' title='bbox 520 1153 582 1196; x_wconf 79' lang='grc' dir='ltr'>Ὡς</span> <span class='ocrx_word' id='word_1_150' title='bbox 615 1154 782 1206; x_wconf 85' lang='grc' dir='ltr'>μεγίστην</span> <span class='ocrx_word' id='word_1_151' title='bbox 810 1155 958 1205; x_wconf 78' lang='grc' dir='ltr'>ἐνεγκεῖν</span> <span class='ocrx_word' id='word_1_152' title='bbox 990 1154 1181 1205; x_wconf 77' lang='grc' dir='ltr'>δυσθυμίαν</span> <span class='ocrx_word' id='word_1_153' title='bbox 1209 1156 1260 1208; x_wconf 81' lang='grc' dir='ltr'>τῷ</span> <span class='ocrx_word' id='word_1_154' title='bbox 1288 1157 1452 1209; x_wconf 82' lang='grc' dir='ltr'>στρατῷ,</span> <span class='ocrx_word' id='word_1_155' title='bbox 1483 1156 1544 1195; x_wconf 75' lang='grc' dir='ltr'>καὶ</span> 
     </span>
     <span class='ocr_line' id='line_1_17' title="bbox 57 1217 1543 1274; baseline -0.001 -13"><span class='ocrx_word' id='word_1_156' title='bbox 57 1221 265 1274; x_wconf 73' lang='grc' dir='ltr'>Ἀλεξάνδρῳ</span> <span class='ocrx_word' id='word_1_157' title='bbox 285 1219 439 1268; x_wconf 76' lang='grc' dir='ltr'>ἀδοξίαν,</span> <span class='ocrx_word' id='word_1_158' title='bbox 469 1218 636 1270; x_wconf 70' lang='grc' dir='ltr'>σφαλέντι</span> <span class='ocrx_word' id='word_1_159' title='bbox 660 1218 720 1257; x_wconf 77' lang='grc' dir='ltr'>καὶ</span> <span class='ocrx_word' id='word_1_160' title='bbox 739 1217 864 1271; x_wconf 79' lang='grc' dir='ltr'>γνώμῃ</span> <span class='ocrx_word' id='word_1_161' title='bbox 883 1217 942 1256; x_wconf 76' lang='grc' dir='ltr'>καὶ</span> <span class='ocrx_word' id='word_1_162' title='bbox 963 1217 1074 1270; x_wconf 81' lang='grc' dir='ltr'>τύχῃ,</span> <span class='ocrx_word' id='word_1_163' title='bbox 1095 1219 1191 1258; x_wconf 87' lang='lat' dir='ltr'>ibid.</span> <span class='ocrx_word' id='word_1_164' title='bbox 1218 1222 1240 1270; x_wconf 87' lang='grc'>5</span> <span class='ocrx_word' id='word_1_165' title='bbox 1273 1226 1330 1266; x_wconf 72' lang='lat'>14.</span> <span class='ocrx_word' id='word_1_166' title='bbox 1359 1221 1484 1260; x_wconf 87' lang='lat' dir='ltr'>Porro</span> <span class='ocrx_word' id='word_1_167' title='bbox 1502 1220 1543 1260; x_wconf 89' lang='lat' dir='ltr'>id</span> 
     </span>
     <span class='ocr_line' id='line_1_18' title="bbox 57 1282 1545 1340; baseline -0.001 -15"><span class='ocrx_word' id='word_1_168' title='bbox 57 1299 209 1340; x_wconf 84' lang='lat' dir='ltr'>quoque</span> <span class='ocrx_word' id='word_1_169' title='bbox 231 1285 389 1324; x_wconf 76' lang='lat' dir='ltr'>sensisse</span> <span class='ocrx_word' id='word_1_170' title='bbox 417 1293 455 1322; x_wconf 86' lang='lat' dir='ltr'>et</span> <span class='ocrx_word' id='word_1_171' title='bbox 476 1283 672 1335; x_wconf 79' lang='lat' dir='ltr'>scripsisse</span> <span class='ocrx_word' id='word_1_172' title='bbox 690 1283 925 1333; x_wconf 83' lang='lat' dir='ltr'>Sibyllistam</span> <span class='ocrx_word' id='word_1_173' title='bbox 953 1282 1042 1321; x_wconf 88' lang='lat' dir='ltr'>libri</span> <span class='ocrx_word' id='word_1_174' title='bbox 1068 1284 1242 1335; x_wconf 81' lang='lat' dir='ltr'>septimi,</span> <span class='ocrx_word' id='word_1_175' title='bbox 1270 1284 1412 1323; x_wconf 87' lang='lat' dir='ltr'>certius</span> <span class='ocrx_word' id='word_1_176' title='bbox 1431 1299 1477 1324; x_wconf 90' lang='lat' dir='ltr'>eo</span> <span class='ocrx_word' id='word_1_177' title='bbox 1501 1286 1545 1324; x_wconf 81' lang='lat' dir='ltr'>sst</span> 
     </span>
     <span class='ocr_line' id='line_1_19' title="bbox 57 1347 1541 1403; baseline 0 -14"><span class='ocrx_word' id='word_1_178' title='bbox 57 1351 158 1403; x_wconf 85' lang='lat' dir='ltr'>quod</span> <span class='ocrx_word' id='word_1_179' title='bbox 187 1351 223 1388; x_wconf 91' lang='lat' dir='ltr'>in</span> <span class='ocrx_word' id='word_1_180' title='bbox 245 1351 320 1389; x_wconf 88' lang='lat' dir='ltr'>alio</span> <span class='ocrx_word' id='word_1_181' title='bbox 341 1348 554 1388; x_wconf 85' lang='lat' dir='ltr'>recentiore</span> <span class='ocrx_word' id='word_1_182' title='bbox 574 1347 852 1398; x_wconf 85' lang='lat' dir='ltr'>Sibyllinorum</span> <span class='ocrx_word' id='word_1_183' title='bbox 874 1347 975 1395; x_wconf 75' lang='lat' dir='ltr'>ioco,</span> <span class='ocrx_word' id='word_1_184' title='bbox 999 1347 1175 1398; x_wconf 83' lang='lat' dir='ltr'>quamvis</span> <span class='ocrx_word' id='word_1_185' title='bbox 1192 1349 1376 1388; x_wconf 79' lang='lat' dir='ltr'>lacunoso</span> <span class='ocrx_word' id='word_1_186' title='bbox 1395 1358 1434 1389; x_wconf 92' lang='lat' dir='ltr'>et</span> <span class='ocrx_word' id='word_1_187' title='bbox 1454 1364 1541 1389; x_wconf 86' lang='lat' dir='ltr'>mu·</span> 
     </span>
     <span class='ocr_line' id='line_1_20' title="bbox 59 1411 1549 1466; baseline 0 -14"><span class='ocrx_word' id='word_1_188' title='bbox 59 1415 139 1462; x_wconf 71' lang='lat' dir='ltr'>tito,</span> <span class='ocrx_word' id='word_1_189' title='bbox 162 1413 264 1452; x_wconf 85' lang='lat' dir='ltr'>idem</span> <span class='ocrx_word' id='word_1_190' title='bbox 284 1412 374 1451; x_wconf 79' lang='lat' dir='ltr'>satis</span> <span class='ocrx_word' id='word_1_191' title='bbox 391 1419 522 1463; x_wconf 84' lang='lat' dir='ltr'>aperte</span> <span class='ocrx_word' id='word_1_192' title='bbox 539 1411 834 1462; x_wconf 87' lang='lat' dir='ltr'>pronuntiatum</span> <span class='ocrx_word' id='word_1_193' title='bbox 852 1411 1027 1449; x_wconf 82' lang='lat' dir='ltr'>videmus</span> <span class='ocrx_word' id='word_1_194' title='bbox 1041 1440 1051 1458; x_wconf 89' lang='lat'><em>,</em></span> <span class='ocrx_word' id='word_1_195' title='bbox 1078 1411 1145 1450; x_wconf 87' lang='lat' dir='ltr'>lib.</span> <span class='ocrx_word' id='word_1_196' title='bbox 1160 1412 1246 1460; x_wconf 81' lang='grc' dir='ltr'>ΧΠ,</span> <span class='ocrx_word' id='word_1_197' title='bbox 1265 1425 1298 1450; x_wconf 86' lang='grc' dir='ltr'>ν.</span> <span class='ocrx_word' id='word_1_198' title='bbox 1314 1413 1406 1464; x_wconf 84' lang='lat'><strong>269,</strong></span> <span class='ocrx_word' id='word_1_199' title='bbox 1426 1427 1510 1466; x_wconf 86' lang='lat' dir='ltr'>sqq.</span> <span class='ocrx_word' id='word_1_200' title='bbox 1533 1428 1549 1463; x_wconf 66' lang='grc' dir='ltr'>τ4</span> 
     </span>
    </p>

    <p class='ocr_par' dir='ltr' id='par_1_5' title="bbox 263 1473 1158 1528">
     <span class='ocr_line' id='line_1_21' title="bbox 263 1473 1158 1528; baseline -0.001 -13"><span class='ocrx_word' id='word_1_201' title='bbox 263 1475 364 1516; x_wconf 72' lang='grc' dir='ltr'>Ἔνθ’</span> <span class='ocrx_word' id='word_1_202' title='bbox 379 1474 436 1514; x_wconf 79' lang='grc' dir='ltr'>ὅτε</span> <span class='ocrx_word' id='word_1_203' title='bbox 450 1474 623 1527; x_wconf 74' lang='grc' dir='ltr'>νηπίαχος</span> <span class='ocrx_word' id='word_1_204' title='bbox 640 1475 780 1528; x_wconf 76' lang='grc' dir='ltr'>Καῖσαρ</span> <span class='ocrx_word' id='word_1_205' title='bbox 797 1473 858 1513; x_wconf 73' lang='grc' dir='ltr'>σὺν</span> <span class='ocrx_word' id='word_1_206' title='bbox 876 1477 927 1527; x_wconf 78' lang='grc' dir='ltr'>τῷ</span> <span class='ocrx_word' id='word_1_207' title='bbox 947 1474 1158 1527; x_wconf 79' lang='grc' dir='ltr'>βασιλεύσῃ,</span> 
     </span>
    </p>

    <p class='ocr_par' dir='ltr' id='par_1_6' title="bbox 263 1539 1143 1593">
     <span class='ocr_line' id='line_1_22' title="bbox 263 1539 1143 1593; baseline -0.002 -13"><span class='ocrx_word' id='word_1_208' title='bbox 263 1543 298 1582; x_wconf 85' lang='lat' dir='ltr'>T</span> <span class='ocrx_word' id='word_1_209' title='bbox 299 1539 417 1592; x_wconf 78' lang='grc' dir='ltr'>οὔνομ’</span> <span class='ocrx_word' id='word_1_210' title='bbox 435 1539 525 1592; x_wconf 80' lang='grc' dir='ltr'>ἔχων</span> <span class='ocrx_word' id='word_1_211' title='bbox 543 1542 700 1593; x_wconf 88' lang='grc' dir='ltr'>βριαροῖο</span> <span class='ocrx_word' id='word_1_212' title='bbox 719 1539 956 1586; x_wconf 81' lang='grc' dir='ltr'>Μακηδονίοιο</span> <span class='ocrx_word' id='word_1_213' title='bbox 977 1539 1143 1589; x_wconf 78' lang='grc' dir='ltr'>ἄνακτος,</span> 
     </span>
    </p>

    <p class='ocr_par' dir='ltr' id='par_1_7' title="bbox 263 1669 1185 1722">
     <span class='ocr_line' id='line_1_23' title="bbox 263 1669 1185 1722; baseline 0.001 -13"><span class='ocrx_word' id='word_1_214' title='bbox 263 1670 335 1710; x_wconf 75' lang='grc' dir='ltr'>Καὶ</span> <span class='ocrx_word' id='word_1_215' title='bbox 353 1670 433 1709; x_wconf 83' lang='grc' dir='ltr'>τότε</span> <span class='ocrx_word' id='word_1_216' title='bbox 454 1669 496 1718; x_wconf 80' lang='grc' dir='ltr'>δὴ</span> <span class='ocrx_word' id='word_1_217' title='bbox 517 1670 674 1722; x_wconf 81' lang='grc' dir='ltr'>βασιλεῖς</span> <span class='ocrx_word' id='word_1_218' title='bbox 690 1670 841 1722; x_wconf 85' lang='grc' dir='ltr'>Περσῶν</span> <span class='ocrx_word' id='word_1_219' title='bbox 860 1669 1185 1722; x_wconf 78' lang='grc' dir='ltr'>ἐπαναστήσονται,</span> 
     </span>
    </p>

    <p class='ocr_par' dir='ltr' id='par_1_8' title="bbox 266 1733 1176 1792">
     <span class='ocr_line' id='line_1_24' title="bbox 266 1733 1176 1792; baseline -0.001 -16"><span class='ocrx_word' id='word_1_220' title='bbox 266 1735 355 1792; x_wconf 78' lang='grc' dir='ltr'>[Καὶ</span> <span class='ocrx_word' id='word_1_221' title='bbox 371 1733 513 1790; x_wconf 85' lang='grc' dir='ltr'>τρώσει]</span> <span class='ocrx_word' id='word_1_222' title='bbox 528 1733 708 1786; x_wconf 87' lang='grc' dir='ltr'>Ῥωμαῖος</span> <span class='ocrx_word' id='word_1_223' title='bbox 724 1734 810 1788; x_wconf 85' lang='grc' dir='ltr'>ἄρης</span> <span class='ocrx_word' id='word_1_224' title='bbox 829 1733 1007 1786; x_wconf 85' lang='grc' dir='ltr'>Ῥωμαῖον</span> <span class='ocrx_word' id='word_1_225' title='bbox 1029 1736 1176 1775; x_wconf 82' lang='grc' dir='ltr'>ἄνακτα.</span> 
     </span>
    </p>

    <p class='ocr_par' dir='ltr' id='par_1_9' title="bbox 262 1864 1112 1919">
     <span class='ocr_line' id='line_1_25' title="bbox 262 1864 1112 1919; baseline -0.002 -13"><span class='ocrx_word' id='word_1_226' title='bbox 262 1867 396 1918; x_wconf 68' lang='grc' dir='ltr'>Ῥώμη,</span> <span class='ocrx_word' id='word_1_227' title='bbox 408 1867 454 1919; x_wconf 84' lang='grc' dir='ltr'>[δ’</span> <span class='ocrx_word' id='word_1_228' title='bbox 471 1867 506 1905; x_wconf 84' lang='grc' dir='ltr'>ἐν</span> <span class='ocrx_word' id='word_1_229' title='bbox 522 1865 697 1917; x_wconf 80' lang='grc' dir='ltr'>πολίεσσι]</span> <span class='ocrx_word' id='word_1_230' title='bbox 715 1864 883 1918; x_wconf 79' lang='grc' dir='ltr'>πελώριος</span> <span class='ocrx_word' id='word_1_231' title='bbox 901 1866 1112 1918; x_wconf 84' lang='grc' dir='ltr'>Αὖσονίῃσι,</span> 
     </span>
    </p>

    <p class='ocr_par' dir='ltr' id='par_1_10' title="bbox 263 1927 1038 1983">
     <span class='ocr_line' id='line_1_26' title="bbox 263 1927 1038 1983; baseline -0.004 -11"><span class='ocrx_word' id='word_1_232' title='bbox 263 1931 374 1972; x_wconf 82' lang='grc' dir='ltr'>Πάνο’</span> <span class='ocrx_word' id='word_1_233' title='bbox 388 1931 452 1970; x_wconf 75' lang='grc' dir='ltr'>ὅσα</span> <span class='ocrx_word' id='word_1_234' title='bbox 474 1930 638 1983; x_wconf 81' lang='grc' dir='ltr'>[πρόσθεν</span> <span class='ocrx_word' id='word_1_235' title='bbox 660 1927 753 1982; x_wconf 81' lang='grc' dir='ltr'>ἔρεξε</span> <span class='ocrx_word' id='word_1_236' title='bbox 763 1956 1015 1969; x_wconf 86' lang='grc'><strong>..........</strong></span> <span class='ocrx_word' id='word_1_237' title='bbox 1023 1927 1038 1982; x_wconf 82' lang='grc'>]</span> 
     </span>
    </p>

    <p class='ocr_par' dir='ltr' id='par_1_11' title="bbox 261 1991 1139 2048">
     <span class='ocr_line' id='line_1_27' title="bbox 261 1991 1139 2048; baseline -0.003 -12"><span class='ocrx_word' id='word_1_238' title='bbox 261 1995 418 2048; x_wconf 81' lang='grc' dir='ltr'>Οἷμώξει</span> <span class='ocrx_word' id='word_1_239' title='bbox 428 2022 652 2035; x_wconf 86' lang='grc'><strong>.........</strong></span> <span class='ocrx_word' id='word_1_240' title='bbox 675 1991 928 2046; x_wconf 82' lang='grc' dir='ltr'>ἀπολλυμένων</span> <span class='ocrx_word' id='word_1_241' title='bbox 947 1993 1139 2047; x_wconf 82' lang='grc' dir='ltr'>ἀνθρώπων</span> 
     </span>
    </p>

    <p class='ocr_par' dir='ltr' id='par_1_12' title="bbox 265 2052 1161 2115">
     <span class='ocr_line' id='line_1_28' title="bbox 265 2052 1161 2115; baseline -0.004 -14"><span class='ocrx_word' id='word_1_242' title='bbox 265 2062 383 2115; x_wconf 84' lang='grc' dir='ltr'>Ἄρεος</span> <span class='ocrx_word' id='word_1_243' title='bbox 401 2063 436 2100; x_wconf 82' lang='grc' dir='ltr'>ἐν</span> <span class='ocrx_word' id='word_1_244' title='bbox 453 2059 660 2113; x_wconf 81' lang='grc' dir='ltr'>παλάμῃσι·</span> <span class='ocrx_word' id='word_1_245' title='bbox 679 2058 772 2106; x_wconf 84' lang='grc' dir='ltr'>κακὴ</span> <span class='ocrx_word' id='word_1_246' title='bbox 793 2057 830 2097; x_wconf 82' lang='grc' dir='ltr'>δέ</span> <span class='ocrx_word' id='word_1_247' title='bbox 847 2073 902 2097; x_wconf 88' lang='grc' dir='ltr'>τοι</span> <span class='ocrx_word' id='word_1_248' title='bbox 917 2058 1058 2097; x_wconf 84' lang='grc' dir='ltr'>ἔσσεται</span> <span class='ocrx_word' id='word_1_249' title='bbox 1076 2052 1161 2098; x_wconf 68' lang='grc' dir='ltr'>αἶσα</span> 
     </span>
    </p>

    <p class='ocr_par' dir='ltr' id='par_1_13' title="bbox 263 2122 1132 2180">
     <span class='ocr_line' id='line_1_29' title="bbox 263 2122 1132 2180; baseline -0.005 -14"><span class='ocrx_word' id='word_1_250' title='bbox 263 2127 428 2180; x_wconf 76' lang='grc' dir='ltr'>Ἀνδρῶν·</span> <span class='ocrx_word' id='word_1_251' title='bbox 450 2124 558 2177; x_wconf 78' lang='grc' dir='ltr'>αὐτὰρ</span> <span class='ocrx_word' id='word_1_252' title='bbox 578 2124 698 2163; x_wconf 81' lang='grc' dir='ltr'>ἔπειτα</span> <span class='ocrx_word' id='word_1_253' title='bbox 716 2123 775 2162; x_wconf 70' lang='grc' dir='ltr'>καὶ</span> <span class='ocrx_word' id='word_1_254' title='bbox 796 2122 956 2171; x_wconf 85' lang='grc' dir='ltr'>ἀντολίης</span> <span class='ocrx_word' id='word_1_255' title='bbox 977 2123 1022 2162; x_wconf 88' lang='grc' dir='ltr'>δι’</span> <span class='ocrx_word' id='word_1_256' title='bbox 1041 2124 1132 2163; x_wconf 83' lang='grc' dir='ltr'>ὁδοῖο</span> 
     </span>
    </p>

    <p class='ocr_par' dir='ltr' id='par_1_14' title="bbox 61 2189 1540 2629">
     <span class='ocr_line' id='line_1_30' title="bbox 263 2189 964 2238; baseline -0.006 -5"><span class='ocrx_word' id='word_1_257' title='bbox 263 2192 430 2233; x_wconf 83' lang='grc' dir='ltr'>Σπεύδων</span> <span class='ocrx_word' id='word_1_258' title='bbox 450 2190 603 2237; x_wconf 82' lang='grc' dir='ltr'>Ἰταλίην</span> <span class='ocrx_word' id='word_1_259' title='bbox 627 2189 800 2238; x_wconf 84' lang='grc' dir='ltr'>κατιδεῖν,</span> <span class='ocrx_word' id='word_1_260' title='bbox 819 2204 855 2228; x_wconf 87' lang='grc' dir='ltr'>κ.</span> <span class='ocrx_word' id='word_1_261' title='bbox 875 2204 909 2229; x_wconf 84' lang='grc' dir='ltr'>τ.</span> <span class='ocrx_word' id='word_1_262' title='bbox 926 2190 964 2229; x_wconf 87' lang='grc' dir='ltr'>λ.</span> 
     </span>
     <span class='ocr_line' id='line_1_31' title="bbox 62 2253 1538 2308; baseline -0.003 -10"><span class='ocrx_word' id='word_1_263' title='bbox 62 2264 140 2308; x_wconf 82' lang='lat' dir='ltr'>Quo</span> <span class='ocrx_word' id='word_1_264' title='bbox 159 2260 198 2298; x_wconf 92' lang='lat' dir='ltr'>in</span> <span class='ocrx_word' id='word_1_265' title='bbox 219 2259 305 2298; x_wconf 92' lang='lat' dir='ltr'>loco</span> <span class='ocrx_word' id='word_1_266' title='bbox 324 2257 434 2296; x_wconf 85' lang='lat' dir='ltr'>facile</span> <span class='ocrx_word' id='word_1_267' title='bbox 452 2265 510 2295; x_wconf 91' lang='lat' dir='ltr'>est</span> <span class='ocrx_word' id='word_1_268' title='bbox 524 2256 677 2294; x_wconf 83' lang='lat' dir='ltr'>lacunas</span> <span class='ocrx_word' id='word_1_269' title='bbox 697 2267 831 2292; x_wconf 89' lang='lat' dir='ltr'>omnes</span> <span class='ocrx_word' id='word_1_270' title='bbox 848 2263 976 2292; x_wconf 86' lang='lat' dir='ltr'>mente</span> <span class='ocrx_word' id='word_1_271' title='bbox 993 2254 1190 2305; x_wconf 83' lang='lat' dir='ltr'>supplere,</span> <span class='ocrx_word' id='word_1_272' title='bbox 1211 2253 1284 2292; x_wconf 90' lang='lat' dir='ltr'>nisi</span> <span class='ocrx_word' id='word_1_273' title='bbox 1301 2254 1406 2305; x_wconf 89' lang='lat' dir='ltr'>quod</span> <span class='ocrx_word' id='word_1_274' title='bbox 1425 2268 1538 2294; x_wconf 86' lang='lat' dir='ltr'>versu</span> 
     </span>
     <span class='ocr_line' id='line_1_32' title="bbox 61 2317 1540 2376; baseline -0.002 -13"><span class='ocrx_word' id='word_1_275' title='bbox 61 2333 192 2376; x_wconf 81' lang='lat' dir='ltr'>quarto</span> <span class='ocrx_word' id='word_1_276' title='bbox 222 2323 386 2362; x_wconf 90' lang='lat' dir='ltr'>dubium</span> <span class='ocrx_word' id='word_1_277' title='bbox 412 2330 469 2360; x_wconf 89' lang='lat' dir='ltr'>est</span> <span class='ocrx_word' id='word_1_278' title='bbox 504 2329 631 2359; x_wconf 91' lang='lat' dir='ltr'>utrum</span> <span class='ocrx_word' id='word_1_279' title='bbox 657 2319 718 2359; x_wconf 80' lang='grc' dir='ltr'>καὶ</span> <span class='ocrx_word' id='word_1_280' title='bbox 739 2318 867 2372; x_wconf 82' lang='grc' dir='ltr'>τρώσει</span> <span class='ocrx_word' id='word_1_281' title='bbox 896 2320 1012 2370; x_wconf 78' lang='lat' dir='ltr'>legas,</span> <span class='ocrx_word' id='word_1_282' title='bbox 1033 2332 1082 2356; x_wconf 84' lang='lat' dir='ltr'>an</span> <span class='ocrx_word' id='word_1_283' title='bbox 1102 2317 1162 2358; x_wconf 81' lang='grc' dir='ltr'>καὶ</span> <span class='ocrx_word' id='word_1_284' title='bbox 1184 2319 1295 2373; x_wconf 82' lang='grc' dir='ltr'>λείψει</span> <span class='ocrx_word' id='word_1_285' title='bbox 1325 2332 1390 2359; x_wconf 86' lang='lat' dir='ltr'>seu</span> <span class='ocrx_word' id='word_1_286' title='bbox 1417 2320 1540 2360; x_wconf 89' lang='lat' dir='ltr'>simile</span> 
     </span>
     <span class='ocr_line' id='line_1_33' title="bbox 61 2382 1538 2439; baseline -0.003 -12"><span class='ocrx_word' id='word_1_287' title='bbox 61 2389 144 2439; x_wconf 88' lang='lat' dir='ltr'>quid</span> <span class='ocrx_word' id='word_1_288' title='bbox 169 2389 261 2427; x_wconf 85' lang='lat' dir='ltr'>:sed</span> <span class='ocrx_word' id='word_1_289' title='bbox 285 2397 491 2437; x_wconf 86' lang='lat' dir='ltr'>utcumque</span> <span class='ocrx_word' id='word_1_290' title='bbox 510 2384 754 2436; x_wconf 84' lang='lat' dir='ltr'>imperatoris</span> <span class='ocrx_word' id='word_1_291' title='bbox 784 2383 912 2421; x_wconf 79' lang='lat' dir='ltr'>clades</span> <span class='ocrx_word' id='word_1_292' title='bbox 944 2397 1103 2421; x_wconf 90' lang='lat' dir='ltr'>suorum</span> <span class='ocrx_word' id='word_1_293' title='bbox 1125 2382 1294 2434; x_wconf 82' lang='lat' dir='ltr'>perfidiae</span> <span class='ocrx_word' id='word_1_294' title='bbox 1323 2384 1538 2435; x_wconf 81' lang='lat' dir='ltr'>imputabi-</span> 
     </span>
     <span class='ocr_line' id='line_1_34' title="bbox 63 2448 1538 2504; baseline -0.003 -14"><span class='ocrx_word' id='word_1_295' title='bbox 63 2459 129 2493; x_wconf 69' lang='lat' dir='ltr'>t‘ur.</span> <span class='ocrx_word' id='word_1_296' title='bbox 148 2452 355 2504; x_wconf 80' lang='lat' dir='ltr'>Sequentia</span> <span class='ocrx_word' id='word_1_297' title='bbox 376 2452 489 2502; x_wconf 90' lang='lat' dir='ltr'>plane</span> <span class='ocrx_word' id='word_1_298' title='bbox 504 2449 740 2487; x_wconf 85' lang='lat' dir='ltr'>conveniunt</span> <span class='ocrx_word' id='word_1_299' title='bbox 758 2463 765 2485; x_wconf 90' lang='lat'><strong>:</strong></span> <span class='ocrx_word' id='word_1_300' title='bbox 786 2448 916 2486; x_wconf 83' lang='lat' dir='ltr'>Romae</span> <span class='ocrx_word' id='word_1_301' title='bbox 932 2448 1032 2485; x_wconf 89' lang='lat' dir='ltr'>enim</span> <span class='ocrx_word' id='word_1_302' title='bbox 1060 2449 1180 2486; x_wconf 87' lang='lat' dir='ltr'>fatum</span> <span class='ocrx_word' id='word_1_303' title='bbox 1198 2448 1437 2497; x_wconf 88' lang='lat' dir='ltr'>deploratur,</span> <span class='ocrx_word' id='word_1_304' title='bbox 1453 2457 1538 2487; x_wconf 88' lang='lat' dir='ltr'>tan-</span> 
     </span>
     <span class='ocr_line' id='line_1_35' title="bbox 61 2511 1537 2567; baseline 0 -14"><span class='ocrx_word' id='word_1_305' title='bbox 61 2529 168 2566; x_wconf 86' lang='lat' dir='ltr'>quam</span> <span class='ocrx_word' id='word_1_306' title='bbox 199 2517 308 2554; x_wconf 83' lang='lat' dir='ltr'>victae</span> <span class='ocrx_word' id='word_1_307' title='bbox 337 2516 566 2567; x_wconf 81' lang='lat' dir='ltr'>penitusque</span> <span class='ocrx_word' id='word_1_308' title='bbox 601 2526 813 2559; x_wconf 80' lang='lat' dir='ltr'>concussae3</span> <span class='ocrx_word' id='word_1_309' title='bbox 833 2511 871 2550; x_wconf 79' lang='lat' dir='ltr'>&#39;et</span> <span class='ocrx_word' id='word_1_310' title='bbox 902 2512 1030 2550; x_wconf 89' lang='lat' dir='ltr'>statim</span> <span class='ocrx_word' id='word_1_311' title='bbox 1051 2521 1232 2563; x_wconf 81' lang='lat' dir='ltr'>properat</span> <span class='ocrx_word' id='word_1_312' title='bbox 1251 2513 1466 2563; x_wconf 85' lang='lat' dir='ltr'>imperator</span> <span class='ocrx_word' id='word_1_313' title='bbox 1488 2513 1537 2553; x_wconf 83' lang='lat' dir='ltr'>ab</span> 
     </span>
     <span class='ocr_line' id='line_1_36' title="bbox 61 2576 1327 2629; baseline -0.005 -10"><span class='ocrx_word' id='word_1_314' title='bbox 61 2582 207 2620; x_wconf 88' lang='lat' dir='ltr'>Oriente</span> <span class='ocrx_word' id='word_1_315' title='bbox 228 2581 390 2620; x_wconf 81' lang='lat' dir='ltr'>Romam</span> <span class='ocrx_word' id='word_1_316' title='bbox 412 2580 564 2627; x_wconf 82' lang='lat' dir='ltr'>reverti,</span> <span class='ocrx_word' id='word_1_317' title='bbox 583 2579 679 2629; x_wconf 77' lang='lat' dir='ltr'>sugae</span> <span class='ocrx_word' id='word_1_318' title='bbox 696 2578 827 2629; x_wconf 85' lang='lat' dir='ltr'>potius</span> <span class='ocrx_word' id='word_1_319' title='bbox 846 2577 967 2614; x_wconf 88' lang='lat' dir='ltr'>instar</span> <span class='ocrx_word' id='word_1_320' title='bbox 987 2590 1101 2626; x_wconf 77' lang='lat' dir='ltr'>qnam</span> <span class='ocrx_word' id='word_1_321' title='bbox 1125 2576 1327 2627; x_wconf 83' lang='lat' dir='ltr'>triumphi.</span> 
     </span>
    </p>

    <p class='ocr_par' dir='ltr' id='par_1_15' title="bbox 63 2640 1539 2888">
     <span class='ocr_line' id='line_1_37' title="bbox 108 2640 1537 2695; baseline -0.001 -13"><span class='ocrx_word' id='word_1_322' title='bbox 108 2643 217 2691; x_wconf 88' lang='lat' dir='ltr'>Quod</span> <span class='ocrx_word' id='word_1_323' title='bbox 232 2645 262 2682; x_wconf 90' lang='lat' dir='ltr'>si</span> <span class='ocrx_word' id='word_1_324' title='bbox 278 2643 367 2695; x_wconf 85' lang='lat' dir='ltr'>quis</span> <span class='ocrx_word' id='word_1_325' title='bbox 380 2643 531 2681; x_wconf 88' lang='lat' dir='ltr'>dubitat</span> <span class='ocrx_word' id='word_1_326' title='bbox 549 2642 821 2680; x_wconf 85' lang='lat' dir='ltr'>duodecimum</span> <span class='ocrx_word' id='word_1_327' title='bbox 839 2640 1022 2679; x_wconf 85' lang='lat' dir='ltr'>scribenti</span> <span class='ocrx_word' id='word_1_328' title='bbox 1042 2640 1183 2678; x_wconf 84' lang='lat' dir='ltr'>librum</span> <span class='ocrx_word' id='word_1_329' title='bbox 1204 2641 1318 2679; x_wconf 78' lang='lat' dir='ltr'>fuisse</span> <span class='ocrx_word' id='word_1_330' title='bbox 1334 2641 1537 2692; x_wconf 83' lang='lat' dir='ltr'>septimum</span> 
     </span>
     <span class='ocr_line' id='line_1_38' title="bbox 63 2704 1539 2760; baseline 0.001 -17"><span class='ocrx_word' id='word_1_331' title='bbox 63 2706 107 2743; x_wconf 85' lang='lat' dir='ltr'>ob</span> <span class='ocrx_word' id='word_1_332' title='bbox 123 2708 264 2759; x_wconf 83' lang='lat' dir='ltr'>oculos,</span> <span class='ocrx_word' id='word_1_333' title='bbox 283 2708 423 2745; x_wconf 85' lang='lat' dir='ltr'>similes</span> <span class='ocrx_word' id='word_1_334' title='bbox 447 2706 565 2744; x_wconf 89' lang='lat' dir='ltr'>modo</span> <span class='ocrx_word' id='word_1_335' title='bbox 585 2706 738 2743; x_wconf 88' lang='lat' dir='ltr'>dicendi</span> <span class='ocrx_word' id='word_1_336' title='bbox 761 2706 904 2743; x_wconf 82' lang='lat' dir='ltr'>formas</span> <span class='ocrx_word' id='word_1_337' title='bbox 923 2705 1155 2745; x_wconf 87' lang='lat' dir='ltr'>consideret.</span> <span class='ocrx_word' id='word_1_338' title='bbox 1184 2704 1227 2742; x_wconf 83' lang='lat' dir='ltr'>In</span> <span class='ocrx_word' id='word_1_339' title='bbox 1250 2705 1539 2760; x_wconf 23' lang='lat' dir='ltr'>utroque-libro</span> 
     </span>
     <span class='ocr_line' id='line_1_39' title="bbox 64 2768 1537 2825; baseline 0.001 -17"><span class='ocrx_word' id='word_1_340' title='bbox 64 2768 229 2821; x_wconf 72' lang='grc' dir='ltr'>Ῥωμαῖος</span> <span class='ocrx_word' id='word_1_341' title='bbox 265 2772 371 2825; x_wconf 77' lang='grc' dir='ltr'>ἄρης,</span> <span class='ocrx_word' id='word_1_342' title='bbox 398 2773 483 2824; x_wconf 84' lang='lat' dir='ltr'>pari</span> <span class='ocrx_word' id='word_1_343' title='bbox 503 2772 626 2822; x_wconf 78' lang='lat' dir='ltr'>figura</span> <span class='ocrx_word' id='word_1_344' title='bbox 660 2771 707 2808; x_wconf 87' lang='lat' dir='ltr'>dc</span> <span class='ocrx_word' id='word_1_345' title='bbox 738 2771 871 2808; x_wconf 81' lang='lat' dir='ltr'>eadem</span> <span class='ocrx_word' id='word_1_346' title='bbox 898 2782 937 2808; x_wconf 84' lang='lat' dir='ltr'>rc</span> <span class='ocrx_word' id='word_1_347' title='bbox 959 2770 1122 2817; x_wconf 54' lang='lat' dir='ltr'>dit-itum</span> <span class='ocrx_word' id='word_1_348' title='bbox 1155 2778 1192 2808; x_wconf 89' lang='lat' dir='ltr'>ct</span> <span class='ocrx_word' id='word_1_349' title='bbox 1220 2770 1258 2808; x_wconf 90' lang='lat' dir='ltr'>in</span> <span class='ocrx_word' id='word_1_350' title='bbox 1282 2784 1359 2808; x_wconf 87' lang='lat' dir='ltr'>uno</span> <span class='ocrx_word' id='word_1_351' title='bbox 1382 2770 1537 2821; x_wconf 86' lang='lat' dir='ltr'>quidem</span> 
     </span>
     <span class='ocr_line' id='line_1_40' title="bbox 66 2834 933 2888; baseline 0 -16"><span class='ocrx_word' id='word_1_352' title='bbox 66 2845 198 2874; x_wconf 87' lang='lat' dir='ltr'>novum</span> <span class='ocrx_word' id='word_1_353' title='bbox 219 2838 425 2876; x_wconf 84' lang='lat' dir='ltr'>Persarum</span> <span class='ocrx_word' id='word_1_354' title='bbox 443 2849 606 2888; x_wconf 80' lang='lat' dir='ltr'>regnum</span> <span class='ocrx_word' id='word_1_355' title='bbox 635 2835 689 2873; x_wconf 88' lang='lat' dir='ltr'>sic</span> <span class='ocrx_word' id='word_1_356' title='bbox 712 2834 906 2873; x_wconf 85' lang='lat' dir='ltr'>indicatur</span> <span class='ocrx_word' id='word_1_357' title='bbox 924 2848 933 2872; x_wconf 76' lang='lat' dir='ltr'>t</span> 
     </span>
    </p>
   </div>
   <div class='ocr_carea' id='block_1_3' title="bbox 185 2904 1376 2953">
    <p class='ocr_par' dir='ltr' id='par_1_16' title="bbox 185 2904 1376 2953">
     <span class='ocr_line' id='line_1_41' title="bbox 185 2904 1376 2953; baseline -0.002 -1"><span class='ocrx_word' id='word_1_358' title='bbox 185 2910 263 2953; x_wconf 84' lang='grc' dir='ltr'>ΙΙΙ.</span> <span class='ocrx_word' id='word_1_359' title='bbox 622 2912 626 2916; x_wconf 89' lang='grc'><strong>’</strong></span> <span class='ocrx_word' id='word_1_360' title='bbox 1319 2904 1376 2951; x_wconf 83' lang='lat'>25</span> 
     </span>
    </p>
   </div>
  </div>
 </body>
</html>
