1752 3495
165 229 262 276 268
551 227 632 272 AD
667 227 1010 275 SIBYLLINOS
1044 227 1252 273 LIBROS

163 327 298 376 ἐκείνης
317 325 430 366 πολλὰ
448 323 507 365 καὶ
525 324 717 380 βλάσφημα
737 329 813 374 εἰκῆ
840 326 994 366 δύνασθε.
1016 326 1074 365 Ad
1093 339 1180 378 quae
1201 326 1407 379 respondet
1429 328 1632 382 Origenes,

164 390 257 430 ibid.
274 391 390 444 paulo
411 389 511 429 infra
529 404 538 427 2
557 383 639 429 Εἶτ’
653 392 716 430 οὐκ
727 385 791 430 οἶδ’
804 389 897 433 ὅπως
911 389 1175 443 ἀποφηνάμενος
1189 389 1243 430 ὅτι
1261 391 1572 447 παρενεγράψαμεν
1588 398 1633 440 εἷς

91 494 99 502 ,
163 453 209 494 τὰ
224 455 355 503 ἐκείνης
371 453 483 494 πολλὰ
502 453 564 493 καὶ
587 454 801 510 βλάσφημα,
827 454 886 495 καὶ
906 453 955 506 μὴ
972 453 1152 500 ἀποδείξας
1172 455 1255 506 μηδ’
1274 454 1296 494 ὅ
1311 471 1346 495 τι
1370 457 1633 513 παρενεγράψα-

161 538 226 576 μεν
246 522 414 576 (ἀπέδειξε
439 523 470 562 δ’
484 522 526 562 ἂν
539 554 550 573 ,
577 524 608 562 εἰ
625 522 668 562 τὰ
691 522 898 578 ἀρχαιότερα
925 522 1149 576 καθαρώτερα
1174 522 1323 562 ἐδείκνυε
1347 522 1410 562 καὶ
1429 526 1490 563 οὐκ
1510 525 1631 579 ἔχοντα

159 587 249 641 ἅπερ
277 587 386 627 οἴεται
409 588 752 641 παρεγγεγράφθαι),
784 586 834 639 μὴ
866 586 1050 633 ἀποδείξας
1074 585 1109 625 δὲ
1138 588 1222 637 μηδ’
1239 587 1304 646 ’ὅτι
1335 588 1528 643 βλάσφημά
1559 591 1630 633 ἐστι

157 654 281 692 ταῦτα.
300 652 374 692 Sed
392 665 486 704 pace
500 652 641 690 dictum
661 651 710 689 sit
726 651 902 702 Origenis
922 666 932 690 :
954 651 1065 690 nimis
1087 651 1201 690 nobis
1223 651 1376 690 videtur
1405 667 1542 705 urgere
1562 656 1630 694 ad-

159 717 391 768 versarium,
411 716 503 754 dum
529 715 656 754 verbis
683 715 764 767 ejus
796 716 893 754 male
920 715 1125 757 intellectis
1156 715 1342 755 abutitur.
1372 718 1500 764 Quum
1533 720 1628 760 enim

157 782 290 823 Celsus
309 782 492 834 Sibyllam
509 781 610 834 apud
631 781 789 833 gentiles
812 782 1084 830 clarissimam,
1114 781 1153 821 id
1179 790 1248 829 est,
1280 782 1511 834 Erythraeam
1525 814 1534 831 ‚
1555 785 1628 826 n'on

158 855 287 899 posset
308 846 527 899 aspernari,
552 858 676 896 neque
700 846 827 898 prisca
853 845 936 897 ejus
961 847 1117 885 oracula
1141 860 1217 885 non
1239 860 1309 898 pro
1333 847 1434 886 veris
1460 848 1629 901 accipere

156 919 226 949 aut
248 910 468 962 accipienda
486 909 687 960 simulare,
706 923 749 948 ea
769 918 917 948 tantum
937 923 1022 962 quae
1037 909 1109 948 sub
1127 911 1279 963 Sibyllae
1301 912 1456 950 nomine
1482 926 1580 954 nova
1595 926 1629 956 et

158 976 265 1027 prius
299 976 426 1026 ignota
458 973 766 1025 proferebantur,
790 973 1004 1027 abjicienda
1021 974 1190 1025 censuit,
1210 984 1254 1013 ut
1282 974 1376 1014 salso
1408 978 1542 1016 ceteris
1561 978 1628 1017 im-

157 1040 274 1078 mixta
297 1048 411 1089 atque
430 1038 590 1086 intrusa,
613 1038 708 1088 sive,
730 1048 775 1077 ut
801 1039 882 1090 ipse
903 1038 1080 1088 dicebat,
1107 1039 1462 1093 παρεγγεγραμμένα.
1499 1042 1626 1094 Itaque

155 1117 232 1142 non
263 1103 448 1142 intellexit
476 1116 599 1154 neque
626 1102 723 1141 dixit
742 1102 928 1154 Sibyllina
958 1102 1287 1151 Christianorum,
1324 1114 1463 1155 praeter
1490 1119 1626 1157 paucos

154 1179 288 1221 versus
314 1167 580 1218 interpolatos,
606 1179 695 1205 vere
729 1181 750 1204 a
780 1166 927 1218 Sibylla
956 1166 1127 1219 profecta
1152 1180 1252 1213 esse3
1284 1167 1350 1206 sed
1383 1182 1625 1222 quaecumque

152 1232 354 1270 manifesto
375 1231 619 1269 christianam
639 1231 804 1269 indolem
818 1232 1059 1282 praeferentia
1076 1244 1148 1283 pro
1161 1231 1358 1282 Sibyllinis
1377 1234 1621 1273 venditaban-
1681 1236 1684 1239 ’

153 1306 227 1343 tur,
246 1310 290 1335 ea
307 1295 479 1334 salsitatis
497 1289 853 1347 etinterpolationis
870 1296 1076 1338 damnavit.
1090 1297 1137 1335 Et
1152 1296 1246 1334 illud
1265 1297 1303 1334 in
1321 1311 1400 1349 quo
1417 1299 1623 1350 triumphat

150 1362 360 1413 Origenes:
380 1360 524 1408 Quidni
554 1359 671 1411 igitur
703 1360 921 1412 antiquiora
950 1370 1139 1399 monstras
1160 1362 1411 1413 exemplaria,
1441 1376 1460 1401 e
1488 1364 1622 1414 quibus

150 1426 231 1464 haec
245 1424 870 1476 absint?nobisjudicibusparum
884 1425 996 1464 valet.
1013 1427 1170 1466 Poterat
1186 1426 1285 1464 enim
1300 1426 1408 1465 facile
1420 1437 1623 1467 monstrare

151 1490 281 1529 Celsus
301 1489 458 1540 antiqua
476 1489 762 1541 Erythraeorum
783 1489 995 1528 carminum
1024 1489 1277 1541 exemplaria,
1296 1490 1335 1528 in
1365 1490 1506 1542 quibus
1534 1493 1622 1532 nihil

150 1553 272 1592 simile
300 1553 527 1592 occurrebat
543 1553 757 1592 christianis
777 1563 842 1592 aut
857 1554 1022 1605 judaicis
1042 1554 1243 1594 vaticiniis.
1272 1555 1405 1606 ltaque
1428 1555 1622 1595 videbatur

148 1620 222 1659 sibi
241 1619 372 1659 Celsus
390 1633 434 1659 ea
454 1620 538 1658 loca
557 1632 644 1671 quae
664 1619 864 1658 manifesto
884 1634 904 1658 a
920 1619 1065 1671 Sibylla
1082 1619 1197 1658 scribi
1216 1621 1493 1673 nequiverant,
1513 1624 1617 1671 satis,

147 1684 237 1723 dum
255 1683 421 1732 citabat,
451 1683 553 1723 salsae
580 1683 739 1736 originis
765 1697 937 1736 arguere.
962 1684 1073 1723 Talia
1101 1697 1194 1722 vero
1217 1685 1353 1733 multa,
1373 1686 1456 1737 ipso
1485 1687 1618 1727 fatente

145 1749 330 1801 Origene,
352 1749 496 1788 facetiis
515 1748 746 1801 agitaverat,
764 1762 850 1800 quae
867 1748 1052 1801 pleraque
1074 1749 1113 1787 in
1133 1751 1273 1789 nostris
1289 1749 1485 1803 Sibyllinis
1499 1752 1616 1792 adhuc

144 1812 337 1865 leguntur,
351 1821 394 1851 ut
411 1827 458 1852 ex
477 1822 615 1852 octavo
630 1812 731 1852 libro
749 1813 939 1865 Sibyllino
954 1812 1034 1857 Διὸς
1050 1812 1158 1868 τάφον
1179 1814 1293 1866 (apud
1314 1815 1538 1868 Origenem,
1556 1818 1615 1865 ΧΠ,

145 1876 168 1931 ξ
189 1877 267 1930 43),
288 1892 309 1917 e
331 1878 429 1917 libro
449 1887 576 1917 autem
598 1878 713 1917 tertio
736 1876 966 1932 πυργοποιΐαν
988 1887 1028 1916 et
1044 1881 1105 1917 τοῦ
1126 1877 1259 1932 πύργου
1276 1879 1484 1934 κατάρῤιψιν
1503 1882 1614 1932 (apud

144 1942 373 1994 Origenem,
394 1943 458 1991 IV,
478 1946 498 1991 5
517 1939 597 1993 ar),
615 1953 652 1981 et
670 1943 862 1981 incertum
880 1956 958 1994 quo
974 1956 995 1980 e
1011 1941 1127 1991 libro,
1146 1942 1211 1981 sed
1232 1943 1393 1983 fortasse
1411 1945 1499 1984 vm
1512 1976 1523 1993 ‚
1546 1949 1564 1993 §
1583 1958 1616 1989 2,

143 2007 318 2059 quaedam
338 2007 386 2047 de
405 2016 577 2047 extremo
600 2006 750 2059 judicio
774 2006 897 2062 (apud
920 2007 1230 2059 Origenem,1V‚
1258 2011 1278 2056 S
1300 2009 1376 2060 20).

194 2072 350 2111 Interim
370 2073 513 2112 amicus
529 2073 690 2121 Celsi,et
704 2073 912 2112 acerrimus
929 2072 1101 2111 omnium
1120 2072 1374 2130 religionum,
1395 2073 1461 2113 sed
1482 2083 1612 2113 nostra}

141 2136 318 2189 inprimis
335 2136 419 2177 [idei
437 2136 600 2187 derisor,
620 2137 870 2187 Lucianus‚in
891 2137 1112 2176 Alexandro
1129 2134 1196 2176 seu
1216 2138 1510 2188 Pseudomante,
1525 2148 1562 2178 et
1577 2140 1611 2178 in

141 2200 270 2240 libello
289 2201 338 2241 de
357 2202 555 2254 Peregrini
574 2211 718 2251 morte,
734 2202 1009 2245 salsissimisac
1031 2215 1122 2241 vere
1141 2202 1433 2254 Aristoplianeis
1452 2204 1610 2255 parodiis

139 2265 345 2305 christiana
368 2266 595 2318 suggillabat
613 2266 790 2306 oracula:
817 2266 952 2305 confer
970 2267 1071 2318 ipsas
1088 2266 1127 2305 in
1148 2267 1221 2305 fine
1242 2267 1436 2306 Excursus
1456 2268 1503 2307 ll.
1522 2268 1611 2315 Qui-

138 2328 210 2369 bus
227 2331 536 2370 cavillationibus
557 2344 708 2369 causam
729 2339 767 2369 et
791 2330 898 2382 quasi
917 2331 1114 2370 materiam
1143 2339 1185 2368 ut
1204 2330 1478 2369 subtraherent
1498 2330 1610 2370 Chri-

139 2395 264 2448 stiani,
280 2405 481 2447 coeperunt
497 2397 646 2435 cautius
660 2395 849 2446 Sibyllam
869 2404 1002 2434 testem
1019 2395 1246 2447 producere,
1264 2396 1388 2435 Graeci
1407 2395 1607 2448 praesertim

136 2461 201 2512 qui
223 2469 261 2499 et
275 2460 467 2500 doctiores
481 2470 590 2500 erant
609 2469 645 2500 et
661 2461 700 2500 in
714 2460 977 2499 discernendis
997 2469 1198 2513 poetarum
1212 2461 1315 2500 vitiis
1334 2470 1400 2501 aut
1414 2454 1607 2501 virtutibus

94 2534 104 2572 ξ
138 2524 339 2563 acutiores.
369 2525 552 2576 Origenes
581 2525 817 2577 ipse,quum
837 2524 1034 2576 Sibyllinae
1065 2525 1343 2564 vaticinationis
1363 2539 1513 2565 causam
1540 2524 1606 2563 ad-

94 2587 99 2630 i
140 2601 268 2626 versus
291 2589 442 2628 Celsum
462 2589 664 2638 defendat,
685 2589 851 2642 partium
881 2589 1030 2642 potius,
1056 2589 1109 2627 nti
1133 2603 1283 2639 remur,
1309 2604 1422 2642 quam
1446 2590 1606 2628 veritatis

91 2641 107 2702 ‘J
138 2651 286 2699 studio,
310 2666 494 2704 nusquam
531 2663 654 2692 tamen
683 2667 844 2705 operum
873 2667 1030 2692 suorum
1065 2660 1132 2692 aut
1149 2654 1215 2692 vix
1232 2668 1391 2706 usquam
1419 2654 1604 2706 Sibyllinis

94 2717 101 2743 -’
137 2715 260 2754 utitur
281 2717 523 2768 testimoniis,
537 2718 639 2769 quod
662 2718 799 2769 saepius
821 2717 991 2758 facturus
1016 2728 1098 2757 erat
1119 2718 1150 2757 si
1167 2719 1317 2770 plenam
1341 2720 1387 2758 iis
1407 2720 1518 2758 fidem
1538 2718 1603 2757 tri-

80 2788 95 2810 ’κ
134 2777 296 2820 buisset.
321 2782 445 2822 Semel
477 2791 622 2820 tantum
660 2783 699 2821 in
723 2782 1089 2834 Philosopliumenis
1119 2797 1251 2822 recens
1284 2784 1418 2834 editis,
1438 2784 1533 2823 libro
1559 2782 1600 2830 V,

137 2848 158 2892 S
187 2846 245 2893 ¹6,
267 2845 438 2884 meminit
463 2847 576 2884 unius
600 2845 778 2898 Sibyllini
794 2859 947 2894 versus,
966 2847 1129 2887 Prooem.
1155 2862 1192 2888 v.
1216 2850 1294 2899 39:

425 2909 470 2951 Ei
488 2908 524 2949 δὲ
540 2908 682 2961 γενητὸν
701 2911 795 2962 ὁμῶς
814 2910 871 2950 καὶ
889 2909 1083 2965 φθείρεται,
