1752 3495
167 170 225 213 16
410 232 413 235 ἥ
545 168 622 211 ΑΙ)
651 169 995 215 SlBYLLlNOS
1030 172 1236 216 LIBROS

160 263 316 316 περὶτῆς
332 263 483 315 Δάφνης,
505 272 542 302 et
561 266 688 303 omnia
710 266 757 304 ab
776 267 858 316 ipso
879 268 1036 306 confusa
1057 281 1120 306 sus
1147 269 1270 320 deque
1291 268 1363 319 agi,
1383 272 1618 314 manifestius

161 331 224 367 liet
239 329 347 376 infra,
366 342 450 379 cap.
473 329 507 368 5.

211 392 320 438 Quod
339 391 370 430 si
393 392 440 430 de
461 394 626 444 Pythico
645 395 726 443 ejus
744 394 953 432 ministerio
973 394 1065 432 nihil
1094 397 1187 433 certi
1207 397 1308 447 apud
1330 398 1564 448 antiquiores
1583 410 1620 437 et

156 455 330 493 meliores
359 465 532 495 auctores
571 458 778 507 reperitur,
806 466 949 501 tamen,
979 471 1221 509 quocumque
1249 462 1401 499 nomine
1432 470 1470 499 et
1503 463 1615 513 loco,

127 565 133 572 ⁸
157 517 325 567 Apollini
347 532 491 557 sacram
516 521 654 566 fuisse,
675 532 787 556 nemo
804 533 970 570 unquam
988 530 1159 559 veterum
1179 522 1383 571 dubitavit;
1399 524 1514 576 idque
1530 528 1618 565 satis
1654 565 1657 569 ,

154 581 329 619 elucebat
344 596 460 633 quum
483 597 529 621 ex
549 584 630 633 ipso
649 583 837 629 carmine,
858 592 935 620 tum
957 598 1003 622 ex
1026 585 1089 622 illa
1112 587 1314 637 plusquam
1335 589 1498 627 humana
1519 591 1618 628 divi-

153 645 268 682 nandi
287 647 462 693 scientia;
485 645 585 683 unde
606 646 773 683 unanimi
794 647 907 684 totius
924 648 1156 698 antiquitatis
1171 663 1356 700 consensu
1377 653 1432 689 vel
1451 653 1614 703 primum

152 710 212 747 vel
230 711 412 761 insignem
435 711 557 747 locum
576 711 695 747 tenuit
715 711 815 747 inter
834 724 896 748 eas
916 713 1058 749 animas
1077 726 1170 762 quas
1200 714 1356 753 Proclus
1384 717 1614 767 Apollineas,

150 774 284 824 vulgus
302 774 448 811 divinas
469 781 590 810 vocat.
613 774 744 824 ltaque
757 774 834 822 jam
850 774 939 812 olim
961 775 1129 812 fortassis
1149 775 1384 826 Heraclitus,
1405 788 1506 817 certe
1520 782 1612 819 Plu-

152 838 303 876 tarchus
323 846 360 875 et
375 838 546 875 Clemens
562 851 675 888 supra
689 838 810 887 citati,
832 838 892 876 σὺν
907 841 972 891 θεῷ
992 841 1049 877 vel
1071 839 1124 877 διὰ
1143 840 1200 878 τὸν
1221 841 1294 879 Θεόν
1315 844 1494 882 cecinisse
1513 845 1612 883 illam

150 903 309 953 professi
330 910 430 940 sunt.
455 902 594 940 Eadem
623 903 803 940 Straboni
827 912 905 952 cst,
929 904 994 942 lib.
1016 904 1174 956 X1v,p.
1197 907 1290 953 645,
1313 908 1424 951 ἔνθους
1444 908 1502 947 καὶ
1523 926 1614 960 μαν-

147 965 225 1012 τικὴ
242 963 338 1016 γυνή.
360 965 523 1012 Plinius,
540 965 605 1004 lib.
627 967 715 1013 vti,
745 968 766 1016 §
789 967 835 1004 33
854 982 862 1004 τ
879 985 893 1001 «ι
909 968 1092 1005 Divinitas
1106 998 1116 1015 ,
1136 968 1278 1019 inquit,
1298 979 1334 1008 ct
1350 972 1521 1021 quaetlam
1543 987 1613 1011 cae-

149 1049 162 1062 ..
185 1030 289 1066 litum
309 1029 469 1066 societas
500 1029 734 1068 nobilissima
762 1044 809 1068 ex
838 1032 987 1069 seminis
1010 1033 1046 1069 iu
1069 1032 1213 1082 Sibylla
1236 1034 1320 1073 fuit.
1345 1052 1360 1067 υ
1391 1035 1465 1086 Ipsi
1493 1039 1613 1075 sancti

147 1096 278 1131 Patres
308 1093 480 1130 divinum
504 1094 911 1144 pleriqueinstinctum
948 1095 1005 1132 illi
1031 1096 1179 1133 seminae
1207 1108 1496 1146 concesserunt,
1529 1114 1613 1150 qua:

148 1167 220 1195 tam
244 1158 424 1208 praeclara
445 1158 492 1196 de
508 1158 660 1196 Christo
679 1159 881 1196 vaticinata
901 1167 1021 1209 esset,
1043 1172 1118 1210 qua
1136 1159 1183 1196 de
1199 1173 1240 1197 re
1261 1162 1368 1210 plura
1388 1176 1457 1200 nos
1474 1164 1512 1200 in
1529 1165 1608 1202 Ex-

144 1235 256 1258 cursu
275 1221 338 1259 lv.
363 1222 494 1271 anue
524 1230 596 1259 tam
623 1230 773 1271 recepta
795 1222 842 1260 de
862 1223 924 1259 illa
947 1223 1019 1260 fuit
1041 1224 1292 1273 existimatio,
1320 1234 1360 1262 ut
1380 1226 1554 1280 ἐνΟουσιᾷν
1574 1239 1610 1266 et

143 1285 373 1322 σιὸυλλαίνειν
403 1285 501 1322 idem
522 1283 610 1322 κατὰ
629 1286 790 1336 γλῶσσαν
819 1287 1063 1337 significasse,
1092 1301 1207 1338 supra
1227 1301 1246 1325 e
1270 1288 1443 1327 Diodoro
1468 1292 1609 1339 Siculo,

142 1349 210 1387 lib.
230 1349 289 1394 tv,
306 1355 326 1396 §
351 1351 420 1395 66,
436 1349 695 1389 didicerimus,

194 1415 318 1453 Unum
350 1414 538 1465 praecipue
571 1414 608 1451 in
629 1414 708 1465 ejus
727 1413 880 1465 Sibyllae
902 1415 979 1452 vita
1006 1414 1216 1452 notandum
1242 1425 1320 1461 est,
1352 1415 1469 1454 tribui
1498 1419 1532 1455 ei
1560 1417 1608 1455 ab

140 1478 284 1529 aliquot
303 1477 518 1515 auctoribus
535 1478 667 1529 organi
682 1477 880 1529 cujusdam
903 1478 1035 1516 musici
1055 1478 1336 1527 inventionem,
1357 1481 1464 1532 cujus
1487 1482 1607 1520 forma

140 1543 323 1593 triquetra
337 1571 347 1588 ,
366 1542 516 1580 cliordae
537 1553 716 1593 quatuor,
740 1556 878 1580 nomen
906 1542 1070 1594 σαμῧύκη
1092 1544 1173 1581 suit.
1197 1545 1390 1584 Disertum
1408 1555 1462 1584 est
1481 1547 1608 1585 Suidoe

142 1607 399 1644 testimonium
419 1621 428 1644 ε
449 1607 598 1656 Λέγεται
620 1605 655 1643 δὲ
677 1606 734 1644 καὶ
758 1607 924 1659 τρίγωνον
950 1600 1037 1649 εἶδος
1062 1605 1169 1657 λύρας
1196 1607 1302 1655 αὐτὴν
1322 1608 1463 1661 πρώτην
1486 1615 1606 1662 εὑρεῖν.

139 1671 213 1709 Sed
234 1685 303 1708 nec
322 1671 444 1708 minus
467 1670 650 1708 disertum
668 1679 706 1707 et
727 1670 845 1707 multo
866 1683 956 1708 sane
984 1670 1174 1720 antiquius
1195 1672 1391 1710 Scamonis
1418 1673 1466 1711 ab
1487 1675 1607 1712 Athe-

139 1747 221 1772 naeo
239 1734 367 1783 citati,
387 1735 456 1774 lib.
475 1735 572 1784 XtV,
591 1748 628 1784 p.
645 1735 718 1780 637
734 1763 743 1780 ‚
768 1734 854 1771 licet
870 1734 1004 1784 organi
1018 1734 1125 1771 istius
1145 1747 1220 1771 non
1240 1735 1512 1786 inventionem,
1539 1737 1604 1774 sed

140 1799 303 1849 primum
331 1811 441 1835 usum
476 1798 631 1848 Sibyllae
667 1796 831 1841 tribuat,
863 1797 1004 1834 omisso
1043 1797 1197 1848 quidem
1230 1797 1436 1849 Erythraeae
1462 1812 1603 1850 cogno-

139 1863 262 1911 mine,
282 1863 390 1900 facile
411 1871 532 1899 tamen
558 1860 804 1912 intelligendo
835 1875 842 1898 ι
874 1863 930 1912 Ἱῇ
951 1860 1115 1913 caneda-41
1138 1860 1278 1913 πρώτην
1305 1862 1388 1915 φησὶ
1407 1862 1604 1915 χρήσασθαι

139 1927 313 1966 Σίὸυλλαν
343 1925 494 1977 Σκάμων
519 1928 536 1964 ὁ
568 1925 834 1978 προειρημένος·
856 1925 1089 1975 ὀνομασθῆναι
1119 1926 1149 1963 δ’
1179 1925 1285 1972 αὐτὴν
1314 1928 1506 1979 εὑρεθεῖσαν
1539 1929 1604 1966 ὑπὸ

138 1989 324 2040 Edu-Cimo<
347 2004 448 2031 τινος.
474 1989 684 2039 Scripserat
703 1989 765 2026 ille
787 1989 943 2035 scanno,
963 1989 1083 2040 patria
1106 1989 1365 2038 Mitylenaeus,
1393 1991 1511 2028 aetatis
1544 1992 1602 2028 in-

138 2063 269 2100 certae,
303 2053 382 2105 περὶ
409 2054 635 2105 εὑρημάτων,
660 2052 832 2089 laudatus
852 2060 889 2089 et
913 2066 933 2090 a
953 2053 1148 2090 Clemente
1173 2053 1292 2100 Alex„
1310 2056 1448 2094 Strom.
1474 2054 1541 2095 lib.
1565 2057 1599 2103 l,

138 2131 178 2168 p.
203 2118 274 2161 364
289 2146 299 2163 ,
319 2117 377 2155 ed.
401 2118 472 2156 Ox.
500 2118 533 2154 ls
562 2115 747 2166 Σάμὸυχος
768 2116 980 2153 inventoris
996 2129 1151 2163 nomen,
1172 2130 1219 2176 an
1241 2131 1263 2154 a
1282 2131 1321 2155 se
1343 2118 1423 2168 ipso
1445 2121 1600 2170 excogi-

138 2183 433 2220 tatum?temere
448 2181 522 2218 huc
538 2180 698 2226 invexit3
712 2194 780 2218 nec
798 2181 869 2217 alia
887 2194 998 2218 eausa
1020 2180 1169 2218 videtur
1183 2181 1425 2233 ἐυτσαμῧύκη
1447 2184 1602 2234 sibylla}

135 2246 247 2284 alicui
268 2246 411 2284 tributa
431 2245 493 2293 sit,
505 2258 617 2295 quam
633 2243 823 2296 Σαμὸήθης
838 2257 974 2282 nomen
989 2245 1175 2283 Chaldaeae
1187 2245 1340 2296 Sibyllae
1355 2247 1596 2299 impositum,

133 2310 180 2348 de
192 2324 269 2360 quo
284 2310 369 2347 vide
384 2323 453 2348 nos
471 2310 581 2356 infra,
596 2322 678 2359 cap.
700 2309 756 2346 15.
774 2310 951 2347 Ceterum
965 2308 1066 2347 suba
1081 2319 1118 2347 et
1137 2310 1474 2361 Euphorion,ipso
1492 2314 1601 2351 Athe-

136 2388 217 2412 naeo
245 2383 349 2422 teste,
371 2375 476 2422 Syris
500 2383 565 2411 aut
592 2372 831 2412 Phoenicibus
858 2373 1026 2424 ejusdem
1051 2374 1142 2424 lyrae
1169 2375 1428 2414 inventionem
1455 2377 1598 2416 tribue-

136 2448 241 2485 rant3
260 2439 396 2490 aliquis
411 2436 640 2489 vero'lbyco
660 2448 780 2489 poetae
794 2468 804 2487 ‚
829 2439 929 2490 apud
948 2439 1102 2476 Suidam
1116 2468 1126 2486 ,
1148 2453 1185 2478 v.
1213 2439 1362 2483 Ἰὅυκος.
1381 2441 1598 2480 Rectissime

135 2503 301 2540 omnium
326 2502 484 2546 Strabo.
503 2502 566 2542 lib.
587 2503 640 2546 Χ,
664 2516 701 2553 p.
726 2509 795 2549 [471
812 2531 823 2549 ,
847 2501 1002 2540 barbari
1030 2503 1271 2541 instrumenti
1292 2503 1495 2542 barbarum
1516 2519 1598 2544 esse

137 2579 271 2604 nomen
293 2568 505 2617 profitetur.
529 2566 727 2617 Syriacum
752 2567 919 2617 Scaliger
945 2567 1133 2614 credidit,
1163 2578 1350 2606 annuente
1371 2570 1598 2608 Casaubono

136 2629 184 2667 ad
202 2630 396 2669 Strabonis
413 2632 556 2671 loc.cit.
578 2632 692 2670 Plura
706 2631 752 2669 de
763 2643 808 2668 eo
828 2645 973 2682 organo
990 2631 1092 2681 apud
1109 2632 1311 2683 Atlicn.,p.
1333 2635 1422 2679 633,
1444 2635 1542 2671 uude
1560 2644 1598 2672 et

136 2695 364 2733 chordarum
384 2709 565 2734 numerus
586 2696 758 2734 discitur.
779 2697 953 2734 Formam
973 2696 1091 2746 ipsius
1110 2697 1265 2747 antiqua
1285 2711 1398 2735 manu
1428 2699 1597 2736 caelatam

135 2760 321 2811 reperisse
341 2760 414 2798 sibi
441 2762 540 2798 visus
571 2769 652 2798 erat
677 2762 864 2811 Sponius‚
899 2762 1057 2800 Miscell.
1092 2775 1129 2812 p.
1163 2776 1205 2799 ai
1224 2793 1234 2810 ‚
1261 2764 1486 2814 iconemquc
1517 2765 1598 2815 ejus

133 2825 313 2875 protulit,
328 2838 458 2863 rursus
477 2838 691 2876 expressam
708 2839 727 2862 a
748 2826 949 2864 Perizonio
971 2826 1016 2864 ad
1032 2826 1181 2877 [Eli-an„
1204 2827 1255 2865 lib
1291 2829 1355 2874 ΙΙΙ,
1372 2842 1453 2879 cap.
1478 2830 1539 2867 32.
