1752 3495
620 222 926 268 EXCURSUS
961 225 996 268 Ι.
1079 270 1081 272 ,
1477 229 1530 273 91

136 326 173 364 lu
191 323 316 363 Africa
334 320 485 366 Lt‘brcoe
505 316 660 368 Sibyllae
675 317 831 367 vestigia
847 317 987 355 frustra
1004 331 1166 369 quaeras,
1185 335 1269 372 quae
1285 322 1334 361 ab
1356 323 1542 374 Euripide

82 392 118 429 in
146 388 307 439 quadam
331 383 456 422 sabula
483 391 624 420 temere
649 381 802 419 videtur
830 395 910 420 esse
933 383 1120 431 conficta,
1153 394 1313 436 propter
1344 387 1541 425 fortuitam

82 452 242 492 nominis
267 446 553 488 similitudinem
587 446 688 484 inter
728 445 894 485 Lamiam
917 444 1099 486 Afrorum
1122 448 1290 499 reginam
1317 458 1354 488 et
1373 451 1541 490 Lamiam

82 515 231 566 Sibyllae
248 514 414 552 Maliacae
433 523 498 548 seu
517 509 700 548 Lamiacae
716 518 888 549 matrem.

130 581 343 628 AEgyptiam
363 574 546 625 Sibyllam
579 574 826 613 Alexandrini
854 574 1109 625 grammatici,
1139 575 1177 612 in
1202 576 1344 614 civium
1365 579 1539 627 gratiam,

83 642 238 693 ingeniis
258 641 335 678 suis
354 638 600 678 extuderunt.

133 710 277 744 Persica
294 705 436 742 Graecis
457 703 638 750 innotuit,
659 703 862 742 Alexandri
880 703 1005 754 Magni
1021 705 1275 756 temporibus,
1297 718 1372 743 non
1390 706 1441 744 ob
1460 720 1542 754 suu,

82 771 143 810 sed
166 770 214 807 ob
248 767 444 818 supposita
468 766 640 817 quaedam
670 767 717 804 ab
746 767 993 806 adulantibus
1027 770 1180 807 oracula
1211 769 1258 807 de
1293 769 1543 808 Macedonum

82 835 266 880 adventu,
296 844 380 881 qua:
409 830 583 868 videlicet
604 831 658 868 illi
678 830 832 880 Sibyllae
847 859 858 876 ,
883 840 1059 882 tanquam
1080 833 1167 870 olim
1190 833 1227 870 in
1245 833 1403 872 Oriente
1422 835 1544 877 clarae.

85 900 169 937 licet
188 896 329 945 alioqui
349 909 504 946 prorsus
526 895 687 945 ignotae,
712 895 993 937 tribuebantur.

130 959 337 1008 Babylonia
367 972 430 996 seu
462 960 645 996 Chaldoea
675 973 750 996 non
778 959 848 995 alia
871 968 927 997 est
947 973 1061 1009 quam
1083 959 1246 997 Hebraea
1276 960 1354 998 sive
1383 963 1547 1007 ,luda-a,

81 1038 210 1075 nempe
236 1037 281 1060 ex
310 1023 474 1060 hominis
501 1024 654 1074 ingenio
673 1032 881 1074 prognata,
904 1025 969 1074 qui
991 1025 1158 1074 primns,
1177 1025 1336 1062 natione
1359 1025 1542 1072 Judaeus,

81 1089 269 1129 domicilio
284 1088 587 1135 Alexandrinus,
604 1089 812 1127 Ptolemaeo
835 1088 1088 1126 philometori
1104 1101 1261 1139 suppar,
1284 1089 1454 1127 secundo
1473 1089 1546 1141 igi-

81 1164 140 1192 tur
162 1162 247 1191 ante
266 1153 456 1191 Christum
482 1153 620 1190 saecnlo
636 1184 644 1198 ,
678 1151 1034 1202 pseudo-Sibyllina
1054 1161 1290 1190 commentus
1316 1162 1390 1198 est,
1415 1153 1546 1192 eadem

80 1233 160 1270 quae
184 1217 298 1255 hodie
318 1227 522 1268 supersunt
545 1218 581 1254 in
603 1217 876 1266 Sibyllinorum
896 1226 1113 1254 nostrorum
1141 1217 1239 1254 libro
1259 1218 1327 1257 ΙΙΙ.

128 1285 315 1331 Emopcea
342 1282 519 1332 denique,
538 1289 576 1319 et
593 1282 766 1331 Agrippa
785 1281 864 1318 sive
887 1281 1142 1331 quorumdam
1163 1283 1398 1333 Agrippina,
1428 1279 1549 1319 ambae

79 1347 155 1385 sine
180 1355 333 1383 auctore
353 1359 375 1383 a
395 1345 507 1383 medii
527 1345 596 1382 aevi
612 1345 823 1382 artificibus
848 1346 1045 1391 conlictae,
1076 1345 1182 1382 nullo
1212 1354 1300 1383 sunt
1326 1346 1364 1383 in
1387 1359 1548 1384 numero

82 1410 273 1449 habendae.

127 1476 219 1520 Qnae
248 1474 375 1511 omnia
404 1487 481 1524 quo
509 1474 657 1512 facilins
677 1487 698 1511 a
715 1473 929 1512 lectoribus
953 1475 1093 1511 uostris
1111 1475 1364 1522 recenseri,et
1389 1488 1435 1512 an
1458 1488 1549 1513 vere

78 1541 148 1577 sint
166 1539 285 1584 dicta,
307 1539 484 1589 cognosci
505 1539 670 1590 possint,
686 1538 900 1576 testimonia
918 1539 1000 1589 ipsa
1019 1539 1263 1589 antiquorum
1286 1539 1520 1590 scriptorum
1533 1567 1547 1590 ,

77 1605 139 1655 qui
158 1604 356 1655 speciatim
379 1603 427 1641 de
443 1603 676 1654 Sibyllarum
698 1615 857 1641 numero
878 1611 1060 1653 egerunt,
1079 1604 1116 1640 in
1137 1603 1250 1655 liujus
1267 1603 1458 1642 Excursus
1482 1617 1550 1652 ap-

78 1668 271 1718 peudicem
291 1681 499 1719 congerere
521 1676 786 1719 opportunum
805 1667 996 1706 ducimus.
