1752 3495
243 233 333 277 170
626 230 703 273 AD
736 228 1080 273 SlBYLLINOS
1113 228 1323 272 LIBROS

291 329 349 366 De
364 326 517 366 Marciis
540 324 723 364 fratribus
740 338 806 364 sen
824 325 872 363 de
887 325 1031 364 Marcio
1047 332 1152 369 vate,
1173 324 1284 374 plura
1297 330 1447 362 exstant
1464 323 1687 370 documenta.

238 392 535 431 celeberrimum
552 399 679 429 autem
700 390 745 429 T.
770 389 886 435 Livii,
911 388 980 428 lib.
999 387 1155 437 XXV,§
1182 401 1244 438 ια,
1266 387 1333 425 ubi
1353 387 1499 427 Punico
1522 388 1618 429 bello
1635 407 1686 434 se-

238 456 376 505 cundo,
391 463 476 507 post
491 454 601 493 Rom.
618 453 731 492 cond.
752 466 851 491 anno
871 465 980 489 nxzu
1010 451 1098 502 (ipsi
1134 451 1236 500 nu),
1264 459 1350 502 post
1368 451 1598 491 Cannensem
1624 459 1706 500 clm,

239 521 323 558 dem
343 528 498 571 quarto,
519 519 740 570 religionem
757 530 892 554 novam
914 515 1017 566 plebi
1037 516 1218 567 injectam
1244 524 1374 553 narrat
1404 529 1449 553 ex
1475 520 1688 560 carminibus

238 585 491 624 Marcianisz-
507 584 618 622 Vates
642 583 704 621 hic
724 581 887 621 Marcius
912 580 1071 618 illustris
1093 581 1239 628 suerat,
1261 588 1298 617 et
1323 593 1442 630 quum
1471 583 1686 632 conquisitio

239 667 253 682 ιι
274 649 402 699 priore
422 660 523 685 anno
543 660 592 684 ex
606 644 932 684 senatusconsulto
958 644 1088 681 talium
1112 643 1295 681 librorum
1316 643 1447 691 fieret,
1469 643 1507 680 in
1527 644 1578 683 M.
1596 648 1685 687 Atilii

238 731 253 746 ι
269 713 440 764 praetoris
457 711 605 761 urbani,
628 711 691 761 qui
717 722 799 748 eam
824 721 901 745 rem
922 707 1079 758 agebat,
1099 721 1231 745 manus
1248 714 1434 745 venerant
1454 722 1462 745 :
1483 708 1514 746 is
1530 710 1687 758 protinus

237 797 251 810 a
271 790 373 815 novo
390 776 544 828 praetori
566 775 678 815 Sullae
695 772 914 811 tradiderat.
930 772 987 809 Ex
1009 772 1123 823 hujus
1138 771 1270 810 Marcii
1290 770 1442 809 duobus
1460 773 1686 820 carminibus,
1711 769 1716 777 ’

237 859 251 874 ι
270 841 436 885 alterins,
463 848 549 891 post
577 853 653 877 rem
676 847 796 875 actam
821 837 936 883 editi,
957 849 1041 874 cum
1075 846 1156 874 rato
1178 835 1381 874 auctoritas
1404 845 1567 885 eventu,
1591 839 1684 880 alteri

240 922 254 936 ι·
270 916 436 954 quoque,
454 903 562 954 cujus
582 902 751 940 nondum
774 910 922 952 tempus
940 909 1109 948 venerat,
1123 899 1309 938 asserebat
1329 899 1454 938 fidem.
1470 900 1599 939 Priore
1616 916 1685 941 car-

239 985 253 999 ·
271 967 370 1004 mine
390 966 596 1004 Cannensis
616 965 796 1015 praedicta
817 964 943 1002 clades
967 964 1005 1001 in
1031 965 1110 1002 haec
1131 965 1208 1002 sere
1228 963 1344 1002 verba
1371 971 1452 1001 erat
1477 978 1484 1000 :
1514 981 1529 996 «
1546 966 1683 1005 Amnem

239 1050 254 1064 «ι
273 1030 491 1082 'l'rojugena
503 1030 671 1069 Cannam
688 1032 858 1068 Romane
876 1028 976 1079 fuge,
992 1041 1040 1065 ne
1061 1035 1097 1064 te
1117 1027 1337 1078 alienigenae
1356 1034 1495 1077 cogant
1516 1027 1553 1063 in
1569 1041 1686 1080 campo

240 1115 254 1128 ι
273 1095 466 1134 Diomedis
485 1108 686 1133 conserere
709 1107 853 1131 manus.
874 1093 948 1132 Sed
968 1105 1093 1144 neque
1112 1093 1243 1130 credes
1262 1102 1302 1130 tu
1322 1092 1434 1139 mihi,
1455 1092 1575 1129 donec
1593 1108 1682 1132 coni-

240 1180 254 1193 a
271 1160 384 1212 pleris
399 1159 583 1211 sanguine
603 1172 781 1209 campum
797 1184 808 1201 ,
829 1158 1023 1208 multaque
1043 1156 1159 1194 millia
1179 1156 1301 1194 occisa
1329 1165 1393 1194 tua
1419 1155 1566 1194 deferat
1583 1161 1685 1198 amnis

237 1244 251 1258 κ
276 1225 312 1262 in
341 1232 500 1275 pontum
521 1236 698 1274 magnum
719 1231 884 1260 exterra
912 1221 1091 1272 frugifera
1112 1236 1123 1267 ;
1148 1219 1316 1272 piscibus
1345 1228 1461 1270 atque
1490 1220 1620 1258 avibus
1640 1223 1684 1260 se-

238 1307 253 1321 ·-
272 1288 396 1338 risque
410 1301 494 1338 quae
514 1288 687 1325 incolunt
708 1296 848 1332 terras,
872 1287 918 1323 iis
936 1288 1017 1324 snat
1033 1299 1116 1324 esca
1136 1300 1225 1324 caro
1243 1294 1306 1323 tua
1325 1299 1333 1325 :
1355 1299 1440 1323 nam
1458 1286 1550 1323 mihi
1570 1285 1684 1325 itaJu-

239 1372 253 1385 κ
271 1353 369 1403 piter
388 1352 485 1389 fatus
502 1359 567 1389 est.
583 1369 599 1384 υ
622 1351 668 1389 Et
685 1351 882 1389 Diomedis
903 1351 1031 1402 Argivi
1047 1363 1201 1400 campos
1222 1359 1260 1388 et
1279 1350 1447 1389 Cannam
1469 1350 1618 1397 flumen,
1632 1353 1684 1401 qui

238 1435 252 1449 κ
271 1416 525 1453 militaverant
538 1415 575 1453 in
588 1415 633 1453 iis
647 1415 738 1452 locis
753 1415 881 1464 ,juxta
895 1423 1010 1465 atque
1022 1415 1140 1464 ipsam
1158 1414 1303 1452 cladem
1321 1413 1588 1464 agnoscebant.
1603 1415 1683 1452 'l'uni

238 1498 250 1511 ·
268 1480 427 1517 alterum
444 1492 595 1517 carmen
614 1479 811 1517 recitatum
827 1492 904 1516 non
922 1491 968 1516 eo
991 1486 1139 1516 tantum
1160 1478 1374 1524 obscurius,
1392 1478 1481 1528 quia
1502 1477 1684 1516 incertiora

238 1564 252 1576 ιι
271 1543 397 1581 sutura
430 1542 630 1594 praeteritis
668 1550 775 1586 snnt,
812 1542 878 1580 sed
907 1541 1128 1593 perplexius
1164 1542 1277 1579 etiam
1309 1541 1506 1591 scrIpturae
1541 1554 1682 1591 genere:

240 1625 253 1638 ι·
277 1608 447 1655 Hostem,
474 1607 657 1654 Romani,
685 1607 716 1645 si
741 1605 1098 1657 expellereivultis,
1131 1606 1395 1657 vomicamqne
1423 1619 1508 1656 quae
1536 1605 1682 1656 gentium

194 1718 196 1721 .
239 1689 253 1703 α
272 1672 372 1709 venit
387 1672 514 1722 longe,
535 1671 914 1723 Apollinivovendos
934 1683 1070 1709 censeo
1090 1670 1219 1718 ludos,
1240 1671 1306 1721 qui
1326 1670 1530 1721 quotannis
1548 1670 1687 1708 comiter

239 1754 252 1768 ιι
269 1735 437 1787 Apollini
466 1736 576 1782 fiant,
597 1749 715 1786 quum
743 1735 908 1787 populus
943 1734 1089 1773 dederit
1117 1747 1163 1772 ex
1192 1733 1347 1785 publico
1374 1742 1546 1784 partem,
1567 1734 1684 1783 privati

238 1820 252 1834 «ι
270 1802 322 1838 uti
342 1802 540 1840 conserant
570 1814 639 1852 pro
670 1814 709 1839 se
735 1802 900 1852 suisque.
928 1801 979 1839 Iis
1002 1800 1102 1838 ludis
1123 1800 1311 1838 faciundis
1332 1799 1484 1851 praeerit
1513 1807 1644 1849 praetor
1662 1799 1684 1836 is

239 1883 253 1897 e·
269 1865 333 1915 qui
352 1865 414 1916 jus
434 1867 580 1917 populo
599 1864 801 1918 plebeique
817 1864 923 1903 dabit
943 1878 1144 1903 summum.
1164 1864 1381 1903 Decemviri
1402 1877 1523 1914 graeco
1544 1864 1612 1901 ritu
1632 1864 1685 1899 lio-

239 1946 253 1961 n
272 1929 354 1967 stiis
375 1942 480 1967 sacra
501 1930 653 1967 saciant.
682 1932 772 1967 Haec
798 1929 829 1966 si
854 1938 957 1966 recte
978 1928 1121 1973 faxitis,
1141 1927 1356 1978 gaudebitis
1380 1941 1545 1978 semper,
1567 1929 1685 1977 fietque

239 2010 255 2025 ι
273 2006 332 2031 res
358 2002 482 2031 vestra
512 1993 774 2032 meliorznam
804 1993 835 2030 is
855 1992 966 2030 divus
994 1993 1210 2043 exstinguet
1231 1991 1445 2042 perduelles
1471 1999 1609 2028 vestros
1633 1990 1685 2039 qui

240 2074 255 2089 ι
273 2065 418 2095 vestros
437 2071 592 2109 campos
609 2066 770 2109 pascunt
787 2057 950 2108 placide.
969 2075 985 2090 υ
1005 2056 1064 2096 Ad
1079 2057 1116 2094 id
1137 2069 1288 2094 carmen
1309 2056 1589 2107 explanandum
1605 2054 1684 2091 diem

240 2139 256 2155 a
274 2136 391 2160 unum
412 2131 683 2173 sumpserunt:
704 2130 857 2173 postero
875 2121 936 2159 die
954 2120 1323 2159 senatusconsultum
1349 2120 1491 2158 sactum
1511 2127 1582 2166 est,
1601 2128 1684 2156 etc.»

240 2187 358 2239 Cujus
388 2188 618 2225 narrationis
640 2195 787 2238 partem
812 2186 1065 2238 posteriorem
1094 2198 1179 2223 cum
1207 2186 1327 2222 altero
1356 2185 1490 2223 Marcii
1524 2195 1685 2234 responso

228 2252 413 2303 -integro,
447 2252 604 2289 totidem
633 2265 741 2303 paene
770 2250 899 2288 verbis
922 2249 1092 2288 reddidit
1121 2248 1359 2295 Macrobius,
1393 2249 1550 2288 Saturn.
1583 2246 1683 2292 1ib.1‚

241 2329 324 2366 cap.
350 2330 409 2364 17,
427 2317 494 2355 sed
515 2316 717 2354 manifesto
737 2329 783 2353 ex
803 2316 923 2367 ipsius
942 2315 987 2353 T.
1007 2314 1106 2353 Livii
1132 2314 1226 2358 side,
1247 2313 1309 2351 cui
1328 2313 1424 2351 nihil
1445 2312 1533 2350 ideo
1559 2311 1611 2348 vel
1631 2323 1683 2361 pa-

243 2394 325 2418 rum
347 2382 452 2419 addit
481 2381 715 2433 grammatici
745 2382 964 2419 auctorita&
993 2380 1037 2418 Id
1066 2393 1184 2417 unum
1205 2379 1284 2417 sere
1311 2378 1358 2416 ab
1383 2391 1429 2416 eo
1451 2378 1588 2424 discas,
1607 2376 1683 2412 duos

243 2446 338 2483 vatis
358 2441 471 2496 hujus
484 2447 602 2484 libros
614 2476 624 2494 ,
640 2459 716 2484 non
739 2446 817 2484 duo
832 2455 976 2483 tantum
993 2445 1163 2493 oracula,
1180 2443 1449 2493 senatusjnssu
1467 2448 1684 2481 consecratos

243 2523 344 2557 esse,
362 2524 436 2561 qua
456 2513 502 2548 de
522 2524 562 2549 re
579 2511 722 2562 aliquid
738 2525 808 2548 nos
827 2511 942 2550 infra.

296 2578 535 2629 Pluresapud
550 2579 866 2616 latinosauct'ores
877 2577 1009 2616 Marcii
1024 2577 1202 2623 nominis,
1213 2585 1392 2626 tanquam
1409 2575 1590 2613 vaticiniis
1601 2571 1684 2612 clari,

243 2642 517 2691 meminerunt,
534 2644 598 2682 sed
623 2644 751 2694 paucis
770 2643 943 2694 plerique
971 2640 1122 2688 verbis;
1144 2649 1259 2691 atque
1281 2640 1373 2677 illud
1394 2639 1562 2690 inprimis
1576 2634 1683 2675 mirari

242 2706 341 2751 licet,
355 2706 458 2757 quod
477 2707 540 2744 alii
553 2720 638 2745 cnm
655 2707 762 2745 Livio
778 2715 816 2744 et
828 2706 1024 2745 Macrobio
1042 2705 1224 2744 Marcium
1240 2713 1365 2742 vatem
1379 2712 1558 2754 tanquam
1575 2713 1682 2744 unuin,

241 2771 306 2808 alii
324 2771 487 2809 Marcios
507 2771 641 2809 fratres
670 2779 848 2821 tanquam
871 2770 967 2808 duos
993 2778 1057 2807 ant
1073 2770 1200 2821 plures
1228 2776 1451 2806 memorent.
1482 2768 1574 2805 Cum
1594 2763 1682 2802 Livio

240 2836 430 2873 consentit
449 2835 615 2880 Plinius,
631 2835 679 2875 H.
703 2836 749 2874 N.
773 2835 839 2874 lib.
864 2835 952 2882 vll,
974 2838 993 2881 S
1018 2835 1092 2873 33:
1111 2833 1328 2871 «Divinitas
1348 2840 1385 2870 et
1405 2831 1575 2882 quaedam
1597 2828 1680 2866 creli-

240 2907 352 2937 ·tum
372 2900 531 2937 societas
552 2900 647 2937 snit.
707 2899 839 2950 ‚apud
865 2901 1052 2938 llomanos
1076 2899 1112 2936 in
1135 2898 1296 2936 Marcio.
1312 2915 1326 2932 ¹
1344 2896 1556 2944 Arnobius,
1577 2894 1636 2931 lib
1655 2892 1682 2933 l»
