1752 3495
626 233 708 277 At)
742 231 1059 278 EXCURSUM
1094 233 1168 278 tv.
1474 258 1482 268 ι
1533 233 1628 278 299
1666 273 1669 275 Α

164 335 305 374 minum
324 329 498 382 gravium
518 341 563 368 ac
578 325 792 381 prae'sertiin
807 328 1079 367 historicorum
1092 330 1195 369 curis
1211 329 1362 380 indigua
1381 340 1627 380 censeantur,

162 410 276 452 quum
303 395 350 434 ad
369 385 655 446 cognoscendos
676 393 871 432 hominum
892 401 1073 439 moreset
1095 393 1331 433 diversarum
1351 397 1518 447 partium
1538 396 1628 434 vul·

163 471 263 515 gatus
283 458 442 511 singulis
469 457 709 509 temporibus
728 457 931 509 opiniones
950 458 1159 509 plurimum
1191 458 1374 510 prodesse
1393 460 1553 511 possint.
1579 463 1628 499 Et

161 539 229 564 uos
256 524 426 576 ipsorum
446 522 725 573 Sibyllinorum
753 535 774 559 a
801 521 911 559 nobis
941 521 1136 559 editorum
1164 522 1399 573 praecipuum
1424 524 1525 562 huno
1547 537 1628 563 esse

163 592 340 635 fructum,
355 588 392 625 in
416 587 638 639 praefatione
657 586 704 624 ad
731 594 822 625 tom.
845 586 859 624 1
882 585 1055 636 alibique
1074 586 1303 626 monuimus.

212 656 336 695 Unum
363 653 521 704 insuper
545 651 851 696 observandum,
883 651 920 689 in
950 651 1018 689 illo
1046 664 1206 689 numero
1234 651 1531 703 prophetarum,
1562 653 1628 704 qui

162 720 280 760 medio
293 732 373 757 aevo
387 717 426 756 in
442 717 578 768 Anglia
597 716 688 755 clari
709 716 829 764 suere,
845 715 1012 767 primum
1030 715 1156 753 locum
1170 715 1344 767 Sibyllae,
1364 725 1405 754 ut
1425 729 1575 767 semper
1591 725 1628 755 et

161 785 311 835 ubique,
327 782 435 820 dari:
454 781 558 833 quod
576 780 730 832 quidem
750 780 944 831 praecipue
962 779 1208 818 tribuendum
1225 793 1306 818 esse
1322 789 1426 832 patet
1442 781 1630 819 Lactantii

161 860 195 889 et
215 847 415 899 Augustini
431 860 588 884 sununae
607 854 686 884 tum
704 845 941 884 venerationi
960 845 1062 896 apud
1081 858 1211 883 omnes
1231 845 1356 883 latinae
1373 845 1461 883 {idei
1483 854 1626 896 gentes,

160 911 298 959 Quidni
317 910 436 956 enim,
460 923 580 960 quum
606 910 665 946 isti
693 909 933 960 persuasioni
961 908 1185 959 suffragium
1218 921 1325 960 paene
1345 922 1453 946 suum
1471 909 1630 947 adderet

160 978 234 1027 ipsa
253 974 449 1012 catholica
470 973 638 1011 Romana
660 970 853 1028 Ecclesia?
871 973 1017 1024 quippe
1037 986 1122 1023 quae
1142 972 1180 1010 in
1201 973 1320 1010 sacris
1341 973 1418 1010 suis
1435 981 1549 1023 atque
1568 972 1630 1010 in-

161 1051 213 1078 ter
233 1037 404 1091 publicas
430 1050 563 1089 preces
592 1049 724 1075 versus
744 1036 937 1075 (lecantari
961 1037 1104 1074 sineret
1123 1036 1170 1074 ad
1191 1035 1424 1087 Sibyllarum
1455 1037 1630 1074 testimo·

158 1106 257 1142 nium
277 1111 407 1154 aperte
432 1109 710 1153 provocantes,
733 1101 865 1151 quales
886 1101 947 1138 isti
968 1100 1206 1138 canebantur
1224 1100 1262 1138 in
1290 1110 1421 1138 nostra
1441 1100 1630 1151 nobisque

158 1171 289 1207 dilecta
311 1166 559 1205 Ambianensi
590 1166 766 1213 ecclesia,
790 1165 852 1203 die
872 1165 1028 1203 Domini
1056 1165 1254 1214 natalitio,
1277 1178 1324 1203 ex
1350 1164 1494 1216 hymno
1521 1165 1587 1216 qui
1606 1179 1628 1204 a

157 1235 242 1272 ‹livo
262 1232 459 1272 Bernardo
477 1231 712 1283 compositus
729 1231 852 1269 fertur
873 1230 1032 1281 (Missal.
1049 1230 1226 1269 Ambian.
1248 1230 1312 1269 ed.
1330 1231 1464 1279 Paris„
1487 1231 1598 1283 ¹529)
1617 1244 1627 1270 ε

517 1296 557 1334 Si
575 1309 651 1333 non
668 1295 746 1333 suis
765 1294 916 1333 vatibus
930 1325 941 1342 ,

517 1361 657 1401 Credat
673 1362 733 1400 vel
755 1360 958 1413 gentilibus

516 1426 713 1477 Sibyllinis
734 1426 906 1464 versibus

567 1494 659 1530 {laec
680 1491 878 1543 praedicta.

202 1557 272 1596 Sed
293 1557 447 1609 gravius
470 1556 687 1608 clariusque
707 1556 964 1594 testimonium
986 1564 1064 1604 est,
1087 1554 1193 1607 quod
1213 1555 1356 1602 Romae,
1374 1564 1412 1594 et
1432 1569 1535 1594 nunc
1557 1570 1628 1609 per

157 1632 266 1661 totam
283 1624 363 1661 sere
382 1622 562 1667 Galliam,
582 1622 735 1659 canitur
750 1622 788 1659 in
809 1634 922 1672 prosu
942 1620 1095 1659 funebri
1113 1620 1308 1659 notissima
1327 1634 1337 1659 ε

516 1686 605 1725 Dies
625 1687 712 1733 irae,
733 1686 814 1724 dies
834 1685 898 1723 illa
914 1714 926 1736 ,

514 1751 646 1789 Solvet
667 1750 818 1788 saeclum
843 1750 879 1787 in
902 1748 1047 1792 favilla,

512 1817 626 1855 Teste
644 1816 766 1854 David
786 1829 872 1853 cum
893 1813 1052 1863 Sibylla.

156 1881 234 1928 Ubi,
252 1894 299 1919 ne
314 1880 416 1919 tertii
433 1893 564 1918 versus
583 1880 773 1918 sententia
791 1880 983 1917 doctiores
1001 1892 1111 1917 aures
1127 1878 1355 1925 offenderet,
1375 1878 1518 1930 placuit
1532 1879 1623 1917 otim

154 1946 335 1997 gallicano
354 1943 593 1984 emendatori
614 1958 685 1996 pro
708 1945 862 1994 vulgata
884 1944 1047 1981 lectione
1063 1943 1165 1981 hanc
1187 1956 1374 1995 reponere
1393 1958 1403 1981 ε

487 2011 490 2014 ’
511 2010 643 2049 Crucis
665 2008 888 2061 expandens
910 2007 1070 2054 vexilla,

155 2075 286 2113 rectius
303 2074 349 2113 ad
369 2087 521 2113 seusun}
539 2083 577 2112 et
597 2087 687 2112 saue
702 2073 932 2124 eleg-anitius,
956 2073 1082 2110 alieno
1107 2081 1230 2111 tamen
1251 2086 1271 2110 a
1291 2072 1540 2124 sequentibus
1554 2087 1623 2112 co-

156 2137 246 2182 lore,
265 2147 425 2176 accentu
449 2148 633 2188 praeterea
653 2137 690 2174 iu
712 2147 887 2187 quartam
911 2137 1038 2174 sedem
1065 2137 1249 2175 translato
1271 2146 1406 2177 contra
1424 2138 1525 2176 illius
1554 2137 1622 2176 aevi

157 2203 321 2241 metricas
353 2203 454 2254 leges
483 2211 598 2253 atque
632 2203 750 2253 ipsam
774 2201 907 2239 musici
933 2200 1103 2251 rhythmi
1132 2201 1406 2241 necessitatem.
1426 2203 1502 2241 Nec
1530 2214 1622 2240 vero

155 2268 330 2306 sententia
348 2268 429 2320 ipsa
451 2269 614 2316 majores
642 2277 794 2306 nostros
814 2268 975 2305 multum
996 2267 1196 2306 offendere
1224 2267 1382 2315 debuit,
1401 2278 1479 2306 tum
1501 2281 1619 2320 quum

156 2331 189 2368 in
210 2341 443 2371 mortuorum
464 2332 656 2382 exsequiis
674 2332 816 2383 ubique
844 2333 924 2370 sere
946 2330 1222 2370 decantabatur
1250 2332 1474 2371 acrostichis
1490 2331 1620 2384 Sibyl-

157 2397 242 2443 lina,
260 2397 374 2435 latine
393 2397 442 2435 ab
460 2397 673 2448 Augustino
688 2404 837 2435 servata
858 2409 867 2435 :

356 2463 499 2501 judieii
519 2463 686 2512 siguum,
709 2461 820 2499 tellus
838 2460 981 2499 sudore
1001 2460 1214 2512 madescet,

356 2528 387 2566 Ε
404 2527 497 2565 caeto
518 2540 584 2565 rex
600 2526 874 2574 adveniet.....‚

153 2597 186 2626 et
202 2598 336 2638 cetera,
355 2605 441 2642 quae
458 2600 497 2628 tu
516 2590 654 2629 videsis
671 2591 772 2629 inter
787 2599 938 2629 nostras
959 2590 1007 2628 ad
1021 2591 1207 2642 Sibyllina
1223 2606 1349 2631 curas.
1368 2593 1473 2631 lllius
1491 2598 1617 2632 autem

154 2654 284 2692 cantici
305 2669 411 2693 usum
436 2668 557 2707 usque
579 2655 626 2693 ad
647 2655 827 2693 saeculum
858 2656 937 2693 sere
954 2655 1143 2694 decimum
1169 2666 1347 2708 (pianum
1368 2659 1405 2695 in
1426 2658 1617 2709 plerisque

153 2716 272 2756 latinis
289 2721 457 2759 ecelesiis
476 2720 729 2772 permansisse
749 2727 920 2766 constat,
941 2718 1050 2770 cujus
1073 2721 1208 2759 ferales
1229 2722 1362 2760 modos
1382 2722 1494 2761 hodie
1518 2723 1619 2773 typis

153 2781 267 2821 editos
300 2784 485 2822 hahemus
516 2785 552 2822 iu
586 2784 726 2822 eximio
758 2784 1049 2822 Coussemakeri
1085 2785 1186 2823 libro
1213 2786 1292 2837 jam
1326 2787 1419 2825 alias
1451 2802 1472 2825 a
1504 2788 1616 2825 nobis
1655 2771 1661 2778 ι

154 2845 300 2885 laudato
319 2868 327 2888 :
348 2851 511 2887 Histoire
529 2851 574 2886 (le
593 2849 824 2886 l'Harmonie
839 2864 889 2885 au
908 2855 1153 2901 moyen-Age,
1176 2852 1313 2901 Paris„
1344 2852 1456 2891 1852.

201 2911 292 2956 Quis
309 2913 387 2964 jam
406 2915 566 2954 miretur
586 2913 814 2965 Sibyllarum
834 2914 976 2965 efligies
996 2915 1030 2952 iu
1050 2916 1222 2966 plurimis
1244 2916 1354 2955 medii
1374 2918 1441 2955 aevi
1469 2917 1618 2969 templis
1665 2969 1667 2971 ι
