1686 3500
138 241 234 287 406
522 242 600 287 AD
632 242 978 292 SIBYLLINOS
1011 243 1223 288 LIBROS

138 349 223 376 rum
243 336 515 377 retractatione
545 337 591 377 ad
612 352 724 379 usum
747 339 846 379 facta
868 353 933 379 seu
955 338 1120 392 judaicae
1141 350 1209 377 seu
1233 333 1452 376 christianae
1472 334 1613 387 juven-

137 401 247 451 tutis,
261 401 420 449 accidit,
441 402 480 441 id
496 403 602 454 quod
622 404 796 443 accidere
814 404 1092 456 propemodum
1113 415 1267 442 necesse
1282 410 1366 440 erat
1378 429 1389 448 ‚
1411 408 1452 439 ut
1466 399 1610 450 aliquid

109 470 117 478 ⁴
135 466 277 518 passim
298 475 523 516 novaretur,
545 458 612 507 s'eu
638 481 770 509 versus
790 477 854 508 aut
881 467 1112 507 hemistichii
1139 465 1346 520 supplendi
1375 477 1487 504 causa
1503 495 1513 514 ,
1543 476 1610 505 seu

133 531 344 584 purgandae
361 532 422 572 vel
449 533 700 585 explanandae
717 532 938 580 sententiae,
965 533 1045 572 sive
1066 533 1179 572 etiam
1208 531 1304 571 boni
1329 530 1490 582 alicujus
1512 543 1611 581 prae-

134 595 237 647 cepti
263 596 400 636 ceteris
426 597 678 641 admiscendi.
700 599 792 638 Inde
822 598 959 651 passim
985 598 1088 650 apud
1109 597 1357 649 Phocylidem
1378 596 1609 635 hodiernum

132 671 369 713 occurrunt,
387 663 453 702 sed
477 665 685 716 praesertim
704 663 775 703 sub
806 664 915 702 initia
932 663 1131 712 carminis,
1163 663 1266 702 iuter
1285 669 1437 701 centum
1464 660 1610 713 primos

133 738 286 778 versus,
308 741 407 780 quos
429 730 568 781 saepius
604 730 642 768 in
670 728 809 768 scholis
838 728 1000 767 dictatos
1028 742 1072 767 nc
1105 729 1284 768 recitatos
1315 727 1430 765 fuisse
1457 725 1609 772 credas,

131 792 262 843 spuria
275 793 450 845 quaedam
466 803 504 832 et
522 793 748 845 interpolata
767 793 902 846 procul
922 793 1060 842 dubio,
1077 793 1223 845 quippe
1239 805 1323 843 quae
1336 791 1462 830 statim
1484 790 1609 841 quivis

131 866 311 908 agnoscat
336 871 357 897 e
388 858 528 897 sanctis
556 857 763 908 scripturis
801 871 867 896 seu
899 859 1039 896 veteris
1070 871 1134 896 seu
1172 856 1264 895 novi
1294 855 1498 906 desumpta
1528 869 1607 894 esse

131 920 297 961 roederis.
316 923 346 961 E
371 922 488 961 veteri
509 931 566 961 est
586 922 674 967 hoc,
704 936 740 961 v.
761 924 784 959 8
805 936 813 960 :

289 984 429 1029 Ἀδίκως
449 985 499 1036 μὴ
519 991 614 1040 κρῖνε
632 984 842 1040 πρόσωπον,

129 1062 266 1102 nempe
281 1064 302 1089 e
319 1052 436 1092 PrOV.
455 1065 542 1103 cap.
560 1058 626 1100 24,
642 1065 682 1092 ν.
705 1054 754 1091 23
772 1064 782 1092 ε
803 1049 1074 1101 Ἐπιγινώσκειν
1087 1049 1276 1104 πρόσωπον
1296 1051 1332 1088 ἐν
1352 1049 1465 1101 κρίσει
1484 1048 1522 1088 οὗ
1541 1063 1606 1087 κα-

128 1111 202 1162 λόν,
223 1115 327 1165 quod
348 1123 473 1153 tamen
494 1116 607 1154 etiam
632 1115 670 1153 in
687 1128 790 1154 novo
810 1115 985 1155 recurrit.
1010 1115 1120 1163 ltem,
1141 1128 1183 1156 v.
1203 1128 1274 1153 10:

285 1180 489 1234 Μαρτυρίην
510 1182 619 1235 ψευδῆ
641 1180 797 1235 φεύγειν,
817 1196 854 1220 κ.
872 1196 903 1220 τ.
917 1182 968 1232 λ.,

129 1253 185 1283 est
198 1257 243 1284 ex
260 1245 342 1296 ipso
355 1245 540 1297 decalogo
559 1245 822 1298 desumptum.
840 1247 950 1290 Item,
968 1260 1003 1286 v.
1034 1259 1076 1294 ¹7
1100 1259 1108 1283 ι

494 1310 629 1351 ΜισΟὸν
649 1310 867 1363 μοχθήσαντι
885 1310 981 1349 δίδου
995 1340 1006 1358 ,

120 1383 357 1427 praeceptum
375 1383 433 1414 est
449 1376 762 1426 Deuteronomii‚
781 1389 864 1428 cap.
883 1382 946 1424 24,
967 1389 1004 1415 v.
1031 1381 1088 1420 ιι..
1105 1374 1289 1422 Quaedam
1312 1383 1453 1422 autem,
1469 1382 1507 1413 et
1527 1374 1605 1413 for-

124 1449 221 1480 tasse
240 1442 369 1493 plura,
386 1451 518 1494 aperte
537 1443 747 1482 christiana
767 1451 872 1490 sunt,
893 1451 936 1480 ut
957 1441 1053 1481 illud
1079 1440 1127 1480 de
1155 1441 1373 1493 virginitate
1395 1448 1431 1479 et
1449 1440 1607 1479 caritate

122 1503 264 1556 duplex
280 1505 318 1544 iu
340 1519 419 1544 uno
438 1519 548 1545 versu
568 1515 800 1559 praeceptum
814 1537 826 1556 ,
848 1506 1008 1557 Phocyl.
1029 1519 1066 1545 v.
1093 1497 1134 1543 ιί
1153 1520 1162 1544 =

279 1570 476 1624 Παρθενίην
496 1577 612 1625 τηρεῖν
626 1601 637 1620 ‚
657 1571 797 1623 ἀγάπην
812 1573 843 1611 δ’
860 1573 895 1610 ἐν
916 1571 1022 1610 παντὶ
1045 1570 1256 1625 φυλάσσειν,

125 1642 163 1673 et
178 1634 227 1674 de
239 1635 389 1687 judicio
406 1636 500 1685 Dei,
520 1637 679 1688 Phocyl.
700 1650 737 1677 v.
757 1651 780 1688 9
804 1651 813 1676 τ

279 1698 349 1739 Ἢν
365 1699 406 1738 σὺ
422 1702 539 1744 κακῶς
555 1702 701 1754 δικάσῃς
712 1730 722 1746 ,
744 1700 788 1749 σὲ,
797 1700 886 1744 Θεὸς
909 1699 1098 1752 μετέπειτα
1116 1699 1297 1749 δικάσσει,

119 1769 159 1801 et
177 1761 226 1801 de
244 1765 523 1803 resurrectione
544 1774 783 1804 mortuorum
796 1792 808 1811 ,
832 1763 943 1816 cujus
959 1764 1250 1816 exspectatione
1265 1763 1515 1803 confirmatur
1537 1764 1619 1808 der
1638 1787 1641 1789 ·

122 1825 204 1866 bita
218 1828 433 1880 sepulchris
452 1830 689 1882 reverentia,
709 1829 871 1881 Phocyl.
893 1842 928 1868 v.
946 1841 1013 1879 97,
1028 1841 1117 1880 sqq.
1137 1841 1147 1868 ε

279 1891 353 1931 Καὶ
368 1893 463 1945 τάχα
477 1893 506 1931 δ’
521 1894 561 1932 ἐκ
581 1893 683 1945 γαίης
703 1893 888 1945 ἐλπίζομεν
904 1893 937 1936 ἐς
952 1892 1036 1946 φάος
1053 1893 1164 1932 ἐλθεῖν

278 1958 423 2011 Λείψαν’
438 1957 706 2011 ἀποιχομένων,
719 1974 752 1997 κ.
773 1973 808 1998 τ.
830 1958 863 1997 λ.

122 2018 190 2059 ubi
211 2033 286 2060 vox
305 2021 387 2074 ipsa
404 2022 587 2073 ἐλπίζομεν
617 2022 863 2061 christianam
892 2021 1079 2073 originem
1108 2030 1244 2072 aperte
1269 2021 1484 2073 profitetur.
1520 2023 1600 2062 Alia

120 2093 209 2123 sunt
224 2086 519 2125 Alexandrinam
536 2087 614 2126 sive
631 2086 812 2125 biblicam
828 2085 1035 2124 dialectum
1048 2084 1273 2134 redolentia,
1292 2094 1333 2124 ut
1348 2085 1466 2126 Phoc.
1478 2099 1516 2128 v.
1539 2100 1597 2135 ¹7,

122 2148 172 2200 μὴ
189 2149 286 2188 θλῑὸε
303 2150 456 2199 πένητα,
473 2159 512 2190 et
531 2165 566 2189 v.
591 2164 654 2200 2¹,
673 2149 768 2189 ἔλεον
792 2149 959 2203 χρῄζοντι
977 2148 1180 2202 παράσχου,
1197 2162 1284 2201 quae
1297 2150 1472 2202 profecto
1487 2164 1598 2190 nemo

121 2226 235 2253 sanus
255 2215 417 2267 antiquo
443 2216 520 2254 vati
548 2216 809 2268 imputaverit.
829 2215 925 2262 Quae
951 2215 1078 2253 omnia
1100 2214 1253 2266 spuria,
1273 2215 1330 2253 nti
1345 2214 1424 2265 jam
1454 2217 1597 2255 monui-

121 2291 221 2330 mus,
240 2279 391 2319 fatenda
410 2290 520 2329 sunt3
539 2281 604 2320 sed
631 2280 858 2333 plerumque
880 2280 1007 2318 statim
1028 2288 1307 2332 agnoscuntur,
1334 2293 1421 2320 rara
1443 2280 1598 2332 insuper

120 2352 159 2382 et
174 2344 368 2384 veteribus
383 2346 532 2398 gnomis
551 2359 666 2398 parca
683 2359 798 2384 manu
817 2345 1067 2396 interspersa,
1085 2358 1230 2397 neque,
1256 2354 1298 2383 ut
1328 2344 1513 2394 diximus,
1537 2345 1593 2383 fa-

102 2428 105 2431 ·
121 2409 192 2447 cile
205 2409 320 2448 obvia
338 2411 438 2450 ultra
458 2419 612 2449 centum
631 2411 818 2462 primores
835 2423 977 2448 versus.
1004 2409 1118 2456 Quod
1134 2418 1260 2449 autem
1281 2409 1321 2448 in
1340 2410 1385 2448 iis
1410 2410 1593 2462 quaedam,

122 2473 199 2511 imo
224 2474 337 2525 plura
364 2475 572 2514 christiana
589 2483 696 2523 sunt,
718 2475 808 2513 inde
831 2482 912 2513 tuto
937 2474 1132 2526 colligitur
1152 2475 1356 2526 expurgati
1377 2475 1595 2527 Phocylidis

122 2536 329 2576 editionem
363 2540 422 2577 vel
451 2539 608 2578 omnino
637 2539 884 2578 christianam
913 2538 1044 2588 fuisse,
1063 2539 1124 2577 vel
1164 2539 1194 2577 si
1220 2537 1401 2591 judaica,
1432 2540 1550 2578 serius
1571 2552 1592 2576 a

122 2601 348 2641 Christianis
366 2612 628 2644 retractatam.
645 2604 703 2643 Ex
717 2603 777 2642 his
798 2602 977 2642 omnibus
991 2602 1275 2654 antiquioribus
1301 2603 1593 2642 recentioribus-

122 2679 215 2716 que,
241 2667 413 2718 profanis
428 2670 636 2720 sacrisque,
658 2668 878 2719 fragmentis
893 2680 1017 2706 novus
1036 2667 1098 2706 hic
1111 2696 1121 2716 ,
1141 2680 1256 2718 quem
1273 2681 1375 2707 nunc
1394 2668 1590 2716 habemus,

120 2739 268 2769 constat
289 2731 534 2783 Phocylides.

170 2795 254 2834 Non
273 2796 440 2847 priscum
467 2805 617 2844 autem,
640 2796 706 2834 sed
730 2808 897 2845 novum,
918 2795 957 2834 id
980 2804 1060 2843 est,
1088 2793 1318 2835 hodiernum
1343 2795 1588 2847 Phocylidem

120 2859 237 2898 fuisse
254 2860 459 2912 Sibyllistae
478 2871 609 2901 nostro
627 2861 679 2900 ob
696 2860 848 2912 oculos,
864 2875 982 2912 quum
1005 2862 1115 2912 plura
1133 2870 1360 2913 argumenta
1381 2870 1492 2911 sunt,
1511 2870 1587 2898 tum

122 2924 214 2963 illud
236 2927 450 2979 praecipue,
467 2928 584 2979 quod,
608 2928 694 2967 inde
716 2926 955 2979 potissimum
979 2926 1137 2979 incipiat
1152 2927 1381 2978 Sibyllinum
1402 2928 1588 2978 fragmen-
