1686 3500
159 161 252 207 370
375 146 378 151 ’
541 161 618 205 AD
651 161 996 208 SIBYLLINOS
1028 162 1238 207 manos

154 257 240 308 capi
263 268 399 309 posse,
427 256 640 296 accedimus
660 258 738 306 jam
766 258 814 297 ad
834 266 1001 297 nostram
1033 257 1237 308 aliquando
1269 257 1513 304 sententiam,
1546 259 1610 308 qui

155 321 267 368 hunc,
279 330 322 360 ut
340 321 509 373 priorem
522 321 642 369 iilum,
661 322 709 360 de
724 335 802 374 quo
818 335 946 373 supra,
963 322 1086 360 locum
1106 321 1153 360 ad
1168 321 1360 360 Romanos
1372 320 1610 360 referendum

150 398 232 425 esse
253 398 458 425 censemus.
485 386 630 425 Rursus
656 399 749 425 vero
774 385 1002 438 proferenda
1019 394 1108 423 sunt
1135 386 1216 437 ipsa
1236 385 1377 425 verba:

322 454 325 457 ’
357 450 460 497 Ἥξει
480 451 542 490 καί
557 452 634 491 ποτ’
656 450 779 489 ἄπυστ’
798 451 845 495 εἷς
860 450 1012 495 Ἀσσίδος
1027 449 1144 489 ὄλὸιον
1162 445 1263 497 οὖδας

356 515 458 570 Ἀνὴρ
474 514 672 570 πορφυρέην
687 513 806 561 λώπην
823 514 1014 565 ἐπιειμένος
1031 514 1158 567 ὤμοις,

354 580 510 635 Ἄγριος,
527 579 727 627 ἀλλοδίκης,
744 578 918 632 φλογόεις·
940 578 1057 632 ἤγειρε
1077 579 1144 633 γὰρ
1163 580 1264 624 αὐτὸν

355 644 494 699 Πρόσθε
515 642 676 696 κεραυνὸς
693 643 804 696 φῶτα.

146 708 218 748 nic
241 707 354 748 nobis
373 715 428 748 est
448 708 658 747 Hadrianus
681 707 719 745 in
741 707 869 745 Asiam
897 708 1112 759 trajiciens,
1132 707 1264 760 ibique
1285 708 1440 748 Judaeos
1467 722 1543 748 non
1571 709 1610 748 in

146 774 270 826 patria
287 781 452 822 tantum,
471 772 535 810 sed
556 772 593 810 in
615 771 741 810 multis
763 772 862 810 Asiae
883 772 1057 823 partibus
1077 773 1304 812 rebellantes
1323 774 1417 825 jugo
1434 773 1610 813 subditu-

144 851 226 891 rus,
249 851 326 878 non
347 837 428 876 sine
442 849 578 888 magno
599 835 794 888 sanguinis
813 835 988 884 effluvio,
1011 836 1112 875 unde
1129 837 1254 875 statim
1274 837 1454 876 additur:

612 900 728 939 Κακὸν
747 900 777 939 δ’
799 899 895 947 Ἀσίη
920 901 1018 952 ζυγὸν
1039 900 1106 946 ἕξει

353 966 472 1013 Πᾶσα,
491 962 599 1003 πολὺν
621 962 657 1003 δὲ
676 963 770 1017 χθὼν
793 963 910 1003 πίεται
928 964 1029 1018 φόνον
1048 964 1275 1019 ὀμὸρηθεῖσα.

144 1031 237 1071 Post
257 1038 380 1070 tamen
398 1030 581 1069 morietur
598 1029 662 1068 ille
678 1029 857 1082 princeps
873 1042 882 1069 ε

351 1094 456 1134 Ἀλλὰ
471 1094 531 1134 καὶ
547 1095 593 1139 ὣς
609 1094 796 1134 πανάϊστον
815 1094 937 1133 ἅπαντ’
953 1092 1067 1143 Ἀΐδης
1082 1093 1296 1148 θεραπεύσει.

145 1160 236 1213 Ejus
255 1168 378 1205 autem
398 1160 600 1212 posteritas
625 1159 819 1211 (adoptiva
844 1167 980 1211 nempe
999 1159 1295 1211 Antoninorum)
1321 1173 1342 1199 a
1364 1163 1385 1198 J
1391 1159 1584 1198 udaeorum
1597 1187 1608 1207 ,

141 1238 237 1276 quos
250 1224 408 1277 perdere
430 1224 569 1274 voluit,
579 1224 802 1275 posteritate
816 1223 1124 1275 pessumdabitur
1138 1224 1226 1275 (hoc
1240 1223 1315 1263 sibi
1334 1224 1442 1263 [inxit
1458 1224 1586 1277 poeta)
1599 1239 1607 1263 ι

351 1281 422 1328 ⁷5&st
439 1287 481 1335 δή
498 1303 562 1342 περ
579 1287 699 1340 γενεὴν
715 1287 814 1332 αὐτὸς
835 1287 926 1327 Οέλει
944 1288 1193 1337 ἐξαπολέσσαι,

348 1352 415 1392 Ἐκ
427 1355 497 1392 τῶν
517 1352 559 1401 δὴ
577 1354 695 1405 γενεῆς
712 1351 825 1391 κείνου
839 1352 936 1404 γένος
956 1352 1186 1398 ἐξαπολεῖται.
1388 1401 1390 1404 y

142 1418 294 1469 Quippe
312 1420 467 1469 stirpem
487 1417 589 1456 iilam
606 1416 844 1468 adoptivam,
861 1430 976 1468 quam
1000 1431 1115 1457 unam
1138 1427 1226 1470 post
1244 1431 1285 1456 se
1303 1417 1503 1469 reliquerit
1530 1419 1606 1457 Ha-

143 1482 321 1531 drianus,
1110 1484 1112 1487 ’

349 1545 466 1590 Ῥίζαν
485 1544 542 1584 ἴαν
560 1559 600 1597 γε
616 1544 747 1594 διδούς,

140 1625 222 1650 eam
241 1612 342 1650 Mars
363 1610 573 1658 homicida,
592 1610 632 1648 id
652 1619 734 1659 est,
762 1610 818 1649 vis
843 1623 1035 1650 armorum
1057 1608 1243 1648 resecabit
1263 1608 1454 1660 (veniente
1472 1621 1607 1661 nempe

141 1680 179 1716 et
195 1688 324 1714 rerum
340 1675 511 1727 potiente
529 1674 782 1726 Antichristo)
803 1691 813 1714 ι

769 1738 839 1779 “Ην
855 1737 916 1777 καὶ
932 1736 1031 1791 κόψει
1053 1736 1297 1791 Βροτολοιγός,

140 1804 255 1856 idque
273 1811 360 1856 post
373 1803 506 1842 decem
527 1815 694 1855 cornua,
715 1801 752 1841 id
774 1810 858 1850 est,
880 1802 1040 1841 totidem
1065 1802 1316 1853 imperatores
1335 1813 1356 1839 a
1374 1801 1606 1852 Vespasiano

138 1877 383 1920 numeratos,
411 1867 611 1906 habituros
638 1881 895 1907 successorem
918 1867 1051 1906 alienae
1078 1865 1207 1918 stirpis
1228 1864 1527 1905 Antichristum:

351 1933 419 1972 Ἐκ
434 1932 518 1972 δέκα
537 1931 578 1980 δὴ
598 1931 751 1985 κεράτων
763 1945 773 1956 ·
793 1930 888 1986 παρὰ
904 1930 940 1970 δὲ
955 1931 1059 1986 φυτὸν
1079 1930 1165 1970 ἄλλο
1181 1929 1335 1977 ποιήσει.

139 1999 236 2038 Tres
255 1998 354 2037 enim
374 1997 597 2046 Antoninos,
620 2005 768 2049 patrem
786 2005 824 2036 et
838 1997 948 2045 filios,
966 1997 1004 2035 in
1026 2005 1175 2035 mutuas
1192 1995 1314 2034 caedes
1334 1994 1600 2047 compulsurus

141 2073 197 2102 est
215 2062 491 2102 Antichristus:
1127 2100 1144 2116 ,-

350 2123 462 2175 Κόψει
479 2121 672 2177 πορφυρέης
689 2125 807 2175 γενεῆς
825 2125 993 2176 γενετῆρα
1012 2122 1198 2175 μαχητὴν,

350 2188 486 2232 Καύτὸς
503 2186 562 2242 ἀφ’
579 2189 661 2226 υἱῶν
671 2213 788 2226 .....
815 2191 970 2240 φθεῖται,

141 2262 255 2305 atque
269 2253 324 2292 ita
341 2266 459 2303 regno
474 2252 645 2304 potietur
668 2252 776 2290 heres
795 2251 858 2291 ine
877 2252 1022 2291 alienus
1040 2271 1049 2294 ι

351 2317 426 2357 Καὶ
440 2317 518 2356 τότε
534 2316 575 2364 δὴ
600 2315 865 2371 παραφυόμενον
884 2315 988 2370 κέρας
1007 2315 1114 2370 ἄρξει.

193 2381 341 2420 Horum
360 2381 533 2432 quaedam
549 2394 650 2420 nova
668 2390 706 2420 et
721 2382 873 2421 insolita
889 2382 1123 2421 videbuntur
1144 2382 1190 2421 iis
1205 2383 1271 2434 qui
1291 2382 1329 2421 in
1353 2382 1535 2435 Sibynina
1554 2381 1604 2419 le-

142 2446 268 2484 ctione
285 2445 457 2484 nondum
476 2446 568 2484 satis
595 2447 792 2486 exercitati
810 2455 910 2486 sunt.
928 2446 1003 2487 Sed
1021 2456 1057 2486 et
1073 2448 1151 2499 jam
1170 2448 1305 2498 partim
1325 2448 1550 2492 notavimus,
1569 2453 1604 2483 et

142 2499 291 2561 pienius
321 2510 361 2548 in
396 2511 569 2549 Excursu
597 2519 705 2549 sexto
728 2511 1073 2550 demonstrabimus
1086 2540 1097 2559 ,
1126 2512 1217 2550 tales
1241 2512 1372 2561 fuisse,
1401 2510 1602 2563 praesertim

143 2574 334 2612 Antonino
353 2575 423 2614 Pio
443 2585 638 2626 regnante,
662 2575 962 2615 Christianorum
982 2585 1019 2614 et
1037 2577 1060 2615 J
1066 2576 1258 2616 udaeorum
1285 2577 1333 2616 de
1359 2574 1602 2629 praesentibus

141 2651 185 2676 ac
210 2637 257 2675 de
273 2637 408 2676 suturis
430 2637 541 2677 rebus
560 2639 781 2691 opiniones3
804 2640 852 2678 ad
867 2653 961 2691 quas
979 2641 1171 2691 pertinere
1187 2640 1291 2678 hunc
1310 2640 1435 2679 locum
1452 2635 1602 2688 singulis

142 2715 244 2739 nunc
260 2700 434 2739 versibus
450 2702 664 2740 accuratius
684 2704 882 2754 perpensis
901 2704 1138 2755 arguendum
1158 2713 1229 2744 est.

192 2764 362 2807 Primum
383 2766 574 2804 Romanus
596 2765 804 2817 imperator
821 2767 965 2819 optime
983 2768 1201 2820 designatur
1219 2769 1294 2808 hoc.
1315 2780 1450 2807 versu:

352 2828 452 2881 Ἀνὴρ
471 2829 666 2882 πορφυρέην
685 2828 806 2877 λώπην
829 2831 1020 2882 ἐπιειμένος
1036 2830 1164 2882 ὤμοις,
