1686 3500
100 180 195 226 432
334 144 337 146 ’
481 178 559 222 ΑΙ)
593 177 942 224 sissYLmNos
971 176 1183 222 munos

149 278 260 316 Patet
274 275 356 314 haec
367 274 464 314 inter
474 287 514 313 se
529 276 768 326 comparanti
784 277 1024 326 Anonymum
1039 272 1088 310 ab
1104 271 1257 311 Justino
1273 285 1338 310 sua
1354 281 1563 313 mutuatum

96 351 178 378 esse
188 337 298 390 (quid
311 337 463 385 mirum,
476 350 594 388 quum
611 350 729 389 supra
744 337 915 389 quaedam
930 336 1042 375 etiam
1053 335 1100 373 de
1114 334 1297 373 Evandro
1313 343 1351 374 et
1365 336 1565 388 Lupercali

73 405 80 414 ‘
95 402 321 442 aClemente
337 401 596 439 Alexandrino
611 402 837 453 acceperit?)
850 400 1117 450 ;Sclioliastam
1132 412 1223 436 vero
1240 401 1432 450 Anonymi
1450 400 1565 440 verba

94 465 295 504 diffudisse
320 477 390 516 per
413 459 566 502 inutiles
593 465 744 516 periodi
764 464 946 515 longioris
968 462 1168 514 ambage33
1194 462 1373 501 Photium
1395 476 1417 501 a
1439 463 1563 503 Scho-

93 529 201 567 liasta
219 527 373 566 minime
395 526 632 574 discessisse;
651 526 804 566 Suidam
826 525 946 563 multo
963 526 1082 577 magis
1101 526 1138 562 in
1155 524 1288 567 iisdem
1304 525 1564 566 exscribendis

80 593 284 646 'prolixum
303 604 348 629 ac
369 590 649 628 redundantem
672 590 798 627 fuisse.

142 657 218 696 Sed
236 665 279 696 ut
294 655 342 694 ad
363 655 606 694 Lactantiana
623 654 842 704 redeamus,
867 666 889 692 a
910 652 1053 704 quibus
1071 651 1224 704 longius
1243 653 1401 705 vestigia
1421 654 1565 694 Justini

90 734 159 760 nos
181 720 442 770 abduxerunt,
461 720 490 759 si
513 721 599 773 quis
615 720 739 759 adhue
758 718 922 766 dubitat,
944 732 1033 757 vere
1052 722 1296 770 Anonymum
1317 720 1463 772 ipsum,
1486 734 1562 759 non

89 785 339 826 Scholiastam
359 798 380 824 e
399 785 598 824 Lactantio
623 784 826 835 sumpsisse
845 798 929 835 quae
957 783 1004 822 de
1020 784 1152 822 decem
1178 783 1332 836 sibyllis
1352 784 1481 833 habet,
1507 788 1564 824 in-

89 859 244 890 tueatur
263 851 420 889 velimus
437 863 522 901 quae
543 849 668 888 statim
696 857 785 900 post
811 849 894 900 ipsa
914 849 1094 901 leguntur
1110 849 1149 887 in
1177 862 1297 900 graeca
1322 851 1562 901 praefatione,

88 920 110 963 s
131 916 152 954 3
171 929 182 954 t
206 914 304 956 Φασὶ
326 913 361 952 δὲ
384 915 431 959 ὡς
453 917 475 961 ἡ
497 913 642 964 Κυμαία
658 913 755 952 ἐννέα
775 913 892 966 βιὸλία
907 943 918 961 ,
932 929 967 952 κ.
983 929 1016 952 τ.
1039 915 1072 952 λ.
1090 915 1175 966 ipsa
1197 923 1252 953 est
1274 915 1461 954 Lactantii
1478 929 1564 954 nar·

88 981 208 1028 ratio,
228 988 373 1017 tantum
405 979 489 1017 loco
506 986 670 1024 mutata,
687 991 801 1029 quam
823 978 1031 1029 scriptores
1050 977 1164 1016 ambo
1187 978 1331 1029 pariter
1354 979 1402 1018 ad
1423 980 1563 1019 Cuma-

87 1058 173 1084 nam
191 1043 371 1095 Sibyllam
387 1043 622 1090 retulerunt,
644 1042 855 1094 Tarquinio
880 1042 999 1081 libros
1026 1043 1286 1096 suos-venales
1315 1044 1562 1092 offerentem,

86 1111 151 1148 vix
170 1117 314 1147 mutato
335 1106 540 1146 verborum
561 1107 717 1155 ordine,
736 1115 882 1145 servata
901 1108 1014 1145 etiarn
1035 1107 1323 1159 Philippeomm
1344 1109 1560 1156 mentione,

84 1187 200 1226 quum
220 1172 313 1211 nihil
327 1172 375 1210 de
397 1179 478 1209 toto
498 1171 563 1209 illo
582 1171 736 1222 negotio
756 1170 859 1222 apud
877 1171 1127 1210 Scholiastam
1146 1170 1183 1210 et
1198 1171 1378 1210 Photium
1396 1172 1558 1221 legatur.

83 1237 232 1277 Deinde
252 1236 365 1274 unius
380 1235 559 1274 Cumanae
575 1235 754 1273 vaticinia
770 1249 792 1274 a
814 1235 993 1274 Romanis
1020 1236 1147 1274 occuli
1178 1235 1292 1274 docet
1317 1237 1559 1287 Anonymus,

84 1315 213 1340 rursus
228 1300 277 1339 ad
294 1299 481 1339 Lactantii
503 1307 680 1338 mentem.
701 1298 850 1337 Deinde
871 1299 1084 1350 Erythraeae
1112 1300 1226 1338 unius
1247 1299 1366 1338 libros
1392 1301 1559 1352 ascripto

82 1364 163 1416 ejus
180 1364 334 1402 nomine
352 1362 539 1416 dignosci,
556 1371 702 1401 ceteros
719 1363 901 1401 confusos
914 1371 1028 1414 atque
1044 1363 1272 1402 indiscretos
1289 1377 1467 1411 manere;
1485 1365 1559 1403 lioc

82 1442 212 1468 rursus
231 1442 251 1468 e
272 1428 482 1467 Lactantio.
505 1428 638 1467 Statim
659 1441 769 1479 vero,
792 1428 814 1478 S
839 1433 874 1475 4,
897 1428 1018 1480 ipsius
1048 1428 1228 1467 Lactantii
1254 1428 1385 1467 landes
1403 1428 1560 1468 inchoat

81 1492 274 1546 Φιρμιανὸς
302 1491 435 1539 τοίνυν,
461 1506 494 1530 κ.
522 1506 554 1530 τ.
570 1491 633 1542 λ.,
665 1499 780 1542 atque
805 1505 853 1529 ex
878 1491 979 1530 illius
999 1492 1152 1544 scri-ptis
1171 1491 1290 1531 verba
1319 1492 1515 1544 quaedain‚
1537 1507 1556 1531 e

80 1557 208 1595 latinis
223 1568 345 1608 graece
369 1567 502 1594 versa:
523 1553 647 1606 Ἡμεῖς
672 1549 730 1594 οὖν
747 1556 786 1594 ἐκ
800 1557 869 1594 τῶν
890 1555 1126 1606 κομισῡέντων
1141 1585 1151 1604 ,
1175 1572 1207 1595 κ.
1229 1572 1260 1596 τ.
1282 1557 1337 1604 λ.,
1356 1565 1394 1595 et
1413 1565 1555 1607 septem

78 1634 210 1660 versus
225 1619 432 1671 Sibyllinos
452 1619 568 1658 refert
588 1633 609 1658 a
633 1620 835 1658 Lactantio
853 1633 975 1672 graece
994 1620 1168 1659 laudatos
1190 1636 1199 1659 :
1217 1614 1279 1664 Εἷς
1296 1621 1398 1673 Θεός,
1417 1636 1451 1659 κ.
1466 1637 1499 1661 τ.
1517 1621 1553 1660 λ.

77 1687 212 1727 Nonne
237 1686 298 1725 his
323 1684 502 1723 omnibus
540 1685 664 1736 palam
693 1686 734 1722 iit
765 1686 970 1736 Anonymo
991 1686 1133 1725 Nostro
1160 1685 1275 1724 fuisse
1305 1685 1555 1724 Lactantiana

76 1749 129 1788 ob
147 1749 305 1788 oculos?
325 1748 470 1795 Quidni
489 1756 532 1787 et:>
546 1748 636 1786 illud
658 1748 705 1788 de
726 1749 857 1789 decem
876 1749 1034 1801 Sibyllis
1056 1751 1336 1801 fragmentum?
1357 1753 1416 1790 An
1436 1763 1553 1802 quum

75 1814 314 1854 Lactantium
334 1814 456 1865 ipsum
474 1813 513 1851 in
535 1813 670 1852 ceteris
689 1823 929 1866 sequeretur,
949 1814 1198 1866 interpretem
1223 1816 1414 1854 Lactantii
1429 1816 1552 1855 Scho-

75 1879 224 1918 liastam
240 1879 280 1917 in
293 1878 467 1930 catalogo
483 1886 628 1916 tantum
644 1877 871 1917 advocavit?
887 1884 942 1918 An
961 1880 991 1918 si
1008 1880 1257 1918 Scholiastam
1273 1890 1427 1919 secutus
1443 1890 1554 1929 esset,

76 1943 177 1982 felici
200 1943 329 1994 aliquo
350 1956 437 1981 casu
459 1942 512 1980 ita
532 1942 613 1993 ejus
633 1942 748 1981 verba
767 1943 806 1981 in
827 1943 1099 1995 compendium
1118 1943 1338 1995 redegisset,
1356 1945 1553 1984 utinscius

40 2031 44 2035 ·
75 2017 190 2059 atque
204 2006 429 2059 imprudens
444 2007 483 2045 in
503 2007 605 2059 ipsas
629 2007 813 2046 Lactantii
833 2021 963 2059 voces,
982 2021 1059 2046 non
1080 2008 1196 2050 semel
1218 2017 1284 2046 aut
1302 2009 1463 2057 alicubi,
1485 2010 1550 2048 sed

74 2084 224 2123 semper
242 2079 281 2109 et
306 2069 450 2122 ubique
463 2070 676 2109 incideret?
695 2072 776 2110 lmo
795 2072 886 2123 quid
906 2072 1018 2123 juvat
1039 2080 1182 2123 apertae
1200 2072 1268 2120 rei,
1289 2071 1462 2125 jamque,
1479 2075 1550 2112 nisi

74 2136 253 2184 fallimur,
269 2143 375 2173 extra
394 2135 693 2174 controversiam
710 2136 854 2187 positae,
872 2136 1015 2175 diutius
1034 2136 1230 2174 immorari
1245 2138 1262 2174 i>

126 2199 370 2240 Lactantiana
390 2199 505 2251 igitur
533 2199 680 2250 legebat
704 2202 929 2252 Anonymus
958 2201 1062 2252 ipse,
1081 2201 1162 2252 ipse
1192 2201 1546 2252 interpretabatur3

72 2274 247 2317 eratque,
267 2273 310 2303 ut
325 2264 507 2314 diximus,
528 2265 669 2305 Photio
692 2266 874 2313 anterior,
890 2266 983 2304 noni
1006 2266 1132 2304 saeculi
1150 2265 1359 2317 scriptore3
1379 2266 1456 2305 imo
1476 2279 1548 2305 an-

74 2330 190 2369 terior
218 2329 448 2380 Scholiasta,
480 2330 547 2382 qui
578 2329 719 2370 Photio
752 2331 973 2383 praeiverat3
1001 2338 1040 2369 et
1072 2339 1151 2369 tum
1185 2339 1369 2382 praeterea
1398 2331 1548 2370 vivebat

72 2394 219 2441 Noster,
250 2407 368 2445 quum
392 2393 518 2432 adhuc
543 2407 693 2446 pagana
720 2395 940 2446 superstitio
974 2395 1146 2434 nondum
1174 2408 1334 2447 prorsus
1365 2407 1386 2433 e
1419 2395 1546 2435 medio

71 2456 219 2495 sublata
240 2466 350 2499 esset.
371 2459 428 2497 An
448 2472 526 2497 non
545 2458 626 2497 haec
640 2459 768 2498 omnia
785 2459 929 2511 optime
949 2458 1114 2506 cadunt,
1138 2459 1192 2497 uti
1211 2459 1356 2509 jamdiu
1377 2473 1543 2510 praesen-

70 2534 262 2570 seramus,
281 2522 318 2560 in
342 2531 490 2561 sextum
516 2524 716 2571 saeculum,
749 2533 864 2575 atque
896 2524 936 2562 in
968 2524 1051 2575 ipsa
1072 2524 1310 2575 potissimum
1338 2525 1544 2563 Justiniani

69 2593 263 2637 tempora,
289 2586 429 2636 quibus
454 2595 491 2625 et
516 2587 640 2626 adhuc
659 2588 882 2639 gentilitatis
908 2588 1066 2639 vestigia
1089 2597 1338 2639 supererant,
1359 2598 1398 2628 et
1421 2589 1543 2630 Graeci

68 2649 268 2700 Byzantini
300 2649 426 2688 latinis
460 2650 580 2688 literis
606 2651 804 2702 indulgere
837 2661 971 2690 contra
1000 2664 1145 2689 morem
1179 2665 1288 2690 suum
1326 2662 1541 2704 coeperant‚

67 2713 275 2764 praesertim
297 2721 518 2764 recuperata
536 2713 642 2752 ltalia
658 2726 867 2766 rursusque
888 2716 1122 2754 coalescente
1143 2725 1272 2754 vetere
1289 2716 1452 2768 imperio
1469 2717 1542 2755 Ro-

67 2789 201 2825 mano;
223 2786 304 2815 tum
323 2790 440 2828 quum
463 2777 666 2817 Pandectae
690 2787 726 2817 et
748 2779 924 2818 instituta
943 2780 981 2817 in
1003 2779 1163 2818 sormam
1186 2779 1410 2820 hodiernam
1432 2781 1540 2819 redi-

65 2841 272 2893 gebantur;
291 2850 368 2880 tum
381 2854 498 2892 quum
517 2841 644 2892 Lydus
661 2843 708 2882 de
724 2843 1012 2896 Magistratibus
1027 2845 1204 2884 Romanis
1221 2858 1264 2883 ae
1281 2845 1329 2884 de
1348 2845 1538 2886 Mensibus
