1752 3495
527 189 542 209 ¹
627 187 941 232 EXGURSUS
977 187 1044 232 14·
1110 195 1143 208 ”
1493 192 1553 234 49

96 294 222 333 villam
243 290 391 338 habuit,
413 289 526 337 inque
542 298 586 323 ea
607 285 787 324 sacellum
808 283 1003 335 quoddam
1032 275 1196 335 platanis
1219 287 1393 325 'obsitum
1410 316 1420 334 ‚
1452 287 1555 338 quod

96 359 177 408 ipse
194 354 432 394 Amaltheum
451 349 579 386 vocari
599 349 756 395 solebat,
776 356 813 385 et
829 348 967 386 Cicero
986 347 1033 385 ad
1060 349 1161 386 illam
1181 351 1308 387 villam
1329 350 1560 403 respiciens,

96 423 143 458 de
161 419 274 469 chg.
295 419 343 464 11,
360 420 378 463 §
395 417 414 452 3
436 426 445 452 τ
469 431 483 446 «ι
497 413 597 451 Cave
621 421 731 463 putes
745 412 870 451 Attici·
884 412 1002 450 nostri
1021 412 1220 456 Amaltheo
1239 413 1474 466 platanisque
1489 416 1560 453 illis

96 483 335 534 «quidquam
360 490 441 516 csse
473 477 704 527 praeclarius.
723 494 736 507 ι»
764 476 804 514 ln
835 476 901 512 illo
922 476 1060 514 sacello
1092 476 1334 514 simulacrum
1367 479 1562 518 colebatur

96 548 301 588 Amaltheae
322 553 500 592 tanquam
522 541 625 586 dere,
654 543 754 577 unde
779 539 856 578 Cic.
878 539 926 577 ad
953 542 1044 589 Au„
1071 538 1139 579 lib.
1160 540 1197 587 l,
1219 541 1329 591 epist.
1356 542 1426 581 13:
1448 560 1462 577 α
1481 545 1563 595 Ego

96 632 111 646 «ι
141 612 239 650 enim
261 619 296 648 te
323 606 510 656 arbitror,
535 605 640 643 caesis
663 604 765 655 apud
783 604 1020 642 Amaltheam
1049 612 1150 642 tuam
1169 605 1348 653 victimis,
1364 618 1446 644 esse
1467 621 1563 658 pro-

95 695 110 710 «2
141 677 290 714 sectum,
308 690 323 705 υ
347 673 463 710 Juxta
485 670 635 707 videtur
654 670 768 706 fuisse
787 669 1023 719 gymnasium
1044 682 1109 706 seu
1129 682 1313 716 museum,
1338 671 1451 708 multa
1473 686 1563 710 cura

95 740 297 788 multisque
320 735 500 786 impensis
524 733 572 771 ab
597 734 724 772 Attico
744 742 1003 782 exstructum,
1022 734 1059 770 in
1079 747 1155 783 quo
1177 734 1344 771 virorum
1372 736 1562 774 clarorum

95 804 274 853 imagines
305 799 502 850 ponendas
533 806 735 836 curaverat
766 811 851 835 cum
875 799 1161 848 epigrammatis
1185 798 1223 836 in
1247 812 1380 836 eorum
1410 799 1562 838 laudem

93 863 334 915 compositis,
353 863 402 900 ad
433 865 512 900 Att.
532 861 597 899 lib.
621 863 648 908 1,
671 875 734 911 ep.
768 863 825 906 16,
854 869 956 899 extr.
978 860 1095 910 Cujus
1124 861 1196 898 loci
1216 861 1470 911 descriptione
1491 862 1554 899 ad—

94 929 247 968 modum
263 927 473 965 delectatus
493 926 639 972 Cicero,
654 924 775 962 simile
795 924 941 974 aliquid
958 924 995 960 in
1019 924 1194 975 Arpinati
1211 938 1280 962 suo
1301 925 1454 962 molitus
1469 935 1563 971 erat,

93 994 185 1032 ibid.
215 991 357 1029 Confer
384 999 421 1029 et
453 989 519 1028 lib.
548 990 608 1036 11,
636 990 749 1039 epist.
778 1002 791 1025 1
827 1003 834 1025 :
864 1006 879 1021 «
903 988 1104 1025 Amalthea
1128 1001 1211 1026 mea
1238 997 1273 1026 te
1301 997 1497 1039 exspectat
1528 998 1565 1027 et

94 1078 109 1091 a
127 1057 267 1107 indiget
285 1056 354 1094 tui.
376 1073 392 1088 v»
411 1056 536 1104 Atque
561 1054 704 1090 utinam
729 1066 830 1090 nunc
851 1052 1078 1090 haberemus
1102 1066 1146 1089 ea
1166 1067 1251 1103 quae
1269 1053 1328 1090 vir
1344 1066 1512 1091 summus
1526 1054 1563 1092 in

94 1122 201 1174 epist.
224 1133 338 1171 supra
357 1120 443 1169 cit.,
466 1120 505 1164 l,
531 1119 599 1162 16,
635 1117 683 1155 ab
713 1117 835 1155 amico
862 1116 1098 1168 efflagitabat
1121 1131 1129 1157 :
1151 1136 1166 1151 u
1188 1118 1307 1156 Velim
1329 1118 1376 1156 ad
1397 1132 1458 1156 me
1477 1120 1567 1157 scri-

94 1205 108 1221 «
127 1188 213 1233 bas,
243 1185 351 1236 cujus
371 1185 471 1222 modi
502 1184 549 1221 sit
569 1183 775 1234 Ἀμαλθεῖον
796 1191 926 1231 tuum,
944 1196 1022 1233 quo
1042 1191 1203 1233 ornatu,
1234 1197 1307 1233 qua
1330 1182 1533 1236 τοποθεσίᾳ,
1552 1203 1566 1217 υ

95 1251 300 1303 praesertim
324 1263 413 1287 vero
435 1248 528 1286 illud
548 1248 652 1298 quod
675 1247 781 1285 addit
800 1260 809 1286 :
834 1265 848 1281 «
866 1249 911 1287 Et
930 1260 1015 1298 quae
1036 1256 1236 1298 poemata,
1259 1261 1430 1299 quasque
1455 1248 1569 1286 histo-

93 1318 165 1354 rias
184 1315 231 1352 dc
251 1313 436 1366 Ἀμαλθείᾳ
463 1312 579 1350 habes
594 1341 604 1358 ,
628 1311 673 1349 ad
699 1325 757 1350 mc
782 1311 954 1349 mittas.»
979 1312 1032 1349 lta
1055 1313 1154 1348 onim
1175 1311 1348 1362 profecto
1371 1313 1568 1361 sciremus,

93 1394 176 1431 quae
199 1379 245 1417 dc
260 1379 323 1416 illa
343 1377 520 1428 Nympha
540 1376 696 1414 fuissent
717 1376 922 1426 Epiroticae
944 1375 1180 1415 traditiones.
1207 1377 1315 1415 Nunc
1342 1377 1569 1427 conjecturis

95 1453 238 1482 tantum
261 1444 366 1481 locus
386 1450 453 1481 cst.
469 1442 542 1481 Sed
565 1441 678 1478 fuisse
699 1440 802 1479 illam
821 1454 892 1492 pro
916 1449 1004 1479 vatc
1028 1450 1064 1478 et
1086 1439 1229 1492 Sibylla
1253 1441 1441 1491 habitam,
1459 1442 1568 1480 facile

67 1553 75 1560 .
93 1509 308 1555 credimus,
340 1508 397 1545 vcl
421 1507 509 1544 idco
536 1505 638 1556 quod
667 1505 748 1553 ejus
780 1517 919 1542 nomen
953 1505 1178 1542 translatum
1209 1505 1256 1543 ad
1284 1505 1374 1543 alias
1403 1504 1567 1556 sibyllas

93 1573 278 1620 videmus,
299 1580 355 1618 ut,
379 1570 483 1621 quod
503 1570 675 1617 mireris,
702 1568 749 1606 ad
776 1569 984 1607 Cumanam
1010 1570 1210 1620 'l'arquinii
1225 1569 1407 1620 Sibyllam
1431 1584 1450 1608 a
1472 1572 1566 1609 Var-

94 1650 186 1674 rone
212 1635 313 1686 apud
333 1635 451 1680 Lact.,
469 1632 535 1670 lib.
557 1634 598 1679 l,
615 1644 701 1682 cap.
726 1634 747 1668 6
765 1659 775 1678 ‚
792 1641 891 1669 etex
912 1632 1097 1670 Varronis
1116 1632 1218 1670 haud
1239 1632 1355 1670 dubie
1377 1633 1449 1671 tide
1464 1647 1486 1671 a
1501 1633 1566 1671 Ti-

93 1702 215 1750 bullo,
246 1700 312 1739 lib.
342 1701 388 1746 11,
415 1700 514 1748 eleg.
548 1700 582 1745 5,
606 1699 699 1736 locis
720 1698 800 1748 jam
823 1698 1005 1746 laudatis,
1038 1699 1086 1736 de
1117 1700 1258 1749 quibus
1284 1700 1426 1750 aliquid
1451 1700 1564 1738 etiam

95 1769 206 1815 infra,
225 1779 312 1817 cap.
340 1779 377 1814 9.
1145 1754 1149 1759 ¹
1549 1768 1555 1774 ’

182 2022 284 2061 CAP.
303 2020 387 2059 vn.
415 2021 475 2056 De
489 2017 633 2066 qurlla
657 2018 830 2055 Cumana
844 2044 857 2063 ,
884 2030 948 2054 seu
973 2017 1193 2065 cimmeria,
1220 2031 1283 2055 seu
1303 2021 1472 2067 Lucana,

596 2084 670 2120 sive
686 2084 928 2132 quorumdam
950 2084 1065 2121 Itala.

149 2226 389 2274 Relictisjam
404 2223 561 2262 Graeciae
577 2235 678 2260 verae
698 2221 899 2269 tractibus,
912 2222 949 2259 in
966 2224 1332 2272 magnamGraeciam
1347 2225 1568 2277 trajicimus,

40 2293 45 2300 '
96 2292 160 2330 ubi
190 2303 327 2328 nomen
357 2286 533 2340 splendet
559 2285 741 2324 Cumanae
768 2284 948 2336 Sibyuae,
974 2287 1054 2336 jam
1085 2286 1298 2325 Aristotelis
1330 2289 1568 2340 temporibus

94 2354 390 2400 nobilissimum,
411 2351 495 2402 ipso
521 2350 703 2395 docente,
733 2349 780 2387 de
800 2349 964 2389 Mirabil.
996 2363 1038 2400 p.
1065 2351 1186 2399 1158,
1211 2351 1271 2390 ed.
1289 2352 1384 2392 Vall.
1409 2367 1416 2391 :
1441 2352 1504 2392 Ἔν
1522 2357 1566 2406 τῇ

61 2456 65 2461 Δ
97 2420 204 2472 Κύμῃ
222 2422 265 2471 τῇ
284 2417 363 2470 περὶ
383 2415 445 2463 τὴν
464 2415 616 2468 Ἰταλίαν
633 2413 805 2452 δείκνυταί
820 2429 872 2458 τις
886 2443 896 2461 ,
917 2416 962 2457 ὡς
988 2413 1076 2453 ἔοικε
1089 2445 1099 2463 ,
1122 2415 1276 2466 θάλαμος
1293 2417 1472 2465 κατάγειος
1491 2420 1568 2459 Σι-

97 2485 223 2531 Εύλλης
242 2485 302 2529 τῆς
320 2479 566 2534 χρησμολόγω
577 2509 586 2526 ,
603 2478 644 2525 ἣν
661 2478 989 2531 πολυχρονιωτάτην
1004 2478 1190 2530 γενομένην
1211 2480 1377 2533 παρθένον
1393 2483 1567 2530 διαμεῖναί

97 2566 199 2603 φασιν
212 2579 222 2597 ,
241 2541 345 2586 οὖσαν
368 2544 430 2597 μὲν
452 2544 681 2597 Ἐρυθραίαν,
697 2543 763 2582 ὑπό
784 2559 888 2581 τινων
908 2543 943 2581 δὲ
966 2542 1028 2589 τὴν
1058 2543 1209 2582 Ἰταλίαν
1225 2545 1568 2586 κατοικούντωνΚυ-

99 2613 203 2663 μαίαν
215 2641 225 2660 ,
247 2611 312 2650 ὑπὸ
326 2609 362 2648 δέ
375 2625 479 2648 τινων
497 2607 767 2660 Μελάγχραιναν
788 2606 1016 2659 καλουμένην.
1071 2624 1073 2628 ·

152 2679 193 2715 1η
209 2677 284 2715 hoc
308 2674 531 2727 philosophi
553 2671 771 2710 testimonio
792 2671 966 2721 agnoscis
986 2672 1113 2710 omnia
1129 2672 1206 2723 jam
1229 2673 1306 2710 sere
1327 2687 1412 2724 quae
1432 2673 1567 2726 'postea

100 2756 119 2778 a
139 2741 262 2791 poetis
296 2740 498 2777 decantata
529 2746 639 2783 sunt,
675 2746 826 2774 antrum
858 2736 1013 2787 Sibyllae
1042 2737 1145 2787 apud
1175 2737 1337 2782 Cumas,
1376 2739 1565 2779 fatidicam

99 2804 266 2855 ejusdem
285 2803 502 2848 scientiam,
525 2801 802 2839 vivacissimam
830 2810 1064 2838 senectutem
1087 2803 1125 2838 et
1148 2802 1376 2852 virginitatis
1396 2801 1565 2855 pertina-

99 2871 211 2907 ciam.
237 2870 329 2914 Quae
346 2868 473 2906 omnia
495 2881 514 2904 e
538 2866 718 2905 Cumanis
741 2856 1011 2904 traditionibus
1031 2875 1145 2916 atquc
1171 2866 1277 2905 libris
1298 2867 1465 2906 hausisse
1487 2883 1567 2906 rna-

227 2943 303 2984 Ill.
1345 2943 1406 2994 ,4
