1686 3500
119 199 212 247 566
499 199 581 242 AD
614 197 967 243 SIBYLLINOS
1002 199 1210 243 LIBROS

114 295 315 350 'imputa-3,
347 295 494 346 iuquit,
515 300 587 338 τοῖς
607 294 693 348 ὑπὲρ
717 296 780 342 τῆς
801 295 1040 343 Παλαιστίνης
1053 324 1065 345 ,
1092 294 1178 347 γυνὴ
1195 292 1438 348 χρησμολόγος
1452 304 1463 317 ·
1484 295 1515 333 οἱ
1548 293 1590 334 δὲ
1625 337 1628 341 ,

77 410 79 412 ¹
112 360 219 409 αὐτὴν
249 358 481 399 Βαὸυλωνίαν
504 360 684 397 καλοῦσιν.

149 425 249 465 'Alia
273 423 463 463 succurrit
495 423 752 462 excusationis
780 437 916 472 causa,
945 422 1050 476 quod
1070 421 1150 462 haec
1169 421 1521 474 pseudo-Sibyllina
1540 436 1590 460 eo

114 497 287 541 tempore
326 487 619 536 scribebantur,
659 501 738 540 quo
767 488 890 527 deleta
929 500 1037 539 paene
1072 486 1120 524 ab
1156 486 1345 525 Antiocho
1382 486 1588 538 Epipliane

110 555 336 594 Judaeorum
368 553 544 601 civitate,
569 553 858 604 insurgentibus
885 553 1066 592 adversus
1093 551 1336 590 foedissimam
1364 550 1585 588 servitutem

111 632 323 672 paucorum
355 619 512 657 sortium
541 618 713 657 virorum
731 618 885 665 animis,
907 617 1090 669 reliquos,
1113 629 1356 669 quacumque
1375 615 1528 653 demum
1550 615 1591 653 vi

111 693 285 736 possent,
313 683 447 735 patriae
473 697 699 722 succurrere
728 682 944 735 oportebat,
973 690 1015 720 ut
1049 682 1116 734 qui
1145 682 1263 720 armis
1284 694 1361 720 non
1387 680 1590 730 valerent,

109 747 447 787 adhortationibus
470 747 624 792 saltem.
643 756 696 798 et,
715 748 744 786 si
762 746 865 785 aliud
886 746 1046 791 deesset,
1066 747 1302 785 carminibus
1320 748 1593 797 vaticiniisque

107 825 347 851 communem
367 826 520 851 causam
538 812 778 863 adjuvarent.
807 812 939 862 Neque
956 825 1062 850 vanae
1080 821 1145 850 aut
1162 813 1337 862 gratuitoe
1358 822 1468 851 erant
1485 826 1585 864 prze-

108 877 316 925 dictiones,
334 877 401 916 sed
416 878 660 929 antiquorum
679 875 953 927 prophetarum
971 890 1015 914 ae
1034 876 1102 914 Dei
1119 876 1239 927 ipsius
1255 876 1330 914 fide
1351 877 1519 923 firmatae,
1539 875 1588 913 de

106 941 251 981 Judaeae
267 941 377 980 novis
399 941 503 990 satis,
518 941 564 979 de
584 941 712 978 futuro
729 953 830 978 verae
846 940 1038 991 religionis
1061 941 1273 992 triumpho,
1290 941 1338 978 de
1359 940 1593 978 idololatria:

111 1006 207 1053 {ine3
225 1006 262 1043 in
280 1006 422 1056 quibus
439 1005 752 1057 praenuntiandis,
770 1017 856 1049 rara
871 1005 1159 1042 vaticinantium
1179 1004 1425 1052 conditione,
1441 1018 1516 1042 non
1540 1005 1592 1042 de

109 1069 226 1108 rebus
255 1069 370 1121 ipsis,
389 1069 456 1108 sed
487 1069 536 1108 de
565 1077 738 1120 tempore
758 1081 802 1106 ac
826 1068 874 1106 de
900 1068 1016 1106 modo
1035 1068 1203 1106 dubitari
1228 1076 1295 1105 aut
1322 1067 1493 1105 deerrari
1517 1081 1586 1118 po-

108 1142 220 1174 terat.
249 1135 381 1185 ltaque
400 1147 476 1172 non
501 1142 602 1181 tam,
627 1142 670 1171 ut
689 1133 916 1184 opinamur,
944 1133 992 1171 ad
1013 1131 1259 1183 decipiendos
1284 1133 1441 1182 suisque
1471 1132 1593 1169 armis

107 1198 386 1250 impugnandos
414 1198 574 1248 gentiles
595 1198 730 1235 tertius
753 1197 816 1235 hic
847 1197 951 1235 liber
970 1198 1136 1249 scriptus
1156 1205 1234 1245 est,
1267 1210 1382 1248 quam
1404 1195 1453 1233 ad
1482 1196 1585 1233 reso—

108 1262 294 1300 cillandos
313 1261 535 1301 Jndaeorum
559 1261 854 1300 Hellenistarum
874 1261 1043 1307 animos,
1065 1262 1096 1299 si
1119 1275 1194 1313 qna
1216 1270 1370 1312 possent
1389 1260 1436 1298 ad
1464 1260 1588 1298 seren-

105 1329 195 1366 dum
212 1328 356 1367 Jud-aeae
373 1327 565 1366 laboranti
585 1327 773 1365 auxilium
794 1328 949 1364 evocari
970 1335 1084 1377 atque
1104 1327 1234 1365 exciri.
1256 1327 1397 1366 Confer
1417 1325 1482 1364 lib.
1509 1326 1560 1363 ΙΙΙ
1574 1355 1591 1371 ,

77 1405 79 1407 ’
105 1406 141 1431 v.
164 1393 253 1440 734,
283 1406 388 1444 sqq„
418 1400 457 1430 et
482 1404 568 1442 quae
597 1399 688 1430 sunt
707 1390 761 1429 ibi
787 1399 930 1431 notata.
962 1390 1071 1429 Absit
1103 1390 1221 1440 igitur
1245 1400 1286 1428 ut
1309 1391 1356 1428 (le
1390 1391 1455 1429 illo
1483 1391 1591 1428 tertii

104 1457 190 1496 libri
205 1456 414 1508 Sibyllista,
429 1469 519 1508 erga
535 1455 721 1507 Sibyllam
737 1457 971 1508 incognitam
989 1457 1051 1494 vix
1066 1456 1148 1493 salsi
1166 1468 1256 1503 reo,
1275 1457 1339 1507 pio
1349 1465 1455 1494 certe
1473 1465 1585 1507 poeta

103 1532 142 1562 et
162 1523 295 1575 patriae
311 1530 484 1570 amante,
506 1521 718 1572 quidquam
740 1520 852 1558 nimis
869 1533 1046 1572 asperum
1070 1520 1330 1559 decernamus.

158 1588 268 1627 Nunc
297 1586 362 1638 qui
383 1594 470 1638 post
493 1584 573 1624 duo
597 1585 676 1624 sere
704 1585 841 1623 saecula
869 1585 952 1634 ejus
981 1584 1196 1635 exemplum
1227 1584 1348 1622 secuti
1369 1593 1458 1622 sunt
1474 1583 1586 1622 Chri·

106 1650 233 1697 stiani,
260 1664 423 1703 quorum
452 1650 758 1702 antiquissimum
793 1649 1075 1700 designavimus
1101 1648 1188 1687 libri
1210 1650 1337 1701 quarti
1369 1659 1592 1696 auctorent),

108 1717 173 1755 illo
191 1717 274 1755 salsi
291 1716 450 1755 crimine
468 1730 546 1754 non
569 1717 686 1767 magis
707 1716 914 1754 damnandi
937 1715 1048 1754 nobis
1072 1715 1269 1763 videntur,
1298 1729 1423 1766 eoque
1445 1715 1585 1762 minus,

107 1795 186 1833 quo
215 1791 293 1820 tum
322 1790 360 1821 et
392 1782 533 1834 saepius
559 1780 714 1832 s'ibyliae
743 1794 879 1819 nomen
909 1780 957 1819 ab
978 1781 1070 1832 ipsis
1095 1780 1304 1832 gentilibus
1329 1782 1494 1831 gratuito
1523 1794 1586 1818 as-

105 1856 299 1900 sumptum
324 1856 428 1893 erat,
457 1857 495 1886 et
514 1847 705 1899 vulgatior
725 1847 968 1886 increbuerat
998 1847 1144 1898 opinio,
1166 1860 1369 1885 commune
1387 1846 1482 1884 illud
1504 1860 1589 1884 csse

105 1926 241 1952 nomen
261 1921 298 1952 et
326 1913 366 1951 in
395 1912 522 1952 medio
552 1913 730 1964 positum.
763 1912 876 1960 Quod
909 1912 940 1950 si
965 1910 1067 1950 docti
1087 1912 1282 1962 sanctique
1307 1912 1455 1959 Patres,
1477 1924 1587 1948 com-

107 1978 221 2017 missa
245 1978 426 2017 adversus
453 1978 612 2030 gentiles
636 1991 786 2029 pugna,
820 1977 945 2015 ductis
976 1969 1183 2028 aliquando
1201 1991 1246 2015 ex
1270 1977 1434 2015 armario
1457 1976 1585 2028 Sibyl-

107 2044 186 2082 lino
207 2044 290 2082 telis
321 2043 378 2082 usi
397 2052 504 2094 sunt3
529 2044 560 2081 si
584 2042 657 2095 ipsi
685 2043 740 2081 illi
768 2041 1006 2081 venerabiles
1031 2042 1103 2080 viri
1134 2042 1262 2106 sucum
1291 2041 1364 2079 sibi
1394 2042 1589 2091 fecerunt,

107 2107 198 2146 dum
218 2109 355 2147 ceteris
375 2109 498 2147 facere
515 2117 721 2156 conantum
742 2122 785 2146 ac
801 2109 830 2145 si
850 2108 899 2146 ab
918 2107 963 2145 iis
984 2108 1178 2159 profectus
1197 2120 1307 2145 error
1326 2120 1394 2158 per
1413 2107 1490 2145 duo
1510 2108 1590 2145 sere

105 2173 241 2212 saecula
271 2175 309 2211 in
340 2174 485 2212 Graecia
514 2175 698 2225 Asiaque,
736 2188 803 2222 per
833 2182 954 2210 totum
980 2186 1073 2210 vero
1104 2173 1271 2211 medium
1293 2186 1415 2210 aevum
1446 2173 1483 2210 in
1507 2176 1586 2212 Oc-

105 2238 256 2277 cidente
300 2239 521 2283 convaluit3
563 2239 681 2290 magis
723 2237 762 2275 id
805 2237 966 2275 sortasse
1008 2238 1175 2288 partium
1223 2237 1352 2276 studio
1394 2238 1585 2289 primum,

104 2302 241 2341 deinde
258 2311 473 2355 temporum
488 2303 723 2354 ignorantiae‚
741 2316 854 2354 quam
874 2302 1156 2352 Sibyllistarum
1179 2302 1305 2340 fraudi
1319 2303 1587 2353 imputandum

106 2376 177 2406 est.
207 2369 280 2407 Eos
307 2370 408 2407 enim
443 2382 580 2419 genere
612 2381 771 2420 poeseos
801 2381 898 2419 saepe
925 2376 1013 2406 ante
1041 2382 1080 2406 se
1112 2368 1272 2415 usitato,
1304 2367 1595 2419 gentilibusque

54 2484 58 2488 Ι
106 2433 212 2484 prius
234 2446 346 2483 quam
381 2433 525 2472 Judaeis
548 2441 612 2471 aut
639 2432 863 2471 Christianis
890 2433 1070 2484 cognito,
1104 2431 1328 2478 abutentes,
1360 2445 1435 2469 non
1469 2432 1590 2482 magis

104 2496 190 2535 ideo
208 2497 378 2535 falsarios
397 2507 460 2535 aut
483 2499 710 2548 impostores
732 2498 1018 2545 vocaverimus,
1035 2511 1147 2548 quam
1165 2497 1230 2548 qni
1250 2510 1374 2548 nuper
1391 2497 1586 2535 Anachar—

52 2561 57 2568 '
104 2560 197 2600 sidis
213 2570 278 2599 aut
296 2563 494 2600 Antenoris
514 2563 840 2615 peregriuationes
859 2562 1043 2614 quasdam
1063 2563 1296 2613 scripserunt
1309 2592 1318 2609 ‚
1336 2571 1400 2599 aut
1413 2562 1591 2613 quicum-

103 2639 198 2675 que,
216 2634 370 2675 reeepto
389 2627 491 2677 apud
518 2640 586 2664 nos
607 2640 712 2664 more
727 2657 736 2675 ,
762 2627 1054 2664 commentarios
1073 2626 1192 2664 edunt
1216 2626 1412 2664 hominum
1441 2626 1508 2676 qui
1529 2625 1592 2663 vel

105 2703 302 2742 nunquam
320 2692 476 2729 suerunt
497 2691 554 2729 vel
571 2691 668 2729 nihi!
688 2704 856 2742 unquam
874 2691 946 2728 tale
963 2690 1246 2742 cogitaverunt,
1263 2691 1379 2742 idque
1400 2704 1475 2728 non
1496 2704 1588 2728 sane

104 2755 329 2807 cujusquam
355 2756 570 2808 decipiendi
591 2769 724 2802 causa,
743 2757 808 2794 sed
824 2765 864 2794 ut
888 2757 984 2794 notis
1014 2765 1051 2794 et
1069 2758 1181 2795 elaris
1206 2756 1428 2794 nominibus
1450 2765 1587 2807 ,περιυ-

104 2823 296 2860 reuntium
328 2831 472 2861 mentes
501 2823 547 2860 ad
584 2836 623 2860 se
653 2822 1108 2870 convertant,auditores
1125 2831 1365 2869 convocent,
1402 2823 1593 2873 populun)

104 2886 174 2925 sibi
211 2888 360 2928 saciant.
396 2889 480 2926 illos
503 2896 648 2926 tantum
679 2889 746 2925 liae
780 2887 1000 2926 ‹lesensium-
1020 2890 1251 2940 exripimus,
1270 2902 1366 2939 quus
1395 2888 1428 2924 id
1458 2888 1587 2925 [wissa.-
