1686 3500
624 76 935 124 EXCURSUS
970 77 1049 122 VI.
1482 76 1575 122 573

156 178 301 219 Eodem
324 176 480 217 nomine
514 174 669 216 taxabat
691 174 793 215 idem
811 174 873 231 ⁴vir
904 174 1080 227 egregius
1101 182 1233 227 poetas
1261 181 1439 223 nostros,
1469 173 1574 226 quod

100 244 326 284 viderentur
355 241 523 295 querelis
550 234 635 280 'suis
659 239 842 279 invidIam
871 252 1086 291 pauperum
1114 238 1298 278 adversus
1325 237 1465 277 divites
1484 251 1579 277 con-

101 310 233 356 citare,
251 307 319 347 lib.
338 308 495 356 V111‚v.
519 320 580 354 17,
601 319 683 357 sqq.
703 318 713 343 t

261 369 368 424 Ἀρχὴ
387 376 476 411 πᾶσι
495 371 613 409 κακῶν
634 365 924 422 φιλοχρημοσῦνη
954 366 1012 406 καὶ
1033 366 1144 406 ἄνοια.

261 437 401 488 Χρυσοῧ
418 433 484 488 γὰρ
504 433 631 473 δολίοιο
650 434 710 471 καὶ
728 431 893 486 ἀργυρίου
913 430 1017 475 πόθος
1038 430 1197 478 getan...

262 500 353 540 Γαῖά
373 502 403 539 0·
423 498 519 553 ὅρους
539 498 618 544 ἕξει,
634 496 691 536 καὶ
714 495 878 550 φρουροὺς
895 502 991 535 πᾶσα
1008 495 1187 545 Θάλασσα,

260 567 359 605 Πᾶσι
378 563 587 619 μεριζομένη
609 562 730 606 δολίως
747 567 818 607 τοῖς
831 561 960 616 χρυσὸν
983 561 1162 615 ἔχουσιν...

260 629 484 682 Πορθήσουσι
501 627 675 675 πένητας,
694 626 742 666 ἵν’
759 625 855 665 αὑτοὶ
873 625 1017 665 πλείονα
1034 627 1150 678 χῶρον

263 691 568 746 Προσπορίσαντες
583 692 748 743 ἀλαζονίῃ
769 688 1079 730 καταδουλώσωσι.

266 759 333 798 Κεῖ
363 757 412 810 μὴ
429 763 513 809 γαῖα
531 756 686 809 πέλωρος
706 757 767 794 ἀπ’
785 756 931 808 οὐρανοῦ
952 753 1174 807 ἀστερόεντος

258 822 330 863 Τὸν
350 821 469 875 Θρόνον
491 815 567 874 εἶΑι
593 819 748 874 μακρὰν,
769 822 831 859 οὐκ
848 813 888 867 ἦν
910 819 985 858 ἴσον
1022 817 1167 872 ἀνδράσι
1187 815 1329 873 φέγγος,

262 887 354 926 Ἀλλ’
376 886 630 940 ἀγοραζόμινον
650 886 770 937 χρυσῷ
788 885 996 922 πλουτοῦσιν
1016 884 1152 935 ὑπῆρχε
1172 910 1184 931 ‚

265 950 337 990 Καὶ
356 953 512 1003 πτωχοῖς
531 949 629 986 αἰῶν’
650 947 765 1001 ἕτερον
785 946 873 990 Θεὸς
893 945 1094 997 ἠτοίμαζεν.

105 1013 180 1057 Ubi
198 1013 368 1053 notanda
386 1013 579 1065 praecipue
599 1011 788 1062 sententia
805 1011 852 1049 de
873 1011 958 1049 luce
983 1008 1218 1061 pauperibus
1236 1007 1359 1048 venali
1388 1007 1538 1061 sutura,
1557 1006 1588 1048 si

103 1092 174 1132 per
197 1078 335 1118 divites
373 1079 562 1127 stetisset,
585 1076 689 1128 quod
711 1075 867 1127 quidem
887 1074 1084 1125 ingeniosa
1115 1073 1194 1113 fisci
1221 1072 1399 1113 nostratis
1419 1073 1588 1120 solertia,

103 1151 238 1182 contra
255 1155 369 1193 quam
389 1140 470 1180 {ieri
487 1153 599 1192 posse
618 1139 837 1186 videbatur,
853 1138 899 1177 ad
917 1139 1096 1177 effectum
1117 1138 1314 1190 perduxit.
1329 1139 1406 1178 Nec
1426 1136 1586 1176 dubium

102 1215 160 1246 est
184 1206 224 1245 in
253 1206 324 1244 lios
343 1218 503 1254 versus,
523 1213 565 1242 ut
585 1205 623 1242 in
650 1203 792 1242 multos
811 1211 1031 1241 nostrorum
1060 1202 1271 1241 carminum
1301 1201 1422 1253 locos,
1443 1201 1588 1254 aliquid

104 1279 325 1324 penetrasse
354 1270 403 1308 dc
434 1269 629 1308 communi
651 1277 689 1307 et
715 1269 754 1307 in
776 1268 856 1306 dies
876 1276 1070 1307 crescente
1094 1267 1327 1320 populorum
1351 1266 1589 1318 querimonia

73 1325 77 1335 ¹
104 1335 287 1374 adversus
307 1333 538 1386 inexpletam
560 1341 599 1371 et
617 1332 843 1371 effrenatam
864 1332 1123 1371 Romanorum
1153 1330 1413 1383 cupiditatem.

156 1400 299 1438 Verum
331 1399 412 1437 haec
442 1398 532 1437 etsi
559 1411 635 1448 qua
655 1407 744 1435 sunt
763 1397 834 1434 alia
867 1396 971 1447 apud
1004 1395 1185 1447 Sibyllam
1205 1396 1265 1433 his
1294 1394 1448 1440 similia,
1470 1393 1589 1432 modo

104 1473 212 1504 recto
234 1478 346 1503 sensu
365 1473 402 1502 et
427 1463 529 1502 bona
552 1462 626 1501 fide
643 1463 910 1513 accipiantur,
930 1460 1084 1499 minime
1104 1460 1210 1512 carpi
1233 1468 1408 1512 possunt.
1427 1458 1521 1498 Nam
1541 1458 1590 1498 de

105 1530 278 1569 avaritiae
310 1528 559 1580 improbitate
595 1541 639 1565 nc
669 1527 717 1565 de
746 1527 907 1565 divitum
937 1525 1116 1578 superbia
1148 1526 1256 1563 locus
1280 1533 1338 1563 est
1377 1523 1591 1562 communis

70 1594 72 1597 ’
106 1595 209 1647 apud
229 1595 405 1633 rhetoras
424 1602 462 1632 et
481 1601 614 1644 poetas
633 1592 877 1638 notissimus,
896 1592 967 1629 etsi
988 1603 1007 1628 a
1027 1590 1136 1628 nullo
1153 1590 1278 1628 uerius
1297 1590 1458 1627 sortasse
1474 1602 1589 1640 quam

106 1673 128 1699 a
148 1668 283 1706 nostro
309 1658 618 1697 vehementiusve
642 1664 836 1695 tractatus.
864 1655 975 1694 lland
1005 1655 1166 1693 multum
1195 1653 1369 1703 diversa,
1396 1653 1591 1705 frigidiora

109 1732 249 1774 tamen,
270 1722 499 1773 Phocylides
517 1721 649 1770 habet,
670 1733 707 1760 v.
730 1721 795 1769 35,
821 1733 904 1771 sqq.
928 1733 938 1757 e
1496 1748 1502 1765 ⁴

264 1786 310 1825 ‘fl
331 1785 616 1839 φιλοχρημοσόνη
638 1783 755 1837 μήτηρ
774 1783 967 1832 κακότητος
986 1781 1140 1832 ἁπάσης,
1159 1796 1194 1820 κ.
1213 1782 1310 1832 τ.λ.,

109 1849 209 1892 unde
229 1861 267 1891 et
281 1852 522 1904 superiorum
543 1850 718 1902 quaedam
740 1850 943 1900 desumpta
966 1856 1070 1887 sunt.

159 1918 254 1964 Quae
272 1930 364 1956 vero
384 1916 476 1955 alibi
505 1915 770 1967 praedicuntur
789 1913 838 1952 de
856 1912 1050 1951 communi
1072 1920 1183 1950 terrae
1202 1924 1274 1950 usu
1294 1924 1339 1950 ae
1358 1909 1407 1949 de
1429 1906 1592 1949 fortunis

108 1982 146 2020 in
165 1982 332 2020 medium
360 1979 621 2030 conferendis,
639 1992 719 2016 non
739 1977 787 2016 ad
808 1985 939 2015 nostra
966 1984 1140 2027 tempora
1163 1982 1360 2028 spectant,
1378 1973 1442 2013 sed
1464 1974 1524 2013 vel
1544 1973 1592 2013 ad

67 2054 71 2059 '
106 2047 255 2088 Messiae
274 2055 455 2085 terrestre
480 2059 652 2097 regnum,
678 2044 739 2083 vel
767 2043 815 2082 ad
845 2042 1071 2095 promissam
1086 2042 1201 2093 justis
1235 2049 1322 2093 post
1342 2039 1535 2092 judicium
1553 2041 1594 2079 in
1619 2074 1625 2080 .

107 2112 291 2153 Paradiso
313 2111 484 2150 terrestri
513 2110 747 2149 felicitatem.
771 2108 907 2147 AEtatis
926 2120 1052 2146 aureae
1065 2102 1289 2145 communes
1305 2105 1364 2144 liae
1379 2114 1468 2144 sunt
1488 2105 1594 2158 apud

107 2187 239 2230 poetas
265 2176 472 2228 imagines,
494 2188 590 2227 quas
622 2187 734 2213 nemo
754 2187 868 2212 sanus
900 2172 948 2211 ad
980 2171 1181 2224 proprium
1204 2182 1414 2221 verumque
1442 2183 1593 2208 sensum
1622 2168 1626 2173 '

108 2243 247 2294 exigat.
275 2242 325 2280 Et
353 2249 442 2280 sunt
477 2240 565 2278 talia
599 2239 719 2277 multa
744 2238 924 2276 vaticinia
950 2236 1052 2289 apud
1083 2244 1235 2275 sanctos
1262 2236 1367 2287 ipsos
1387 2235 1595 2286 prophetas
1660 2229 1667 2236 ”

109 2308 304 2347 defutura
322 2306 548 2346 Judaeorum
565 2304 744 2343 felicitate
763 2311 851 2355 post
883 2302 1050 2342 reditum
1068 2315 1088 2340 n
1113 2300 1337 2353 captivitate
1363 2298 1593 2352 Babylonia,

108 2374 222 2426 longe
246 2373 420 2425 profecto
442 2371 543 2409 ultra
561 2384 693 2409 verum
713 2368 911 2407 modulum
942 2367 1092 2423 poetica
1111 2375 1149 2405 et
1168 2365 1396 2419 prophetica
1416 2364 1595 2404 libertate
1633 2371 1637 2375 “

111 2437 265 2477 dicendi
286 2436 534 2488 'impl1sscata‚
553 2443 596 2474 ut
623 2433 727 2486 apud
748 2433 899 2480 lsa'iz,im
920 2447 1006 2485 cap.
1037 2446 1097 2480 11,
1118 2445 1156 2471 v.
1179 2432 1218 2479 6,
1245 2439 1383 2482 ete-ap.
1406 2430 1472 2479 60,
1488 2422 1612 2477 v.1,'

111 2517 193 2556 sqq.
222 2511 260 2541 et
291 2502 396 2554 alibi,
428 2515 512 2553 quae
535 2500 674 2553 partim
694 2499 808 2539 etiam
836 2507 924 2537 sunt
953 2511 975 2537 a
1005 2496 1211 2549 Sibyllistis
1238 2508 1418 2549 expressa
1439 2493 1504 2533 lib.
1525 2494 1593 2547 ln,

112 2582 146 2608 v·
167 2569 370 2618 743‚s<1‹1·
397 2568 493 2615 787,
514 2579 598 2617 sqq·

165 2630 281 2679 Quod
314 2630 480 2683 denique
508 2629 664 2669 additur
692 2629 741 2668 de
772 2628 902 2667 sutura
921 2625 1190 2666 conditionum
1211 2624 1429 2677 aequalitate
1447 2622 1514 2664 lib.
1536 2620 1613 2674 ll,.¹

114 2696 186 2734 loc.
207 2709 325 2749 supra
343 2694 407 2734 cit.
432 2708 442 2735 :

298 2761 351 2800 Οὐ
372 2760 437 2813 γὰρ
465 2759 603 2812 πτωχὸς
623 2759 707 2809 ἐκεῖ,
727 2759 765 2798 οὗ
784 2757 958 2807 πλούσιος,
977 2754 1054 2797 οὐδὲ
1078 2754 1256 2814 τύρᾳννος,
