1752 3495
140 184 200 226 74
523 182 606 226 AD
642 182 765 226 SlBY
773 182 989 255 LtJNos
1027 182 1233 228 LIBROS

138 278 256 317 verba
269 278 442 330 quaedam
462 278 676 326 inclamare,
697 292 782 330 quae
797 280 894 317 antri
913 278 1058 318 fornice
1074 291 1308 330 repercussa,
1330 287 1446 329 prout
1463 293 1597 317 sonum

136 343 334 381 clariorem
352 341 660 382 obscurioremve
679 343 897 390 retulerint,
914 343 1058 382 oraculi
1081 342 1155 380 vim
1174 342 1314 380 habere
1332 343 1555 383 creduntur.

130 426 133 429 ·
193 408 274 446 Non
305 408 430 457 potuit
463 408 502 445 in
533 408 590 446 his
617 407 838 446 testimoniis
860 421 936 446 non
964 407 1154 445 exsultare
1185 406 1410 444 Klansenins
1442 415 1600 456 propter

125 470 357 522 “opinionem
376 484 482 508 suam
503 470 550 508 de
565 470 759 520 Sibyllinis
779 472 945 508 orac'nlis
964 484 1010 508 ex
1031 482 1213 520 aquarum
1236 482 1428 507 murmure
1449 471 1593 520 petitis.

139 534 188 571 de
209 547 283 584 qua
304 547 371 571 nos
395 548 526 586 supra,
549 547 635 585 pag.
658 536 693 579 3,
713 547 771 583 sq.
796 534 899 572 Idem
923 547 1061 572 numos
1088 534 1275 584 quosdam
1296 533 1598 584 Lilybitanorum

141 599 322 649 protulit,
345 598 447 649 apud
476 600 619 637 Mionn.
657 606 748 637 tom.
773 599 809 643 1,
833 613 868 648 p.
887 605 981 648 249,
1000 607 1036 636 et
1058 599 1185 649 suppl.
1216 607 1307 638 tom.
1331 600 1358 647 1,
1391 612 1428 648 p.
1450 599 1539 647 298,
1564 598 1601 635 in

139 661 280 713 quibus
310 657 412 700 nnn'c
442 661 604 713 tripodis
642 662 761 699 forma
800 664 988 710 occurrit,
1024 676 1126 700 nunc
1174 663 1360 714 Apollinis
1386 671 1502 714 caput
1537 670 1602 699 aut

142 727 243 775 lyra,
276 735 316 764 ut
338 727 491 764 minime
511 725 668 763 dubium
691 727 738 763 sit
759 727 944 777 Apollinis
973 726 1116 764 cultum
1141 727 1178 763 in
1196 727 1270 765 liae
1297 727 1392 764 urbe
1412 726 1603 777 praecipue

141 789 317 840 viguisse.
345 791 486 829 Credas
508 791 624 840 igitur
649 791 832 841 templum
859 790 966 836 illud,
993 791 1102 838 cnjus
1132 792 1335 842 fragmenta
1354 804 1373 827 a
1394 804 1433 828 se
1457 799 1605 840 reperta

141 863 272 892 monet
290 855 492 902 Orvillins‚
512 855 698 905 Apollinis
720 855 847 902 fuisse,
867 854 1098 905 etSibyllam
1118 856 1197 905 ejus
1218 856 1286 893 Dei
1308 855 1539 900 ministram,
1566 863 1606 891 ut

141 919 372 966 Cumanam,
409 928 450 956 ut
475 918 756 966 Met-messiam,
788 920 958 969 aliasque
984 918 1125 957 Phoebo
1159 919 1290 957 itidem
1322 927 1500 957 sacratas.
1531 918 1604 957 Sed

142 996 165 1019 a
192 981 424 1032 conjecturis
444 980 734 1027 abstinendum,
758 980 824 1018 ubi
858 981 1029 1018 sabulosa
1060 981 1186 1019 onmia
1218 981 1396 1019 videntur
1429 994 1496 1019 nec
1526 990 1605 1018 tra-

144 1044 278 1083 ditioni
301 1043 431 1082 subest
462 1045 580 1082 ullum
612 1045 779 1083 historiae
799 1046 1082 1084 documentum.

835 1175 919 1183 *—

259 1255 363 1293 CAP.
382 1253 466 1292 xll.
488 1257 544 1292 De
562 1253 701 1302 Libyca
715 1283 726 1299 ,
747 1254 933 1304 obiterque
951 1256 996 1292 de
1014 1257 1139 1292 Elissa
1157 1258 1208 1292 sic
1224 1256 1322 1292 elicta
1337 1254 1490 1303 Sibylla.

196 1347 418 1398 Transimus
432 1358 469 1396 in
491 1359 655 1397 Africam
675 1367 713 1397 et
730 1359 809 1410 jam
829 1358 874 1396 ad
896 1358 1078 1397 barbaras
1107 1358 1271 1408 Sibyllas
1286 1389 1296 1405 ,
1317 1359 1347 1397 si
1369 1367 1492 1396 tamen
1521 1358 1611 1396 bar-

146 1422 239 1462 bara
258 1423 418 1462 dicenda
436 1432 506 1469 est,
523 1436 608 1474 quae
627 1423 673 1460 ad
696 1424 797 1474 ipsas
815 1424 1034 1462 Graecarum
1061 1421 1274 1460 fabularum
1298 1423 1462 1474 origines
1492 1424 1612 1474 perti—

146 1501 237 1526 nere
256 1487 411 1538 dicitur,
430 1487 587 1538 Libyca,
611 1497 652 1525 ut
668 1497 819 1533 vocant,
835 1487 997 1537 Sibylla.
1015 1488 1137 1525 Varro
1157 1488 1195 1525 in
1216 1488 1390 1538 catalogo
1408 1487 1611 1539 secundam

148 1551 250 1591 illam
281 1552 369 1590 facit
394 1551 494 1603 apud
517 1551 641 1601 Lact„
671 1553 744 1591 loc.
761 1553 839 1598 cit.,
861 1553 920 1590 his
940 1551 1093 1590 verbis:
1119 1571 1135 1585 ι
1156 1552 1368 1592 Secundam
1392 1551 1586 1602 Libyssam
1601 1582 1611 1599 ‚

147 1634 162 1649 ··
191 1617 299 1665 cujus
329 1616 543 1654 meminerit
578 1617 782 1668 Euripides
816 1617 855 1655 iu
890 1617 1031 1656 Lamiae
1061 1618 1268 1669 prologo.»
1300 1622 1347 1656 At
1386 1618 1613 1662 Pausanias,

148 1679 286 1728 Phoc„
310 1680 380 1718 loc.
402 1680 486 1728 cit.,
507 1688 615 1718 aetate
642 1680 802 1732 primam
824 1681 913 1718 facit
935 1681 1104 1718 omnium
1127 1694 1202 1718 non
1225 1680 1454 1730 Sibyllarum
1477 1681 1615 1724 modo,

148 1743 214 1782 sed
242 1745 355 1782 etiam
388 1744 612 1783 seminarum
643 1753 769 1783 vatum
792 1758 801 1784 :
822 1744 988 1794 Ταύτην,
1021 1745 1169 1797 inquit,
1195 1749 1271 1788 ταῖς
1309 1744 1460 1795 μάλιστα
1490 1744 1615 1795 ὁμοίως

148 1803 250 1847 οὖσαν
269 1808 418 1862 ἀρχαίαν
438 1808 609 1863 εὕρισκον,
626 1809 668 1856 ἣν
689 1808 859 1862 Θυγατὲρα
873 1808 1046 1857 Ἕλληνες
1066 1808 1145 1852 Διὸς
1165 1811 1223 1847 καὶ
1245 1808 1385 1860 Λαμίας
1407 1812 1468 1856 τῆς
1486 1812 1615 1849 Ποσει-

148 1873 251 1917 δῶνός
264 1889 366 1927 φασιν
381 1868 481 1923 εἶναι,
500 1874 558 1912 καὶ
569 1874 748 1927 χρησμούς
760 1889 799 1926 γε
812 1873 917 1921 αὐτὴν
931 1876 1105 1926 γυναικῶν
1115 1874 1256 1929 πρώτην
1268 1868 1364 1928 ᾆσαι.
1384 1875 1501 1915 Addit
1512 1876 1615 1913 illam

148 1938 197 1976 ab
217 1940 476 1980 Afrismomen
494 1939 648 1989 Sibyllae
668 1939 828 1978 traxisse
845 1969 856 1989 ‚
879 1939 937 1978 καὶ
959 1938 1024 1978 ὑπὸ
1051 1941 1120 1977 τῶν
1138 1938 1276 1978 Λιὸύων
1298 1938 1474 1978 Σίδυλλαν
1493 1938 1617 1990 λέγου-

148 2019 202 2043 σιν
220 2005 476 2056 ὄνομασθῆναι;
495 2004 543 2042 ab
560 2005 642 2056 ipsa
661 2018 752 2042 vero
767 2005 1025 2043 Mermessiam
1050 2018 1155 2042 suam
1185 2006 1242 2055 (ea
1262 2006 1394 2042 ceteris
1421 2005 1616 2056 Erythraea

147 2070 213 2120 est)
238 2082 449 2120 cognomen
478 2069 689 2121 accepisse,
704 2067 882 2108 Σίὸυλλαν
913 2068 1094 2116 ἐπίκλησιν
1115 2067 1237 2120 [κατὰ]
1255 2067 1318 2115 τὴν
1339 2068 1502 2121 πρότερον
1522 2084 1618 2120 γενο-

151 2132 257 2183 μένην
275 2149 283 2172 :
300 2135 352 2172 ita
366 2135 467 2172 enim
486 2134 711 2184 legendum,
732 2134 802 2171 etsi
818 2147 892 2171 vox
912 2132 1001 2171 κατά
1020 2147 1067 2171 ex
1088 2133 1200 2171 editis
1219 2142 1256 2171 et
1275 2147 1385 2171 mser.
1403 2133 1524 2171 abest.

203 2197 297 2248 Ejus
323 2199 435 2236 etiam
454 2198 608 2249 Sibyllae
627 2198 856 2236 mentionem
880 2198 1034 2248 secisse,
1054 2211 1212 2249 eamque
1231 2198 1399 2248 Delphos
1417 2198 1618 2237 adduxisse

154 2263 268 2314 vulgo
299 2263 469 2301 creditur
485 2262 734 2308 Plutarchus,
752 2262 799 2300 de
819 2262 934 2312 Pytli.
956 2275 1076 2313 resp„
1097 2262 1161 2300 sed
1182 2262 1266 2301 loeo
1288 2262 1384 2300 male
1400 2262 1517 2308 lecto,
1540 2276 1619 2301 ma-

154 2328 265 2378 leque
282 2327 490 2374 intellecto,
513 2328 566 2365 nti
583 2327 823 2378 abundejam
844 2327 1079 2366 ostendimus
1095 2342 1224 2380 snpra,
1247 2341 1331 2379 cap.
1361 2328 1394 2375 5,
1413 2342 1451 2378 p.
1474 2334 1537 2372 41.

210 2392 312 2431 Alios
329 2393 395 2444 qui
417 2392 498 2443 ejus
520 2393 666 2431 seminae
686 2393 1085 2444 nieminerint.praeter
1113 2393 1340 2431 recentiores
1358 2393 1540 2430 Varronis
1562 2391 1618 2429 vel

155 2458 345 2496 Lactantii
365 2458 608 2509 expilatores,
627 2459 753 2496 nullos
772 2458 1003 2509 reperimus,
1021 2458 1089 2495 nisi
1109 2459 1206 2496 forte
1223 2458 1270 2495 ad
1291 2458 1409 2509 ipsam
1432 2458 1620 2508 pertineat

154 2523 260 2574 qnod
279 2523 381 2575 apud
398 2524 554 2562 Suidam
571 2524 722 2576 legitur,
744 2524 927 2562 incertum
946 2524 1047 2561 unde
1061 2533 1252 2575 sumptum
1271 2538 1280 2561 :
1298 2523 1453 2563 Σίὸυλλα
1468 2522 1620 2561 Ἔλισσα

155 2588 282 2640 [codd.
301 2587 490 2639 Ἵίλισσα]·
519 2588 647 2642 ἔγραψε
679 2588 841 2639 μαντείας
873 2587 931 2626 καὶ
961 2587 1150 2641 χρησμούς.
1182 2588 1305 2626 Elissa
1332 2588 1448 2635 enim,
1473 2587 1621 2638 punieae

156 2654 316 2704 originis
334 2653 565 2691 vocabulum
593 2654 750 2704 (confer
774 2654 946 2692 Servium
976 2653 1022 2691 ad
1049 2655 1129 2692 AEn.
1148 2654 1189 2702 1,
1210 2653 1319 2703 340),
1343 2652 1445 2703 quod
1466 2651 1620 2702 qnidam

153 2721 262 2756 deam
285 2732 351 2756 seu
368 2721 488 2755 divam
507 2718 819 2770 interpretantur,
839 2727 1012 2769 tanquam
1030 2717 1078 2756 al)
1095 2721 1145 2756 El
1159 2717 1339 2756 hebraico
1362 2717 1431 2754 Dei
1451 2718 1622 2765 nomine,

155 2784 253 2822 sicut
272 2783 414 2822 Didoni
434 2783 534 2822 Afrae
548 2783 689 2835 reginae
705 2783 808 2835 apud
826 2783 1019 2834 Virgilium
1033 2814 1043 2832 ,
1062 2784 1111 2821 ita
1132 2797 1208 2821 non
1232 2782 1326 2820 male
1347 2783 1446 2820 Afrae
1470 2781 1622 2832 Sibyllae

157 2848 363 2887 convenire
395 2848 539 2899 potuit3
560 2847 624 2886 sed
658 2848 731 2886 hoc
754 2861 906 2899 quoque
937 2856 991 2886 est
1019 2847 1203 2885 divinare.
1237 2846 1349 2893 Quod
1380 2847 1426 2885 ad
1459 2846 1624 2884 nominis

159 2913 472 2965 orthographiam
506 2913 659 2965 attinet,
683 2914 749 2952 etsi
779 2913 931 2964 plurimi
963 2913 1062 2965 apud
1098 2913 1252 2952 Suidam
1285 2911 1624 2954 οοάἰσωἽέλισσα,
