1752 3495
96 253 190 298 280
477 249 556 293 AD
589 248 930 294 SlBYLLlNOS
964 246 1173 292 LIBROS

95 358 152 390 est
176 349 280 402 quod
309 361 425 401 supra
456 347 689 395 dicebamus,
712 357 798 399 post
824 348 1056 386 Clementem
1084 340 1382 384 Alexandrinum
1404 348 1556 388 Graecos

94 427 224 453 omnes
242 413 434 452 doctiores
452 411 534 450 haec
553 411 708 450 oracula
731 411 950 462 neglexisse.

107 498 114 506 ·
144 479 257 519 Solus
275 478 429 516 videtur
449 478 731 523 Nazianzenus,
753 483 795 513 nt
821 483 954 525 poeta,
980 482 1143 511 mentem
1164 472 1212 511 ad
1231 472 1311 511 haec
1334 473 1554 528 advertisse,

49 538 75 598 )
95 543 160 582 sed
185 542 426 594 vituperandi
460 542 588 593 potius
616 553 728 592 quam
757 538 940 577 laudandi
965 551 1094 577 causa.
1125 537 1188 575 Ait
1219 538 1323 575 enim
1355 551 1487 589 parum
1519 556 1557 581 se

57 601 68 653 ,ἶ
95 622 229 648 curare
247 622 294 646 an
321 608 480 659 gentiles
499 607 696 659 prophetae
716 605 872 643 Hermes
898 612 936 642 et
961 602 1106 653 Sibylla
1135 601 1279 653 aliquid
1309 615 1332 640 a
1355 602 1555 644 christiana

61 714 72 722 ,
92 674 252 712 veritate
270 672 396 711 minus
417 673 581 710 alienum
611 669 838 717 cecinerint,
860 682 881 706 a
909 669 1012 714 Deo,
1039 666 1180 718 inquit,
1206 666 1245 704 id
1265 665 1390 704 sacen-e
1418 670 1558 717 coacti,

72 724 164 776 inec
184 746 309 776 tamen
329 737 454 775 divina
480 737 575 783 luce,
595 734 660 772 sed
682 746 840 771 accensa
857 746 877 771 e
904 732 1019 770 sacris
1040 731 1149 769 libris
1172 731 1253 768 sace
1273 730 1474 769 illuminati
1493 747 1501 770 :
1523 734 1558 772 in

75 816 172 854 :quo
195 802 333 853 partim
353 800 499 840 accedit
516 800 563 838 ad
592 798 776 837 Lactantii
802 804 988 846 mentem,
1007 796 1098 833 dum
1124 795 1308 846 Sibyllam
1336 808 1422 833 vera
1440 797 1559 847 aliqua

61 877 71 902 ι
94 867 141 905 de
161 866 300 905 divinis
320 865 434 903 rebus
453 864 635 905 cecinisse
649 862 774 901 libens
793 862 981 912 agnoscit3
1002 861 1139 912 partim
1158 859 1206 898 ab
1222 874 1265 898 ea
1287 859 1459 911 discedit,
1475 861 1559 900 dum

95 929 313 967 humanitus
335 928 534 978 desumpta
556 927 636 965 haec
663 940 685 964 a
709 926 854 976 Sibylla
884 933 995 976 putat
1015 939 1035 963 e
1056 938 1247 963 sacrarum
1269 924 1466 962 literarum
1497 940 1560 964 co-·

98 993 279 1043 gnitione.
301 991 424 1028 verba
443 999 530 1029 sunt
546 990 650 1041 ejus,
672 990 720 1028 de
740 989 867 1027 Rebus
887 989 977 1035 suis,
997 1002 1116 1027 carm.
1138 989 1192 1035 lt,
1215 1002 1299 1039 pag.
1326 994 1396 1033 ¹44
1415 1004 1424 1026 :

254 1056 392 1109 Ἑρμῆς
409 1057 426 1093 ὁ
447 1053 664 1108 τρισάριστος
683 1055 777 1104 ἐμοῖς
797 1052 954 1091 ἐπέεσσιν
977 1052 1101 1106 ἀρήγοι

259 1121 343 1160 Οὐδ’
361 1119 486 1158 ἐθέλων
498 1149 509 1169 ,
535 1118 682 1171 σταυρὸν
701 1118 735 1157 δὲ
755 1118 850 1157 σέὸοι
867 1117 1024 1170 μέτροισι
1039 1117 1198 1157 Σίὸυλλα
1212 1146 1222 1164 ,

257 1186 331 1232 Τῆς
351 1184 505 1236 μεγάλης
525 1184 682 1231 θεότητος
703 1182 927 1235 ἐλαυνόμενοι
943 1183 1140 1235 βελέεσσιν·

258 1250 371 1290 Οὐδὲν
391 1249 665 1303 ἐπιστρέφομαι,
687 1249 746 1288 καὶ
765 1248 797 1287 εἴ
813 1264 903 1291 τινος
921 1243 1027 1288 ἆσσον
1047 1248 1177 1288 ἵκοιντο

257 1316 312 1354 Οὐ
331 1314 444 1353 θεόθεν
456 1344 467 1362 ,
487 1314 616 1366 βίὸλων
631 1313 667 1352 δὲ
689 1313 978 1366 παραὸλέψαντες
996 1315 1104 1364 ἐμεῖο.

154 1382 236 1419 Nec
256 1379 465 1417 diffitemur
483 1388 607 1416 tamen
633 1379 670 1416 in
696 1378 866 1428 ejusdem
890 1378 962 1416 viri
987 1378 1108 1415 sancti
1128 1376 1360 1416 carminibus
1380 1376 1568 1427 Sibyllinae

104 1447 327 1485 imitationis
346 1446 547 1496 vestigium
566 1459 642 1482 non
662 1459 777 1483 unum
796 1459 1012 1491 occurrere,
1034 1453 1089 1495 ut,
1104 1458 1222 1496 quum
1243 1444 1378 1512 eudem
1393 1443 1566 1493 culmine,

104 1510 152 1548 de
171 1510 298 1549 nebus
315 1510 412 1555 suis,
436 1523 523 1560 pag.
549 1510 610 1558 50,
631 1510 684 1547 ita
700 1509 863 1546 scribit:

263 1571 458 1627 Ἄνθρωποι
480 1572 599 1620 θνητοὶ
620 1572 680 1611 καὶ
696 1572 850 1615 τέκτονες
871 1571 965 1611 οὐοὲν
981 1572 1125 1633 ἐόντων,

231 1639 235 1642 ⁴
265 1638 384 1690 Μέχρι
400 1638 491 1680 τίνος
508 1636 678 1690 ψεύστῃσι
693 1637 752 1675 καὶ
774 1637 975 1688 ἠματίοισιν
997 1637 1138 1690 ὀνείροις

265 1702 477 1753 Παιζόμενοι
490 1730 500 1749 ,
520 1701 699 1746 παίζοντες
713 1732 723 1750 ,
745 1701 803 1739 ἐπὶ
819 1701 914 1753 χθονὶ
937 1700 1013 1753 μὰψ
1030 1700 1226 1748 ἀλάλησθε,

265 1766 411 1818 Λάτριες
427 1765 578 1808 εἰδώλων
594 1765 811 1819 κενεόφρονες
822 1795 833 1814 ,
852 1765 884 1804 οἳ
899 1764 1082 1804 παθέεσσιν

264 1831 398 1885 ’Λλκαρ
422 1833 488 1877 ἑοῖς
510 1830 668 1881 μήσασθε
688 1830 796 1874 Θεοὺς
817 1830 1012 1878 στήσασθαι
1034 1829 1215 1882 ἀλιτροῖις,

269 1895 436 1940 Ψιῦστας
452 1928 462 1945 ,
488 1894 732 1948 ἀνδροφόνους,
753 1893 926 1944 σκολιοὺς,
945 1893 1103 1946 ἐπίορκον
1124 1895 1293 1944 ὀμοῦντας
1306 1923 1316 1941 ,

266 1956 306 1997 “A
313 1974 446 2011 ρπαγας
460 1958 649 2012 ἀλλοτρίων
662 1988 674 2009 ,
695 1957 805 2005 ξείνης
827 1957 1024 2009 δηλήμονας
1041 1959 1139 2004 εὗνῆς
1153 1987 1163 2004 ,

112 2027 178 2070 vix
205 2023 356 2063 dubites
387 2025 600 2076 respexisse
632 2024 739 2062 illum
760 2023 807 2062 ad
833 2023 942 2062 initia
964 2023 1146 2063 Prooemii
1167 2022 1346 2074 Sibyllini
1375 2023 1429 2061 sic
1447 2035 1486 2060 se
1508 2021 1573 2059 ha-

114 2088 240 2129 bentis
257 2104 267 2127 :

270 2153 463 2208 Ἄνθρωποι
482 2153 600 2202 θνητοὶ
618 2153 678 2193 καὶ
697 2152 868 2206 σάρκινοι,
891 2152 986 2192 οὐδὲν
1004 2151 1128 2201 ἐόντες,

275 2221 358 2262 Πῶς
377 2218 513 2272 ταχέως
524 2220 696 2272 ’ὓψοῦσθε,
716 2234 753 2258 κ.
773 2233 807 2256 τ.
825 2218 879 2265 λ.;

281 2311 475 2324 ........
484 2283 531 2323 Τί
546 2284 741 2330 πλανᾶσθε,
762 2283 896 2335 βροτοί;
917 2281 1121 2332 Παύσασθε,
1145 2281 1312 2332 μάταιοι,

276 2347 509 2400 Ῥεμὸόμενοι
525 2347 666 2399 σκοτίῃ,
682 2362 720 2387 κ.
744 2362 779 2387 τ.
795 2347 848 2395 λ.,

121 2422 159 2453 et
177 2413 225 2452 ad
241 2412 329 2451 libri
348 2413 475 2451 octavi
491 2425 644 2450 versum
669 2411 757 2460 185,
779 2425 855 2463 sq„
874 2409 941 2449 ubi
963 2423 1064 2449 nunc
1080 2411 1196 2462 vulgo
1214 2409 1367 2462 legitur,

260 2477 482 2529 ,Ἀστασίῃσι
498 2475 681 2529 τύραννοι,
974 2472 990 2485 “

126 2545 192 2585 sed
210 2547 301 2584 olim
315 2546 455 2584 lectum
473 2544 623 2583 videtur
643 2545 779 2591 fuisse,
794 2544 892 2583 sicut
911 2519 965 2582 ibi
988 2543 1204 2582 monuimus
1217 2573 1228 2593 ,

280 2609 319 2648 “A
327 2624 454 2663 ρπαγες
470 2609 533 2656 ἠδὲ
550 2608 708 2662 τύραννοι
723 2608 926 2661 ἁμαρτωλοί
943 2623 981 2647 τε
998 2607 1128 2658 βίαιοι,
1158 2643 1161 2646 ,

282 2674 466 2720 Ψεῧσται,
485 2671 704 2726 ἀπιστόφιλοι
716 2702 727 2721 ,
750 2671 1037 2724 κακοπράγμονες
1049 2701 1060 2719 ,
1080 2687 1117 2713 κ.
1137 2687 1170 2712 τ.
1188 2672 1237 2722 λ.,

127 2751 214 2790 quae
233 2738 367 2776 ultima
384 2737 521 2775 iterum
542 2737 731 2788 expressit
754 2737 982 2787 GregoriuS,
1000 2736 1047 2774 ad
1072 2737 1309 2782 Nemesium,
1328 2746 1414 2786 pag.
1440 2737 1507 2776 14²
1527 2743 1536 2767 ε

284 2800 474 2847 Ψεύστας,
494 2798 719 2852 ἀνδροφόνους
741 2797 914 2847 σκολιοὺς,
936 2798 1095 2852 ἐπίορκον
1114 2799 1303 2849 ὄμοῦντας,

284 2863 323 2905 ’Ἀ
331 2879 465 2919 ρπαγας
481 2863 670 2917 ἀλλοτρίων
682 2891 694 2910 ,
714 2863 824 2910 ξείνης
841 2863 1033 2914 δηλήμονος
1057 2864 1165 2910 εὐνῆς.

128 2932 174 2972 Et
193 2929 287 2970 illud
307 2929 411 2980 quod
434 2929 486 2966 ait
513 2927 621 2977 alibi,
635 2927 683 2966 de
698 2928 891 2967 Miraculis
911 2927 1121 2966 secundum
1141 2929 1331 2969 Marcum,
1351 2936 1439 2975 pag.
1469 2920 1535 2959 103
1553 2932 1560 2956 =
