1752 3495
606 156 915 202 Excuasos
948 157 1026 201 111.
1077 132 1080 137 ’
1448 158 1536 203 179

79 273 246 320 jussuque
268 268 417 301 senatus
439 255 611 308 repositi,
626 263 720 293 teste
743 254 1015 301 1⁴¹enestella‚in
1035 266 1177 316 novum
1192 246 1426 305 Capitolium
1446 256 1535 294 novi

73 316 176 380 libri,
202 328 334 368 iisdem
354 320 576 363 consulibus
603 321 765 359 Octavio
789 329 828 358 et
851 318 1017 357 Curione
1037 318 1104 368 qui
1123 319 1285 368 primum
1304 319 1353 357 de
1372 319 1418 357 iis
1438 333 1535 358 con-

77 394 260 451 quirendis
286 395 460 441 egerant,
481 385 617 424 eodem
638 398 775 436 nempe
803 397 904 422 anno
928 396 1130 420 ncnxxvu:
1147 411 1156 430 ,
1176 391 1407 434 utappareat
1421 398 1535 436 quam

80 460 244 502 celeriter
267 469 310 494 ac
328 464 574 507 praepropere
593 451 674 488 haec
697 449 825 487 onmia
844 457 949 500 gesta
966 447 1061 486 sint:
1081 447 1132 485 ita
1152 447 1325 498 plerique
1342 449 1381 487 in
1402 457 1538 487 senatu

79 537 197 566 earum
214 532 341 559 rerum
363 515 529 566 imperiti
551 523 588 552 et
602 514 716 552 rudes
729 521 836 550 erant
851 526 861 557 ;
879 513 942 550 alii
959 525 1036 549 non
1055 520 1128 549 tam
1148 510 1195 548 de
1212 511 1456 549 oraculorum
1471 525 1539 550 ve—

83 592 181 630 ritate
209 597 319 635 quam
339 582 386 619 de
403 580 564 618 utilitate
584 577 820 628 satagebant.
842 576 944 623 Quid
970 589 1062 613 vero
1083 584 1163 612 tuin
1189 583 1340 613 senatus
1365 573 1539 613 consulto

82 661 222 691 ‹rziinttun
253 645 364 684 suerit
383 645 481 693 (nam
517 642 660 692 aliquid
689 642 814 679 caveri
838 653 990 678 necesse
1028 640 1128 689 suit),
1155 648 1196 676 ut
1232 638 1318 677 libri
1353 639 1540 677 immunes

85 725 201 769 postea
218 727 237 750 a
258 709 368 748 simili
384 707 492 745 clade
514 715 799 758 praestarentur,
821 718 930 743 nemo
949 717 1020 741 nos
1036 703 1178 741 docuit.
1198 702 1429 753 Conjectura
1453 714 1538 741 tan-

86 793 154 819 tum
180 774 340 815 divinari
365 779 505 823 potest,
535 771 631 808 nihil
651 771 811 820 antiquo
839 769 936 806 mori
958 768 1205 818 derogatum,
1230 780 1438 818 rursusque
1457 768 1542 806 illos

86 845 146 884 sub
165 852 260 880 terra
274 838 440 889 sepultos
456 868 464 883 ‚
486 836 598 873 altius
622 836 782 873 sortasse
801 847 915 884 quain
937 838 1048 871 autea
1062 862 1071 879 ,
1098 831 1308 882 etlongius
1333 840 1502 870 remotos
1522 846 1542 870 a

87 912 303 948 flammarum
318 933 328 948 ‚
351 902 379 939 si
397 901 488 951 quid
508 899 723 946 accideret,
746 907 940 937 contactu.
1424 898 1427 901 ’

103 1131 202 1169 CAP.
228 1128 307 1166 Vll.
330 1125 526 1163 Librorum
547 1124 835 1173 Sibyllinorum,
854 1132 1050 1178 postqutun
1073 1124 1231 1160 restituti
1246 1132 1344 1172 sunt,
1363 1123 1525 1160 historia.

135 1231 237 1278 Quod
254 1229 299 1267 ad
316 1229 437 1280 ipsum
453 1227 640 1266 librorum
664 1232 773 1265 usum
791 1226 974 1278 pertinet,
994 1225 1088 1263 nihil
1109 1234 1294 1263 mutatum
1316 1239 1362 1264 eo
1375 1235 1547 1278 tempore

92 1299 203 1344 fuisse,
216 1295 301 1333 satis
316 1301 459 1331 eertum
476 1301 543 1330 est.
566 1292 708 1330 Eadem
726 1291 927 1329 custodum
944 1299 980 1328 et
997 1291 1257 1328 ministrorum
1278 1291 1415 1338 officia,
1431 1291 1545 1330 iidem

94 1365 251 1401 honores.
274 1361 316 1398 Iu
338 1358 526 1396 adeundis
552 1357 660 1395 libris
691 1357 792 1395 idem
824 1356 1018 1407 publicum
1047 1356 1299 1406 divinumque
1315 1357 1392 1405 jus,
1412 1356 1543 1395 eadem

93 1430 313 1467 decretorum
348 1423 576 1469 solennitas,
597 1422 696 1460 idem
721 1422 818 1459 ordo
846 1421 1168 1460 caerimoniarum.
1194 1422 1339 1471 ltaque,
1360 1430 1401 1459 ut
1421 1431 1545 1469 antea,

93 1496 136 1531 sic
158 1500 238 1542 post
257 1489 349 1527 illud
371 1488 587 1526 incendium
612 1496 649 1524 et
671 1501 789 1537 usque
810 1486 856 1524 ad
873 1487 1245 1537 extremamimperii
1261 1486 1419 1524 Romani
1444 1500 1548 1526 sene-

94 1566 231 1601 ctutem,
249 1567 443 1604 nunquam
462 1553 532 1590 uisi
553 1551 764 1590 honorifice
784 1551 1002 1601 designatos
1022 1550 1108 1588 illos
1128 1550 1307 1600 reperias.
1330 1551 1445 1589 Modo
1462 1552 1550 1589 libri

95 1618 287 1666 κατ’ἐξογήν
310 1627 347 1655 et
364 1617 522 1654 honoris
554 1630 669 1654 causa
698 1616 790 1653 dicti
820 1624 923 1663 sunt,
950 1624 990 1652 ut
1014 1615 1117 1665 apud
1142 1615 1291 1653 Livium
1317 1616 1544 1666 saepissiine3

97 1685 193 1722 niodo
212 1683 293 1720 libri
305 1681 476 1731 fatales,
500 1680 650 1719 Arnob.
674 1681 759 1726 vu,
781 1694 818 1731 p.
836 1681 924 1723 251,
943 1688 979 1717 et
1002 1680 1141 1730 passim
1162 1679 1265 1730 apud
1283 1679 1407 1730 ipsum
1428 1680 1544 1719 alios-

97 1763 176 1799 que3
199 1747 340 1797 satalia
374 1750 543 1783 carmina
556 1775 569 1796 ,
601 1746 745 1785 Auson.
776 1745 812 1782 in
849 1744 1012 1795 Gripho,
1044 1758 1077 1783 v,
1113 1745 1182 1791 863
1207 1743 1298 1794 sata
1330 1755 1366 1783 ct
1383 1747 1546 1782 remedia

98 1827 250 1859 romana,
272 1814 378 1852 Serv.
398 1811 445 1848 ad
474 1811 560 1850 AEu.
579 1812 648 1856 Vl,
678 1824 715 1850 v,
737 1811 784 1848 36
803 1818 842 1847 et
868 1823 928 1857 72.
949 1811 1074 1848 Sortes
1093 1823 1246 1860 quoque
1267 1810 1461 1848 interdum
1486 1810 1546 1848 di·-

97 1888 232 1925 cuntur,
251 1887 289 1915 ut
304 1877 473 1929 Virgilio,
493 1877 572 1916 [Eu.
593 1876 659 1923 VI,
680 1889 711 1913 v,
731 1888 778 1922 72
796 1904 806 1922 ‚
832 1874 935 1925 quod
956 1876 1010 1912 sic
1030 1874 1219 1925 designari
1240 1875 1356 1926 vulgo
1377 1876 1545 1914 solerent

99 1944 231 1981 oracula
254 1942 445 1993 quaelibet,
467 1956 509 1980 ea
529 1955 620 1979 vcro
641 1940 849 1992 praesertim
867 1952 951 1989 quae
973 1940 1098 1978 (luctis
1116 1939 1284 1978 sortibus
1300 1941 1546 1980 consuleren-

101 2018 148 2046 tur
164 2009 300 2059 (confer
315 2009 425 2055 infra,
461 2021 544 2058 cap.
567 2008 640 2057 ιδ).
661 2005 835 2059 Durabat
853 2005 1008 2043 interim
1025 2014 1134 2043 vetus
1151 2004 1197 2043 de
1215 2005 1370 2056 Sibyllae
1390 2006 1547 2045 veritate

101 2073 349 2125 proverbium,
375 2082 415 2111 ut
436 2082 492 2111 est
508 2072 610 2124 apud
625 2072 850 2110 Juvenalem
867 2100 877 2116 ‚
899 2078 971 2110 sat.
991 2070 1075 2109 thl
1091 2099 1101 2119 ,
1118 2083 1154 2108 v.
1180 2070 1252 2108 126
1274 2082 1283 2107 :

287 2137 437 2175 Credite
452 2149 510 2173 me
528 2135 636 2173 vobis
657 2135 787 2171 folium
808 2133 968 2171 recitare
984 2133 1151 2182 Sibyllae.

104 2200 141 2237 lit
168 2201 247 2238 inde
272 2201 412 2239 Fronto
442 2199 488 2238 ad
508 2200 681 2238 Marcum
702 2199 924 2244 Aurelium,
947 2197 1016 2237 lib.
1051 2198 1088 2243 1,
1112 2197 1224 2248 epist.
1251 2198 1288 2247 5,
1318 2198 1379 2238 ed.
1407 2198 1544 2238 Nieb.:

103 2283 113 2296 ι
127 2265 190 2302 Nec
218 2266 414 2316 quisquam
454 2264 763 2316 prudentissimae
794 2263 945 2301 semiuae
980 2263 1148 2300 consiliis
1188 2264 1316 2314 potius
1347 2264 1546 2302 accederet.

107 2344 228 2380 ·quam
254 2329 588 2369 vaticinationibus
616 2329 781 2378 Sibyllae.
803 2346 819 2361 υ
850 2328 924 2367 Sed
961 2327 1041 2365 haec
1083 2328 1226 2376 omnia,
1257 2328 1438 2379 temporis
1453 2342 1544 2380 pro·

104 2408 230 2444 gressu,
258 2396 293 2433 in
328 2396 641 2434 consuetudinem
671 2394 824 2432 deinum
862 2402 978 2444 atque
1014 2394 1052 2430 in
1068 2406 1207 2431 vanum
1224 2392 1430 2432 verborum
1448 2403 1547 2433 stre-

104 2459 200 2506 pitum
220 2460 401 2499 abierant.
428 2460 531 2499 Nihil
556 2460 656 2497 enim
690 2458 843 2497 obstare
865 2458 990 2509 potuit
1011 2458 1232 2508 quominus,
1255 2457 1493 2496 decrescente
1508 2460 1546 2496 in

105 2521 166 2560 dies
178 2524 319 2574 publica
336 2525 485 2570 fiducia,
499 2533 585 2575 post
597 2521 813 2562 incendium
827 2523 1048 2574 prcesertim,
1058 2523 1217 2560 multum
1230 2535 1249 2560 e
1262 2523 1385 2573 prisca
1398 2537 1549 2562 venera·

106 2587 465 2628 tione-remitteretur.
482 2592 615 2640 Neque
635 2590 733 2627 euim
755 2589 833 2636 jam
855 2587 1092 2637 antiquitatis
1113 2587 1205 2625 fides
1225 2587 1372 2635 aderat,
1388 2597 1424 2625 et
1441 2588 1546 2639 quod

106 2653 242 2691 maxime
263 2654 506 2705 religionibus
527 2662 639 2692 nocet
660 2683 670 2703 ,
698 2662 869 2703 tempora
884 2661 920 2690 et
938 2652 1027 2689 anni
1047 2651 1362 2691 numerabantur.
1383 2652 1546 2698 Quando

105 2721 133 2749 et
150 2716 236 2753 unde
256 2718 422 2768 quaesiti,
443 2717 637 2769 quomodo
656 2715 856 2754 restaurati
879 2728 921 2752 ac
953 2715 1083 2752 resecti
1115 2715 1273 2753 fuissent
1293 2715 1382 2753 novi
1398 2715 1477 2766 jain
1500 2728 1548 2753 ex

105 2779 245 2828 antiquis
264 2794 327 2818 seu
357 2795 427 2831 pro
457 2782 623 2831 antiquis
652 2780 762 2826 libri,
793 2780 981 2817 neminem
1003 2779 1158 2816 latebat.
1175 2780 1222 2817 Et
1248 2779 1314 2829 qui
1338 2780 1548 2830 plerique'a

107 2842 241 2889 privatis
260 2844 460 2896 descripti,
485 2855 524 2883 ut
544 2859 655 2896 supra
679 2844 898 2883 Lactantius
920 2843 1063 2891 aiebat,
1077 2842 1156 2894 jam
1172 2852 1373 2894 antequam
1387 2843 1545 2881 Romam

1318 2927 1386 2955 12.
