1686 3500
557 300 567 307 ,
625 224 892 294 INDEX
940 222 1249 293 RERUM

410 324 516 400 QUAE
540 353 611 391 fflS
637 352 809 390 SEPTEM
831 351 1112 392 EXCURSIBUS
1135 330 1461 388 CONTINENTUR.

889 452 977 462 --—

207 516 464 560 EXCURSUS
488 516 517 555 Ι.
539 518 592 555 De
611 515 763 566 Sibyllis
768 538 1433 556 ..........................
1467 510 1560 562 Pag.
1647 520 1663 546 ι

206 584 298 635 Cap.
319 584 348 622 1.
379 582 648 634 Antiquissima
665 581 712 619 de
728 579 882 631 Sibyllis
905 579 1118 618 testimonia
1127 601 1561 619 .................
1648 586 1670 620 7

206 648 299 700 Cap.
319 649 369 688 ll.
400 649 456 687 De
475 647 618 698 Sibylla
641 646 832 696 Erythraea
839 666 1561 684 ............................
1647 650 1674 689 9

207 714 298 766 Cap.
319 714 386 753 Ill.
418 715 473 752 De
488 712 632 763 Sibylla
646 712 876 754 Mermessia‚
892 710 987 756 sive,
1004 717 1046 747 ut
1064 708 1126 745 alii
1140 709 1339 760 scripsere,
1351 705 1570 757 Marpessia‚

259 780 339 817 sive
358 778 570 829 Gergithia,
595 777 673 815 sive
693 774 966 827 Hellespontia,
985 774 1063 812 sive
1082 772 1265 823 Phrygia,
1289 772 1368 810 sive
1387 768 1570 820 Trojana,

261 855 467 892 rursusque
494 841 541 879 de
562 841 758 892 Erythraea
778 853 877 890 saepe
897 852 982 876 cum
1010 838 1076 876 illa
1103 837 1285 883 confusa,
1307 844 1345 873 et
1370 834 1496 873 obiter
1523 832 1571 870 de

261 907 427 957 Pbrvssia
445 906 516 943 alia
537 908 732 955 Ancyrana
746 933 755 951 ,
777 918 820 941 ac
840 903 888 941 de
904 903 1074 954 Trojana
1091 900 1305 951 antiquiore
1315 925 1565 938 ..........
1600 905 1603 909 “
1627 907 1672 933 αι

208 971 300 1022 Cap.
319 971 385 1010 lV.
418 971 472 1008 De
496 969 651 1018 Sibyllis
672 968 934 1019 Colophonia,
953 968 990 1006 S
993 966 1103 1013 tmia,
1123 964 1331 1011 Sardium,
1351 962 1512 1009 Rhodia,
1534 968 1606 999 et

261 1033 386 1072 obiter
405 1033 451 1070 ‹le
471 1033 666 1070 Deliotum
690 1033 833 1082 Sibylla
843 1051 1566 1071 ...........................
1629 1024 1677 1068 34

208 1098 300 1150 Cap.
322 1099 366 1139 V.
399 1099 453 1136 De
469 1091 613 1147 Sibylla
633 1096 834 1146 Delphica,
854 1094 1052 1145 obiterque
1066 1093 1111 1132 <le
1128 1093 1287 1132 Maliaca
1303 1105 1369 1130 seu
1390 1055 1575 1137 Lamiaca,

260 1175 303 1200 ac
325 1162 371 1200 de
389 1162 572 1200 Thessala
589 1160 662 1198 alia
681 1173 747 1198 seu
769 1159 897 1210 potius
916 1158 1117 1205 Thebana,
1138 1159 1246 1197 Tit-es
1250 1158 1293 1195 iae
1314 1157 1388 1194 lilia
1398 1180 1568 1194 .......
1629 1151 1680 1202 39

209 1227 305 1278 Cap.
329 1227 393 1266 Vl.
422 1227 479 1263 De
499 1224 743 1268 Macedonica
763 1224 935 1274 Sibylla;
963 1224 1051 1261 item
1078 1223 1125 1260 de
1158 1222 1350 1274 Epirotica
1373 1233 1438 1258 seu
1465 1217 1574 1259 The-

262 1291 440 1342 spi-mica,
457 1288 659 1339 obiterque
679 1287 725 1326 de
745 1288 939 1325 nonnullis
960 1287 1163 1339 Epiroticis
1181 1285 1328 1324 vatibus
1348 1284 1515 1323 seminis.
1531 1312 1542 1322 .
1556 1311 1566 1322 .
1630 1287 1678 1330 47

208 1355 302 1407 Cap.
326 1354 410 1392 Vll.
441 1354 497 1391 De
520 1353 663 1402 Sibylla
683 1353 867 1399 Cumana,
889 1365 953 1390 seu
975 1351 1191 1397 Cimmeria,
1216 1364 1282 1388 scu
1303 1349 1470 1395 Lucana,
1496 1349 1576 1387 sive

262 1417 517 1470 quorumdam
539 1417 632 1454 Itala
637 1439 1570 1456 ....................................
1632 1417 1681 1462 49

208 1483 300 1533 Cap.
319 1482 422 1521 Vm.
455 1483 509 1519 De
527 1480 871 1531 pseudo-Cumana,
888 1480 926 1517 id
943 1488 1012 1527 est,
1026 1481 1193 1519 Cumana
1213 1478 1409 1525 varronis,
1427 1491 1493 1516 seu
1512 1489 1579 1528 po-

262 1547 336 1584 tius
354 1546 522 1583 Romana
543 1545 600 1582 vel
622 1545 883 1595 Tarquiniana
904 1544 1048 1595 Sibylla
1058 1570 1570 1585 ....................
1632 1541 1678 1578 61

210 1612 302 1663 Cap.
324 1612 385 1650 tx.
417 1612 473 1648 De
496 1609 625 1647 Italica
645 1609 806 1660 Sibylla,
831 1623 897 1647 seu
918 1609 966 1647 de
985 1610 1188 1648 Carmenta
1208 1607 1377 1647 Evandri
1404 1615 1543 1646 matre.
1559 1633 1570 1645 .
1631 1606 1680 1643 62

209 1678 301 1726 Cap.
326 1678 372 1715 X.
404 1677 460 1713 De
476 1674 680 1726 Tiburtina
700 1674 845 1724 Sibylla
850 1700 1570 1714 ............................
1631 1671 1679 1717 67

209 1741 301 1791 Cap.
323 1740 387 1779 Xl.
419 1740 474 1777 De
493 1739 619 1777 Sicula
638 1738 781 1789 Sibylla
793 1764 1572 1780 ..............................
1634 1748 1679 1783 7¹

211 1805 306 1855 Cap.
329 1804 411 1844 ΧΠ.
444 1805 498 1841 De
519 1802 662 1854 Libyca
677 1831 687 1849 ,
711 1802 916 1854 obiterque
935 1802 984 1840 de
1003 1802 1122 1841 Elissa
1139 1803 1191 1840 sic
1211 1802 1313 1840 dicta
1331 1791 1492 1852 Sibylla.
1508 1830 1518 1840 .
1533 1829 1544 1841 .
1561 1831 1571 1840 .
1633 1806 1682 1849 74

211 1869 306 1921 Cap.
325 1869 423 1908 Xlll.
452 1869 509 1906 De
527 1868 671 1918 Sibylla
691 1863 866 1919 AEgyptia
872 1894 1573 1909 ...........................
1635 1878 1686 1916 79

202 1924 303 1986 cap.
327 1928 424 1974 xiv.
455 1935 511 1972 ne
533 1934 683 1973 Persica
704 1934 847 1985 Sibylla
852 1959 1572 1974 ............................
1633 1931 1679 1969 81

211 2001 307 2052 Cap.
328 2000 408 2040 XV.
443 2001 497 2037 De
514 1998 658 2049 Sibylla
676 1999 870 2049 Chaldaea,
889 2013 954 2038 seu
972 1998 1201 2050 Babylonia,
1225 1998 1304 2037 sive
1325 1996 1519 2038 Hebraea..
1536 2025 1546 2036 .
1562 2024 1573 2036 .
1635 1997 1684 2034 82

213 2064 308 2115 Cap.
330 2065 428 2103 XVI.
461 2065 519 2102 De
541 2062 688 2100 duabus
709 2063 929 2101 adventitiis
950 2063 1119 2113 Sibyllis,
1139 2063 1328 2115 Europaea
1341 2071 1379 2101 et
1393 2062 1581 2114 Agrippa,

268 2128 472 2178 obiterque
489 2127 536 2165 de
554 2127 757 2165 duodecim
778 2128 892 2165 medii
909 2128 979 2166 aevi
1001 2127 1157 2178 Sibyllis
1167 2153 1574 2168 ................
1635 2125 1682 2172 87

214 2195 308 2244 Cap.
330 2193 446 2231 xvlt.
479 2194 616 2231 nerum
639 2193 821 2230 hactenus
841 2192 1027 2231 dictarum
1048 2205 1193 2230 summa
1199 2217 1575 2232 ...............
1637 2189 1686 2228 88

215 2263 414 2298 ΑιηηεΝωΧ
439 2272 486 2294 an
517 2258 727 2295 Excuasunx
755 2258 784 2296 1.
820 2258 1055 2296 Testimonia
1082 2245 1282 2296 auctorum
1313 2264 1487 2295 veterum
1515 2255 1583 2307 qui

266 2337 314 2361 ex
335 2323 509 2374 professo
531 2323 577 2359 (le
596 2323 751 2372 Sibyllis
772 2322 896 2373 deque
917 2336 1047 2361 earum
1067 2336 1225 2361 numero
1247 2329 1407 2374 egerunt
1411 2348 1574 2361 .......
1636 2333 1686 2370 92

216 2388 471 2427 EXCURSUS
493 2389 538 2426 ll.
569 2388 625 2425 De
650 2387 848 2438 Sibyllinis
867 2386 969 2438 apud
988 2396 1135 2425 veteres
1153 2389 1308 2426 Graecos
1325 2385 1576 2426 carminibus».
1615 2398 1686 2424 ιω

214 2452 271 2490 De
298 2451 495 2502 Erythraeo
513 2451 678 2488 carmine
688 2478 1577 2492 ..................................
1623 2450 1686 2490 lb.

215 2517 272 2553 De
289 2516 371 2553 aliis
393 2515 589 2565 Sibyllinis
609 2514 840 2552 carminibus
852 2542 1576 2556 ............................
1615 2515 1686 2553 106

215 2582 272 2620 De
291 2579 728 2628 antiquisoraculorum,
746 2579 955 2630 praesertim
973 2580 1263 2630 Sibyllinorum,
1283 2579 1582 2618 collectionibus.
1615 2591 1629 2615 ι
1642 2591 1686 2616 ιο

218 2645 275 2681 De
293 2642 441 2680 vatibus
457 2643 524 2693 qui
543 2643 646 2693 apud
664 2652 810 2680 veteres
827 2643 874 2681 ad
891 2643 1122 2693 Sibyllarum
1143 2644 1280 2681 famam
1304 2651 1576 2682 accesserunt..
1614 2655 1655 2680 11
1668 2655 1683 2679 1

219 2710 276 2746 De
294 2707 488 2757 Sibyllinae
510 2720 668 2757 poeseos
690 2707 775 2745 satis
795 2708 894 2758 apud
919 2709 1077 2758 gentiles
1095 2709 1248 2747 Graecos
1264 2707 1523 2746 Romanosve.
1539 2735 1550 2745 .
1566 2738 1575 2752 ,
1615 2707 1686 2745 ιι3

221 2778 418 2811 Arrmmx
438 2785 486 2808 an
513 2771 719 2808 lixcunsum
743 2773 788 2809 ll.
818 2771 1092 2823 Sibyllinorum
1110 2772 1209 2823 apud
1229 2773 1382 2811 Graecos
1402 2772 1584 2822 profanos

273 2837 513 2873 oraculorum
536 2836 742 2886 fragmenta
761 2850 845 2886 quae
866 2836 981 2873 hodie
1000 2845 1202 2887 supersunt
1223 2862 1576 2877 ..............
1615 2836 1686 2873 118
