1752 3495
131 204 191 248 '18
510 202 591 246 AD
626 202 972 249 SlBYLLlNOS
1006 203 1211 248 LIBROS

179 297 316 336 Omnia
335 295 383 334 de
404 295 532 334 Lamia
561 297 730 344 referre,
756 297 932 348 quamvis
963 299 1078 336 multa
1106 298 1152 336 ad
1180 310 1332 335 manum
1358 297 1589 345 habeamus,

128 375 204 400 non
221 369 276 399 est
294 360 357 399 hic
372 360 491 398 nostri
508 360 692 411 instituti3
706 361 754 399 de
767 374 842 411 qua
858 362 922 411 qni
936 362 1047 412 plura
1068 361 1240 409 voluerit,
1255 360 1366 400 adeat
1382 363 1591 412 praesertim

78 423 81 427 ’
130 424 372 471 Heraclitum,
388 422 434 461 de
451 424 599 462 Incred.
616 438 700 475 cap.
723 425 792 474 3¹⁰3
811 424 1062 464 Scholiastam
1083 425 1279 465 Theocriti
1296 425 1343 463 ad
1367 425 1506 474 Adon„
1522 433 1592 473 40;

130 489 334 541 Aspasium
361 488 410 526 ad
440 488 509 529 lib.
531 490 598 529 vlt
618 489 743 530 Ethic.
775 489 941 537 Nicom„
963 504 1047 542 enp.
1079 492 1099 529 5
1117 520 1128 539 ,
1150 505 1188 541 p.
1216 497 1311 541 124,
1339 491 1398 530 ed.
1423 491 1589 538 Manut.;

133 554 366 592 Eustratium
381 582 392 600 ,
412 553 472 591 vel
497 553 563 604 qui
591 565 727 591 nomen
753 552 853 603 cepit
883 554 1062 593 Eustratii
1078 585 1087 602 ,
1109 556 1156 594 ad
1176 555 1394 594 eorumdem
1413 557 1592 594 Nicoma-

132 619 313 656 cheorum
337 617 405 658 lib.
424 618 476 664 X,
496 632 577 669 cap.
599 618 619 655 3
639 647 649 665 ,
674 631 709 668 p.
743 619 830 668 169.
856 618 973 657 Nobis
991 628 1048 658 sat
1077 621 1422 659 suerit-ostendisse
1450 621 1591 658 nullam

129 683 304 721 idoneam
327 696 409 720 esse
433 695 599 729 causam,
621 682 824 732 quominus
844 685 1042 722 accesserit
1058 685 1260 736 Euripides
1273 686 1326 723 ·ad
1356 685 1592 723 tractandum

131 748 270 786 Lamiae
289 757 572 797 argumentum,
591 746 649 783 vel
670 747 873 796 quominus
894 748 1014 786 Varro
1038 749 1284 800 Euripideum
1299 781 1308 798 ,
1326 764 1411 800 quae
1426 750 1594 788 circum-

131 811 325 850 ferebatur
346 811 525 858 sabulam,
542 823 612 859 pro
632 811 796 861 genuina
815 811 1017 861 acceperit.
1032 813 1160 862 Neque
1179 814 1278 850 enim
1300 814 1414 851 unius
1430 813 1595 851 nominis

128 890 243 915 causa
261 875 503 926 rejiciendum
519 875 590 912 fuit
606 884 885 925 argumentum,
903 884 944 912 ut
961 875 1139 924 diximus,
1153 890 1274 915 scenae
1284 877 1519 928 aptissimum
1532 892 1542 923 ;
1557 886 1595 914 et

128 942 159 978 si
181 940 272 991 quid
291 939 517 976 incommodi
536 952 584 976 ex
599 952 645 976 eo
662 940 815 978 nomine
835 940 951 978 metui
970 950 1135 990 poterat,
1158 941 1195 978 id
1214 942 1336 992 ipsum
1361 950 1594 992 praecaverat

131 1005 168 1042 in
188 1005 348 1054 prologo
367 1011 497 1054 poeta,
518 1017 634 1053 quum
656 1005 782 1041 statim
801 1004 851 1042 ita
868 1005 1077 1055 inciperet:

285 1067 347 1110 Τίς
360 1066 498 1116 τοῦνομ’
516 1066 600 1105 αὐτό
621 1069 894 1106 τοῦπονείδιστον
917 1070 1048 1120 βροτοῖς

287 1133 362 1171 Οὐκ
380 1125 450 1170 οἶδε
473 1132 635 1183 Λαμίας;

128 1198 214 1243 Οιιο
231 1196 340 1234 etiam
367 1196 484 1245 magis
503 1196 673 1232 firmatur
689 1195 803 1233 lectio
821 1205 966 1241 nostra,
985 1195 1123 1247 τοῦνομ’
1145 1197 1244 1245 αὐτό,
1268 1198 1391 1250 ipsum
1410 1197 1596 1248 siquidem

129 1275 266 1299 nomen
286 1274 355 1312 per
373 1274 413 1298 se
433 1269 546 1311 turpe
567 1273 669 1307 esse,
691 1273 767 1298 non
789 1274 1009 1310 personam,
1026 1269 1065 1298 et
1093 1263 1267 1312 quamvis
1289 1271 1400 1313 turpe
1423 1263 1493 1312 sit,
1519 1276 1595 1300 non

129 1324 216 1362 ideo
240 1324 360 1361 averti
384 1322 523 1361 debere
545 1323 692 1360 animos
719 1335 740 1360 a
766 1324 916 1378 tragicis
941 1323 1081 1362 Lamiae
1098 1324 1330 1363 infortuniis.

181 1391 289 1429 Nunc
308 1402 425 1439 quum
453 1389 617 1426 sciamus
648 1388 742 1439 quid
774 1388 822 1425 ‹le
851 1389 982 1426 Lamia
1006 1388 1148 1426 dictum
1169 1389 1218 1427 sit
1245 1389 1282 1427 in
1309 1389 1375 1427 illo
1409 1390 1596 1440 prologo,

128 1452 373 1505 quaerendum
393 1461 508 1490 restat
527 1453 619 1507 quid
641 1452 695 1490 ibi
712 1453 759 1490 de
779 1452 923 1503 Sibylla
940 1452 1015 1490 dici
1036 1454 1220 1505 potuerit.
1239 1454 1410 1493 Primum
1431 1467 1509 1492 non
1527 1467 1599 1505 po-

129 1518 202 1555 tuit
219 1519 300 1568 ipsa
317 1516 460 1566 Sibylla
482 1505 709 1569 προλᾶγίζειν,
728 1531 850 1568 neque
871 1517 1027 1555 omuino
1051 1526 1177 1569 partes
1194 1532 1307 1569 agere
1330 1520 1368 1555 in
1388 1532 1430 1556 ea
1456 1518 1600 1563 sabula,

130 1584 169 1621 in
199 1596 273 1633 qua
304 1582 513 1633 praesertim
537 1581 584 1619 (le
604 1581 770 1620 orbitate
791 1582 918 1620 matris
939 1582 1019 1632 ejus
1039 1592 1228 1633 ageretur.
1254 1582 1398 1621 Deinde
1416 1583 1447 1620 si
1467 1583 1514 1620 de
1536 1583 1599 1621 Si-

130 1646 233 1698 bylla
253 1647 394 1684 mentio
426 1645 478 1683 ibi
501 1645 639 1696 aliqua,
659 1646 752 1692 suit,
783 1646 886 1696 quod
917 1647 1080 1685 Varroni
1109 1647 1321 1684 concedere
1343 1655 1515 1698 oportet,
1536 1647 1600 1685 vix

130 1713 231 1750 aliud
249 1711 371 1763 potuit
389 1712 592 1761 Euripides
610 1725 722 1762 quam
742 1711 928 1749 rationem
943 1725 1136 1762 exponere
1152 1726 1221 1750 cur
1236 1714 1442 1762 tingeretur
1456 1712 1599 1762 Sibylla

130 1776 209 1814 sola
226 1788 271 1813 ex
290 1774 465 1813 omnibns
488 1774 626 1813 Lamiae
650 1773 781 1812 liberis
800 1775 1050 1824 superfuisse.
1078 1775 1121 1813 ld
1150 1788 1220 1813 nos
1242 1776 1308 1820 vix*
1330 1775 1438 1813 aliter
1458 1776 1600 1813 intelli-

130 1843 255 1892 gimus
282 1853 395 1890 quam
415 1840 445 1877 si
467 1840 621 1890 Jupiter
641 1839 825 1878 infantem
846 1839 939 1877 caedi
963 1849 1153 1891 ereptam,
1175 1841 1293 1879 inscia
1316 1849 1459 1887 matre,
1489 1855 1510 1878 a
1529 1842 1600 1879 Ju-

132 1908 241 1945 nonis
264 1906 322 1943 ira
359 1905 633 1952 vindicaverit,
660 1914 698 1943 et
725 1905 889 1955 aliquem
917 1905 955 1943 in
982 1905 1108 1943 locum
1124 1931 1143 1952 ,·
1165 1915 1258 1956 puta
1283 1906 1454 1957 Delphos
1473 1915 1538 1944 aut
1559 1906 1598 1943 iu

131 1971 328 2017 Helicona,
348 1970 596 2016 transtulerit,
624 1968 688 2006 ubi
708 1968 868 2007 educata
891 1969 1123 2008 adolesceret
1144 1970 1183 2008 in
1206 1971 1372 2008 suturam
1392 1971 1601 2008 divinatio-

133 2036 191 2073 nis
213 2035 360 2072 famam.
383 2036 469 2073 ttaec
490 2044 555 2072 aut
578 2034 636 2072 his
653 2034 787 2072 similia
809 2035 845 2071 in
867 2035 1029 2085 prologo
1045 2043 1199 2073 narrata
1219 2035 1332 2073 fuisse
1350 2044 1518 2086 oportet.

183 2101 336 2150 Utique,
353 2099 422 2137 nisi
441 2098 618 2145 fallimur,
637 2113 684 2136 ex
700 2099 774 2137 hoc
794 2099 1005 2150 Euripidco
1025 2099 1130 2137 fonte
1149 2108 1233 2137 orta
1252 2109 1310 2138 est
1328 2100 1430 2151 apud
1453 2109 1600 2139 veteres

133 2164 400 2217 grammaticos
420 2162 573 2213 Libycae
588 2162 742 2213 Sibyllae
762 2163 911 2200 notitia.
929 2163 1088 2201 Videtur
1106 2162 1145 2201 id
1161 2164 1270 2202 fateri
1289 2166 1431 2211 Varro,
1452 2165 1599 2202 nullum

132 2230 247 2268 alium
268 2238 405 2279 praeter
435 2227 657 2278 Euripidem
678 2227 799 2265 citans
820 2236 1035 2274 auctorem;
1058 2234 1181 2279 neque
1203 2230 1314 2268 aliter
1332 2232 1491 2268 sensisse
1512 2243 1600 2268 cre-

132 2294 257 2334 dimus
275 2293 513 2343 Pausaniam,
534 2291 599 2343 qui
615 2291 673 2330 vel
694 2291 971 2330 Alexandrinos
988 2293 1183 2344 Euripidis
1203 2303 1519 2333 commentatores
1541 2294 1600 2332 vel

133 2360 259 2410 ipsum
279 2357 502 2408 Euripidem
531 2365 677 2394 secutus
693 2365 761 2396 est.

186 2423 280 2469 Quae
299 2421 330 2459 si
350 2421 401 2459 ita
416 2430 518 2467 sunt,
541 2429 582 2458 ut
596 2421 794 2468 'vide-ntur,
816 2421 947 2460 redeat
967 2435 1071 2461 nunc
1087 2422 1205 2461 lector
1223 2423 1270 2461 ad
1286 2437 1328 2462 ea
1344 2438 1443 2475 quae,
1460 2437 1544 2476 cap.
1561 2425 1600 2471 5,

134 2490 183 2528 de
202 2488 347 2539 Sibylla
374 2487 559 2538 Delphica
578 2487 766 2534 diximus,
791 2488 910 2538 petita
940 2489 1148 2539 praesertim
1172 2503 1193 2528 e
1219 2490 1426 2529 Plutarcho
1445 2498 1484 2528 et
1512 2490 1601 2528 Cle-

133 2562 260 2591 mente
283 2551 542 2590 Alexandrino
564 2566 572 2588 :
594 2551 708 2590 fuisse
727 2565 864 2602 nempe
884 2562 1073 2590 servatam
1095 2553 1251 2604 Delphis
1271 2554 1492 2591 memoriam
1510 2554 1601 2593 sati-

133 2616 229 2655 dicae
247 2615 444 2666 cujusdam
472 2615 640 2653 mulieris
659 2629 744 2666 quae
763 2615 935 2667 Delphos
957 2631 976 2655 e
1002 2617 1194 2656 Thessalia
1208 2648 1220 2668 ‚
1235 2618 1274 2656 id
1295 2627 1366 2666 est,
1390 2632 1412 2656 e
1433 2619 1601 2657 Malien-

133 2682 231 2720 sium
267 2680 442 2730 regione,
482 2679 548 2717 ubi
588 2679 681 2717 urbs
716 2680 870 2727 Lamia,
904 2681 1091 2728 venisset,
1128 2696 1289 2734 quaeque
1320 2683 1447 2734 proles
1486 2683 1602 2721 fuisse

132 2745 356 2783 crederetur
375 2743 517 2781 Lamiae
536 2744 704 2794 Neptuni
725 2743 836 2791 filiae,
863 2753 899 2782 et
922 2759 942 2782 a
966 2745 1194 2795 quibusdam
1219 2760 1290 2797 pro
1317 2746 1461 2798 Sibylla
1484 2747 1602 2797 habe-

131 2816 249 2845 retur.
267 2806 362 2852 Quis
380 2819 496 2857 porro
512 2819 588 2843 non
605 2807 821 2857 suspicetur
842 2807 1081 2859 Euripidem,
1101 2810 1174 2854 vel,
1196 2810 1225 2847 si
1244 2811 1306 2848 cui
1323 2810 1441 2862 magis
1459 2811 1600 2862 placet,

132 2869 540 2921 pseudo-Euripidem,
563 2884 680 2920 quum
706 2871 752 2908 de
777 2871 905 2910 Lamia
931 2872 1075 2922 Libyca
1095 2874 1334 2912 traditionem
1361 2889 1381 2912 a
1407 2876 1602 2926 Cyrenen·
1624 2870 1626 2872 V
