1686 3500
667 170 985 215 EXCURSUS
1018 169 1153 213 vl..
1326 207 1327 210 ,
1430 159 1438 170 ‘
1531 167 1624 213 535

148 270 324 310 :nantibus
341 270 378 308 in
396 270 524 309 iocum
544 267 746 320 quemdam
767 266 861 305 lucis
881 274 918 304 et
937 264 1036 315 vitae,
1059 262 1123 302 ubi
1146 261 1213 302 be‘i
1229 263 1349 316 ipsius
1372 262 1529 315 vestigia
1548 262 1625 301 cal-

147 344 296 383 cantur,
313 348 350 373 v.
370 336 458 383 317,
475 346 555 385 sqq.
574 346 583 370 ε

308 399 373 442 Εἰς
387 399 478 452 φῶς.
495 426 505 436 .
521 395 600 435 ,καὶ
621 395 669 439 εἷς
685 392 778 442 ζωὴν
796 391 989 446 ἀμέριμνον
1000 421 1014 442 ,

307 459 421 502 Ἔνθα
438 459 537 500 πέλει
556 458 674 514 τρίὸος
692 457 860 502 ἀθάνατος
875 456 1041 509 μεγάλοιο
1056 455 1176 508 emto,

307 526 380 566 Καὶ
398 523 539 579 τρισσαὶ
558 524 689 576 πηγαὶ,
710 539 746 565 κ.
768 539 804 563 τ.
823 523 858 562 λ.

202 591 303 642 Ergo
334 599 475 642 praeter
500 588 621 627 libros
648 589 713 636 lv,
738 588 782 635 V,
804 587 917 635 vlu,
943 588 964 633 S
994 599 1029 637 1,
1049 583 1165 623 ceteri
1193 582 1368 636 plerique
1398 582 1488 623 libri
1516 585 1553 623 in
1580 599 1627 623 eo

148 655 393 706 conspirant,
413 662 457 692 ut
481 652 592 704 justis
611 661 699 705 post
714 651 905 704 judicium
925 648 1048 701 probe
1067 648 1288 687 distinctam
1308 646 1357 686 ab
1384 647 1443 686 his
1463 649 1570 687 terris
1592 650 1629 687 in

149 719 334 758 paradiso
357 719 485 757 sedem
510 718 715 769 assignent.

202 784 259 822 De
271 783 478 834 impiorum
498 796 591 821 vero
610 783 740 821 sutura
761 789 867 820 sorte
886 778 1010 818 simile
1031 776 1178 829 aliquid
1199 791 1243 817 ac
1263 777 1313 817 de
1331 777 1524 830 justorum
1544 778 1630 817 seli·

146 851 264 888 citate
284 848 436 887 videtur
452 861 600 887 errasse
626 847 724 885 liber
741 854 926 898 quartus,
949 858 984 883 v.
1011 857 1084 895 ¹79
1106 843 1233 896 (183),
1253 857 1359 896 sqq.2

645 911 754 951 Ὅσοι
773 911 802 949 δ’
821 909 889 949 ὑπὸ
911 908 1152 961 δυσσεὸίῃσιν,

305 975 493 1031 ἽΙμαρτον
506 1007 517 1026 ,
540 975 619 1021 τοὺς
635 977 665 1014 δ’
681 970 763 1014 αὖτε
783 973 874 1029 χυτὴ
891 973 978 1012 πάλι
994 979 1080 1026 γαῖα
1103 972 1289 1028 καλύψει,’

148 1042 260 1081 etsie
279 1052 409 1091 antea,
431 1057 469 1083 v.
493 1043 559 1089 43,
580 1055 638 1092 sq.
657 1055 666 1079 ε
972 1079 974 1081 .

309 1106 383 1146 Καὶ
400 1104 478 1150 τοὺς
499 1104 688 1148 δυσσεὸέας
706 1103 770 1156 μὲν
791 1102 859 1142 ὑπὸ
880 1101 981 1156 ζόφον
1001 1101 1134 1154 ἔμπαλι
1153 1101 1311 1157 πέμψει,
1339 1122 1346 1131 ·

309 1171 382 1211 Καὶ
396 1170 468 1210 τότ’
486 1169 742 1221 ἕπιγνώσονται
759 1167 844 1216 ὅσην
865 1167 1030 1207 &oseem
1047 1166 1183 1219 ἔρεξαν.

151 1235 306 1274 Erravit
326 1235 471 1274 scilicet
491 1248 610 1286 quum
631 1233 770 1287 impios
789 1247 866 1271 non
884 1233 924 1271 in
953 1233 1082 1284 ignem
1097 1232 1305 1279 damnum,
1333 1231 1398 1271 sed
1428 1239 1575 1271 tantum
1595 1232 1636 1271 in

146 1299 420 1339 subterraneos
449 1300 554 1338 unde
578 1299 756 1338 exierant
785 1299 915 1347 locos,
950 1296 1018 1337 ὑπὸ
1050 1303 1179 1350 γαῖαν,
1204 1305 1244 1336 et
1271 1297 1312 1336 in
1335 1296 1537 1345 tenebras,
1567 1297 1636 1337 ὑπὸ

147 1364 269 1418 ζόφον,
288 1365 558 1417 praecipitavit.
580 1364 696 1412 Quod
716 1364 873 1416 quidem
898 1364 975 1403 huc
999 1372 1209 1403 retractum
1235 1362 1388 1402 videtur
1417 1377 1464 1402 ex
1482 1361 1635 1416 judaica

145 1430 289 1482 diuque
310 1431 462 1482 vulgata
481 1429 584 1483 apud
600 1429 835 1468 Christianos
849 1429 952 1481 ipsos
965 1428 1149 1481 opinione
1169 1428 1218 1467 de
1235 1428 1398 1467 mortuis
1415 1428 1452 1467 in
1468 1427 1634 1467 obscura

146 1495 220 1534 sub
239 1496 350 1534 terris
366 1495 455 1534 sede
471 1494 657 1546 judicium
676 1495 919 1533 manentibus
937 1494 1087 1547 (confer
1105 1507 1224 1546 supra
1242 1506 1327 1544 cap.
1349 1492 1431 1546 21);
1448 1493 1513 1532 sed
1538 1493 1634 1531 male

127 1605 130 1608 Α
146 1562 305 1599 omnino
323 1574 333 1601 :
355 1569 398 1599 ut
416 1562 519 1599 enim
540 1561 653 1599 talem
670 1560 716 1598 de
733 1569 974 1599 mortuorum
992 1559 1083 1598 sede
1101 1559 1326 1598 sententiam
1340 1558 1459 1597 sancti
1477 1557 1634 1610 quidam

149 1627 283 1665 Patres
309 1634 397 1664 ante
418 1625 609 1677 judicium
630 1624 878 1673 admiserint,
906 1624 945 1663 id
971 1632 1075 1663 certe
1105 1632 1192 1676 post
1215 1622 1406 1675 judicium
1435 1623 1527 1661 ferri
1554 1635 1630 1659 non

149 1701 289 1743 potest,
306 1706 423 1743 quum
445 1692 578 1744 aeterni
598 1692 696 1742 ignis
717 1692 1016 1740 comminatione
1035 1690 1141 1743 pleni
1161 1690 1237 1729 sint
1253 1702 1384 1728 omnes
1400 1689 1489 1727 novi
1516 1687 1631 1727 soede-

148 1756 200 1794 ris
231 1755 335 1796 libri.
357 1754 399 1794 ld
420 1763 544 1793 tamen
567 1754 722 1792 admisit
748 1756 903 1804 Noster,
926 1754 1137 1806 probante,
1171 1754 1227 1792 uti
1254 1752 1444 1802 diximus,
1471 1761 1632 1791 auctore

145 1820 475 1861 Constitutionum
497 1819 818 1872 apostolicarum,
848 1829 887 1858 et
914 1821 1075 1858 sortasse
1102 1819 1230 1858 multis
1259 1827 1436 1858 veterum
1461 1832 1633 1857 annuen-

111 1891 112 1895 ’
150 1885 272 1937 tibus,
293 1898 358 1924 sen
379 1884 468 1936 quia
482 1884 677 1937 judaicam
697 1884 942 1923 traditionem
962 1885 1073 1923 inscii
1089 1884 1364 1936 sequebantur,
1382 1897 1448 1922 seu
1465 1883 1570 1935 quod
1591 1884 1630 1922 in

148 1949 285 1989 umbra
307 1950 371 1988 illa
395 1951 521 1989 focum
554 1958 740 1990 aeternum
770 1949 907 1988 ardere
935 1949 1136 1988 crederent
1165 1964 1174 1986 z
1195 1958 1234 1988 et
1257 1949 1420 1988 sortasse
1438 1949 1529 1987 tales
1556 1948 1630 1988 sibi

147 2015 343 2066 tingebant
358 2015 440 2053 illas
456 2029 533 2054 non
552 2016 667 2054 semel
689 2006 918 2053 memoratas
934 2015 972 2053 in
987 2014 1196 2066 evangeiiis
1215 2013 1394 2052 tenebras
1409 2015 1633 2062 exteriores,

147 2080 269 2124 σκότος
285 2080 326 2120 τὸ
352 2079 530 2134 ἐξώτερον,
551 2081 689 2120 matth.
717 2085 801 2132 cap'.
823 2081 875 2130 8,.
896 2094 935 2120 v.
961 2093 1005 2118 12
1020 2110 1030 2129 ,
1052 2089 1090 2119 et
1115 2079 1224 2121 alibi.
1254 2081 1332 2120 Nec
1363 2089 1489 2119 tamen
1512 2080 1630 2119 omit-

150 2147 328 2195 tendum,
353 2147 469 2198 paulo
489 2147 704 2198 pleniorem
722 2145 913 2196 simuique
932 2158 1027 2183 vero
1047 2146 1271 2197 propiorem
1292 2159 1494 2184 occurrere
1514 2145 1631 2197 hujus

148 2211 222 2250 ioci
242 2212 443 2250 lectionem
465 2211 504 2249 in
530 2224 630 2249 nova
647 2209 736 2248 iibri
753 2210 880 2262 quarti
902 2210 1144 2258 recensione,
1160 2209 1230 2248 ubi
1257 2211 1430 2249 additum
1454 2211 1629 2250 videmus

149 2276 222 2315 iliis
241 2275 411 2315 tenebris
438 2276 639 2314 horrorem
660 2275 814 2314 Tartari
836 2283 874 2312 et
902 2274 1109 2323 Gehennae,
1129 2288 1169 2314 v.
1195 2276 1266 2314 185
1290 2288 1298 2313 z

306 2340 476 2394 Τάρταρά
494 2342 524 2379 τ’
541 2339 727 2394 εὐρώεντα,
749 2340 876 2393 μυχοὶ,
901 2338 1025 2392 στυγίη
1045 2338 1081 2378 δέ
1103 2355 1141 2378 τε
1161 2339 1284 2379 Γέννα.

145 2406 220 2445 Sed
235 2407 301 2446 illo
319 2420 433 2445 versu
450 2406 641 2445 nescimus
660 2420 773 2458 quam
792 2415 877 2444 tuto
896 2405 944 2444 ad
964 2405 1262 2444 controversiam
1285 2406 1338 2445 uti
1359 2406 1491 2455 liceat,
1509 2419 1626 2458 qutnn

146 2481 184 2511 ct
221 2486 242 2511 a
271 2473 412 2524 prioris
428 2473 581 2523 cognati
600 2472 676 2510 loci
697 2472 884 2511 sententia
910 2485 1069 2523 prorsus
1090 2471 1260 2521 disserat,
1288 2481 1325 2510 et
1349 2472 1498 2511 auctori
1524 2472 1629 2510 Con-

147 2538 393 2576 stitutionum
425 2537 537 2588 piane
564 2538 718 2589 ignotus
748 2538 864 2576 fuisse
887 2537 1081 2576 videatur.

198 2603 337 2642 Melius
354 2616 444 2641 sane
466 2603 504 2640 in
524 2602 717 2642 prooemio
731 2605 797 2651 ,‘v.
819 2603 882 2650 81,
900 2615 956 2653 sq.
976 2616 985 2639 ε

305 2668 477 2708 Τοῦνεκεν
496 2668 694 2720 αἰθομένοιο
714 2668 820 2722 πυρὸς
844 2668 947 2711 σέλας
973 2667 1086 2720 ἔρχετ’
1103 2666 1154 2720 ἐφ’
1173 2669 1283 2717 ὑμᾶς,

305 2734 479 2786 Λαμπᾶσι
498 2734 712 2781 καυθήσεσθε
729 2735 772 2773 δι’
797 2735 920 2780 αἰῶνος
932 2734 972 2773 τὸ
989 2736 1175 2786 πανῆμαρ.

147 2803 264 2840 Recte
283 2801 397 2839 etiam
419 2800 519 2839 libro
536 2801 679 2849 V111,§
701 2814 736 2848 2,
758 2800 795 2838 in
816 2799 1093 2847 acrostichide,
1116 2813 1153 2837 v.
1177 2802 1255 2836 2¹28
1274 2812 1280 2837 :

517 2865 678 2916 ’Ᾱνόμους
698 2864 731 2903 δὲ
751 2864 790 2904 τὸ
808 2869 874 2917 πῖρ
896 2866 1018 2904 αἰῶσιν
1040 2863 1181 2916 ἐλέγξει.
