1737 3495
199 201 291 245 3¹6
581 181 660 244 Ab
693 199 1045 243 stssYLmNos
1080 198 1292 243 mimos

352 293 425 334 Καὶ
439 291 517 332 τότε
535 292 577 340 δὴ
590 292 670 336 ναὸς
686 293 791 332 πάλιν
808 292 947 332 ἔσσεται
960 322 972 340 ,
994 294 1040 335 ὡς
1058 291 1164 344 πάρος
1179 284 1253 338 ἦεν.

247 358 318 396 nie
355 358 494 395 desinit
513 357 550 395 in
573 370 684 394 vet-sn
715 364 788 407 ²94
811 357 897 395 libri
928 357 1030 394 tertii
1059 356 1225 394 secunda
1253 369 1360 406 pars,
1381 368 1401 394 a
1423 370 1497 406 qna
1518 361 1662 408 statim,

133 445 141 454 ·
193 419 246 458 ob
267 433 330 459 eas
346 434 440 470 quas
460 420 627 459 diximus
643 435 797 471 causas,
818 421 964 458 omissis
986 420 1241 470 intermediis,
1261 419 1309 458 ad
1331 429 1507 471 quartam
1524 426 1662 463 transi·-

194 498 276 522 mus
298 494 464 535 partem,
487 485 540 522 sic
560 485 830 535 incipientem,
849 497 884 521 ν.
904 486 979 534 489
997 497 1007 521 ε

350 546 476 587 Ἧνίκα
494 547 535 595 δή
557 564 616 592 μοι
635 548 738 598 θυμὸς
756 545 932 585 ἐπαύσατο
944 575 954 593 ,
970 562 1004 584 κ.
1022 562 1055 585 τ.
1072 548 1106 586 λ.

243 614 385 661 Qunm,
403 614 525 664 inqnit
549 622 662 656 vates.
683 611 835 649 divinus
851 610 954 662 apnd
981 625 1040 648 ine
1060 610 1260 648 instinctus
1273 609 1314 648 'et
1331 623 1407 648 vox
1425 610 1581 650 fatidica
1599 626 1660 652 re-

188 676 367 723 sedisset,
396 691 526 715 rnrsns
546 691 605 714 nie
635 677 734 714 Dens
765 689 832 727 per
854 685 974 714 terras
990 675 1104 726 jnssit
1124 676 1278 713 oracula
1301 674 1487 722 sundere,
1508 689 1548 714 v.
1567 678 1660 728 489.

191 748 281 791 49¹.
304 743 399 781 Hinc
418 742 514 779 mala
532 740 791 792 praedicnutnr
808 752 893 790 quae
911 753 1101 791 quamque
1121 748 1273 790 gentem
1288 748 1354 777 ant
1375 739 1568 791 regionem
1587 754 1659 780 ma·

189 813 329 843 neant:

242 870 440 909 Phoenices
471 869 508 906 in
538 869 693 919 primis,
722 869 827 920 qnod
861 868 1040 907 adversus
1077 879 1246 907 sanctam
1279 877 1427 920 gentem
1450 882 1658 922 vcrnmqne

189 933 311 972 Deum
332 933 504 971 convicia
525 933 713 979 sudet-int,
737 933 880 983 quibus
899 933 1142 984 portenditur
1159 946 1343 985 agrorum
1363 933 1527 971 vastatio
1547 947 1656 974 ever-

188 997 323 1047 sioqne
340 995 518 1044 urbium,
538 1010 576 1037 v.
598 998 793 1047 [φα-δοίη

238 1059 385 1098 Cretam
411 1059 576 1098 vastabit
596 1060 838 1108 incendium,
864 1074 906 1102 ν.
924 1061 1120 1112 504-5ο7;

235 1125 438 1164 Thraciam
453 1128 614 1165 servitus
630 1135 756 1166 manet
770 1141 788 1165 a
801 1126 1005 1165 Dardaniis
1022 1129 1083 1178 (an
1097 1125 1452 1177 Pergamensibusi‘)
1465 1134 1501 1164 et
1515 1125 1657 1165 Galatis

185 1190 406 1237 inserenda,
427 1204 463 1229 v.
488 1192 682 1243 508-51·;

236 1255 320 1305 Gog
336 1264 374 1292 et
395 1257 531 1307 Magog
552 1255 601 1307 (id
620 1265 691 1304 est,
711 1255 906 1307 Scythas),
930 1263 1140 1307 gentesque
1157 1254 1253 1292 dn‘as
1282 1253 1438 1306 Mai-sog
1462 1262 1500 1293 et
1523 1257 1655 1308 Angon

183 1318 392 1371 incognitas
415 1320 650 1372 dubiasque,
668 1329 851 1373 praeterea
870 1321 1026 1359 minoris
1047 1320 1146 1360 Asiae
1168 1320 1370 1371 plerasque
1386 1328 1539 1371 gentes,
1559 1323 1656 1358 Ara-

182 1384 434 1438 besinsnper,
454 1388 606 1425 Mauros
636 1396 674 1425 et
701 1387 914 1438 AEthiopas,
944 1386 1044 1424 mala
1076 1394 1232 1423 manent
1262 1386 1428 1437 plurima
1446 1393 1654 1437 nectamen

182 1450 272 1487 satis
284 1459 414 1501 aperte
433 1450 586 1489 definita
604 1481 614 1498 ,
633 1464 667 1489 ν.
685 1451 868 1501 512-519.

232 1514 306 1553 Sed
325 1528 443 1566 qnutn
466 1514 628 1553 barbara
641 1528 733 1566 gens
751 1515 938 1567 (nomana
951 1543 962 1563 ,
979 1514 1053 1552 nisi
1070 1513 1249 1564 fallimur)
1264 1513 1301 1551 in
1319 1513 1505 1552 Graeciam
1517 1513 1652 1561 irruet,

181 1587 269 1617 tunc
286 1580 411 1617 omnia
428 1579 516 1618 belli
532 1589 569 1618 ct
588 1580 783 1619 servitutis
803 1581 899 1618 mala
917 1579 1060 1619 Graecis
1076 1578 1292 1623 instabunt3
1320 1586 1508 1630 praeterea
1521 1579 1652 1616 caelum

179 1642 323 1693 avehit,
357 1653 456 1682 terra
481 1643 693 1683 vastabitur
712 1644 878 1691 deserta,
905 1643 1062 1690 inculta,
1089 1642 1137 1682 de
1169 1644 1263 1681 caelo
1285 1642 1504 1691 combusta,
1531 1642 1651 1681 donec

178 1708 325 1759 generis
350 1707 505 1745 hnmani
525 1721 614 1759 pars
634 1716 782 1746 tantum
807 1708 919 1746 tertia
938 1708 1125 1759 supersit,
1145 1721 1179 1746 v.
1205 1706 1398 1752 520-545.

229 1772 300 1811 Hic
333 1772 460 1810 subito
492 1772 690 1810 invehitur
717 1781 846 1820 vates,
866 1785 903 1811 v.
933 1772 1022 1822 545,
1044 1785 1130 1823 sqq.
1157 1770 1341 1810 adven-stis
1371 1770 1645 1818 idololatriam,

178 1849 292 1887 qnam
325 1837 505 1876 hactenns
530 1837 632 1875 mille
650 1845 687 1875 et
705 1838 937 1889 quingentos
953 1850 1076 1875 annos
1095 1837 1133 1874 in
1154 1836 1302 1874 Graecia
1322 1834 1556 1875 dominatam
1580 1836 1650 1883 ait,

176 1915 213 1940 v.
235 1902 325 1948 551,
356 1902 458 1940 nntle
483 1902 649 1941 connata
681 1902 718 1940 in
749 1903 905 1941 Graecos
926 1902 980 1939 ira
1003 1902 1097 1949 Dei,
1123 1900 1437 1951 calamitatesque
1467 1914 1546 1938 non
1565 1910 1649 1952 ante

176 1966 354 2005 desitnrae
379 1980 513 2018 (lnam,
533 1967 713 2018 perfectis
739 1967 919 2004 omnibns
948 1965 1017 2005 Dei
1037 1965 1205 2004 consiliis
1219 1994 1231 2013 ,
1251 1965 1399 2003 Graecia
1417 1965 1464 2003 ad
1485 1965 1567 2003 veri
1583 1979 1651 2011 nti-2

177 2030 286 2068 minis
301 2031 443 2069 cultum
464 2044 612 2069 reversa
633 2031 704 2076 sit,
725 2044 759 2068 v.
776 2032 967 2078 545-572.

225 2096 334 2134 'runc
354 2095 551 2134 hominnm
568 2096 721 2148 piorum
742 2109 874 2134 rursus
889 2109 979 2147 gens
999 2095 1072 2133 erit
1085 2083 1286 2147 sanctarv.
1309 2095 1400 2141 573,
1424 2107 1519 2146 sqq.,
1540 2094 1648 2132 nnius

174 2159 246 2197 Dei
263 2160 379 2198 sacris
409 2160 582 2206 addicta,
611 2160 657 2197 ad
677 2159 838 2211 ejusque
871 2160 1053 2211 templum
1076 2160 1239 2211 pingues
1266 2159 1430 2197 (lnctnra
1457 2160 1647 2197 victimas:

173 2237 258 2274 qnae
278 2224 457 2276 deinceps
486 2225 600 2263 urbes
625 2234 663 2263 et
691 2238 803 2276 agros
828 2226 960 2263 s'ecura
980 2225 1139 2272 incolet,
1155 2225 1269 2262 nullis
1298 2223 1513 2275 mancipata
1534 2224 1647 2262 simu-

173 2287 306 2336 lacris,
328 2302 438 2327 mane
463 2288 605 2327 ablutis
631 2288 809 2328 manibus
835 2291 956 2329 Dcnm
976 2303 1156 2341 precans,
1183 2290 1346 2327 [iliorum
1365 2302 1453 2340 erga
1475 2297 1645 2340 parentes

174 2359 212 2393 et
237 2354 442 2406 conjugum
467 2357 610 2407 pietate
630 2355 946 2394 commendabilis
967 2358 1021 2407 (v.
1047 2356 1120 2406 594
1137 2385 1148 2402 ,
1166 2356 1262 2407 sq.),
1284 2369 1354 2393 nec
1378 2355 1484 2393 soedis
1506 2355 1644 2406 polluta

173 2430 381 2468 puerorum
404 2420 614 2468 amoribus,
631 2420 773 2472 qnibns
788 2422 869 2460 aliae
890 2430 1020 2473 gentes
1039 2421 1278 2466 inficiuntur.
1301 2421 1511 2467 Plioenices,
1531 2420 1644 2471 AEgy-

176 2483 260 2533 ptii,
291 2483 434 2532 Latini,
460 2486 595 2531 Graeci,
615 2486 762 2534 Persae,
794 2486 937 2524 Galatae
963 2494 1000 2523 ‹·t
1023 2485 1148 2524 Asiani
1175 2498 1308 2522 omnes
1330 2490 1380 2535 (v.
1404 2486 1502 2535 596,
1530 2483 1643 2535 sqq.),

173 2559 337 2596 quorum
354 2548 579 2597 flagitiorum
598 2563 709 2588 causa
727 2564 846 2601 genus
859 2565 973 2589 omne
989 2551 1247 2589 calamitatum
1266 2549 1437 2601 profanis
1453 2548 1657 2592 incumbet,
1677 2588 1682 2594 ,

172 2612 337 2661 populis,
353 2620 431 2651 tnm
451 2614 616 2662 scilicet,
634 2629 753 2666 quum
774 2615 961 2666 septimus
980 2628 1047 2654 rex
1068 2616 1225 2654 Graecns
1242 2614 1428 2665 Aigyptiis
1443 2612 1643 2665 imperabit

174 2674 323 2725 (rursus
351 2676 465 2724 idem,
486 2678 552 2729 qni
580 2692 716 2729 snpra,
753 2679 1027 2731 Philometor),
1045 2692 1081 2719 v.
1111 2679 1209 2725 608,
1233 2692 1330 2730 sqq.,
1357 2691 1554 2729 quumque
1580 2690 1642 2714 rex

170 2738 267 2777 alius
289 2740 532 2789 (Antiochum
555 2742 730 2795 intellige)
745 2756 791 2781 ex
822 2743 911 2782 Asia
934 2751 1090 2795 repente
1105 2742 1252 2781 cladem
1271 2742 1434 2795 AEgypto
1452 2741 1638 2785 intulerit,

173 2804 292 2842 multa
316 2818 405 2844 mox
435 2819 521 2845 cum
545 2807 672 2858 praeda
700 2807 820 2846 redux
851 2808 888 2845 in
910 2821 1014 2846 snam
1035 2817 1174 2847 terram
1195 2808 1467 2859 navigaturus,
1488 2821 1525 2845 v.
1552 2807 1637 2843 615.

224 2869 346 2915 Tunc,
362 2869 485 2922 inquit
508 2880 635 2922 poeta,
655 2872 852 2924 proximus
871 2872 991 2911 aderit
1013 2872 1236 2911 idolotatria·
1254 2872 1356 2920 finis,
1380 2886 1414 2909 v.
1436 2872 1525 2919 616,
1542 2881 1637 2920 sqq.;
