1686 3500
149 178 242 225 402
522 175 601 220 ΑῘ)
637 175 685 221 Sl
693 176 985 222 BYLLINOS
999 244 1001 247 Ι
1020 177 1229 222 LIBROS

145 272 211 310 sed
237 270 295 309 vel
321 282 403 310 eam
428 268 479 308 ob
524 282 676 308 causam
707 270 862 309 minime
906 271 1043 309 mirum
1083 278 1140 309 est
1168 269 1368 310 librarium
1393 271 1568 323 ‚aliquem
1592 287 1611 313 e

144 335 340 387 Sibyllinis
358 333 566 386 dempsisse
586 346 672 385 quae
691 334 730 372 in
747 335 792 374 iis
812 335 905 387 ipsis
923 343 1100 385 tanquam
1120 347 1197 373 non
1216 334 1404 387 Sibyllina
1422 335 1611 374 notaban-

145 411 230 439 tur·
219 430 232 451 ‚
247 412 366 452 quare
390 400 429 437 in
457 399 686 450 quibusdam
705 398 990 451 exemplaribus
1013 413 1086 438 suo
1105 400 1260 451 quidem
1282 400 1367 439 loco
1386 400 1540 468 absunt,
1563 403 1609 440 ad

144 467 255 505 finem
277 474 403 504 tamen
425 464 633 503 voluminis
651 465 819 518 relegata
835 465 1026 516 leguntur.

194 530 316 582 Magis
335 542 405 568 nos
422 538 546 567 movet
562 529 600 568 id
621 529 725 581 quod
748 542 876 567 verum
897 538 975 577 est,
991 528 1092 567 male
1112 529 1254 568 inserta
1275 530 1398 568 videri
1415 529 1612 581 Sibyllinis

140 595 329 633 vaticiniis
351 593 586 644 Phocylidea
617 594 679 631 illa
707 601 907 644 praecepta.
931 594 1007 632 Nec
1038 602 1163 632 tamen
1179 594 1337 632 omnino
1364 595 1488 633 aliena
1508 594 1611 634 sede.

141 658 237 697 Nam
260 658 394 709 justis,
411 658 449 696 id
470 666 543 709 est,
572 657 816 700 Christianis,
840 656 889 694 in·
901 657 1068 696 terrestri
1088 670 1205 710 regno
1220 658 1451 708 constitutis,
1477 658 1531 696 uti
1550 672 1611 697 su-

141 736 209 774 pra
230 721 464 770 canebabur‚
483 735 518 760 v.
542 734 605 773 27,
622 734 718 772 sqq.‚
749 720 843 758 nihil
870 720 949 759 fere
968 722 1161 774 agendum
1180 730 1313 774 restat,
1332 723 1403 760 nisi
1436 732 1475 761 ut
1498 736 1612 774 para-

142 799 217 827 tam
247 787 322 827 sibi
343 787 383 826 in
402 787 496 825 caeto
517 787 681 838 palmam
709 793 889 824 aeternam
912 797 1142 836 mereantur,
1162 787 1397 826 decertando
1429 789 1611 828 adversus

139 853 251 900 vitia,
270 865 307 891 v.
330 852 392 902 39,
412 865 512 902 sqq„
527 850 657 902 judice
673 851 888 889 certaminis
911 865 955 890 ac
983 861 1270 891 remuneratore
1290 853 1461 901 Christo,
1484 867 1520 893 v.
1548 854 1612 905 45,

137 930 223 969 sqq.
245 917 356 965 Quod
374 925 563 955 certamen
586 915 814 954 iselasticum
836 925 949 955 vocat
969 919 1116 968 Noster,
1136 931 1175 959 v.
1194 919 1254 970 39.
1275 918 1374 957 Dicit
1396 919 1508 958 etiam
1527 920 1612 971 qui-

138 980 210 1020 bus
227 994 378 1019 coronae
393 987 577 1032 parentur
595 991 605 1018 ε
626 992 763 1031 nempe
775 980 1030 1032 martyribus,
1047 996 1086 1022 v.
1107 983 1171 1033 46,
1196 996 1268 1034 sq.,
1289 983 1448 1035 aliisque
1472 985 1611 1022 sanctis

137 1054 174 1084 et
199 1045 312 1084 castis
334 1044 403 1082 Dei
434 1043 662 1091 cultoribus,
699 1056 733 1081 v.
768 1044 816 1088 48
830 1073 842 1092 ,
867 1058 950 1096 sqq.
984 1046 1132 1085 Nemini
1155 1047 1257 1084 enim
1293 1047 1404 1086 licere
1435 1048 1561 1086 datam
1591 1062 1611 1087 a

140 1111 221 1148 Deo
239 1109 402 1147 animam
434 1108 614 1146 vitiorum
636 1108 794 1147 maculis
814 1122 1096 1161 conspurcare,
1119 1123 1158 1149 v.
1173 1111 1235 1156 54,
1250 1124 1331 1162 sq.:

295 1172 400 1212 Πᾶσᾶ
420 1187 456 1210 τε
473 1171 540 1224 γὰρ
559 1172 654 1225 ψυχὴ
672 1172 833 1226 μερόπων
852 1175 946 1213 Θεοῦ
965 1175 1039 1213 ἐστι
1059 1175 1218 1230 χάρισμα

294 1238 366 1276 Koa
383 1235 479 1287 θέμις
497 1235 688 1288 ἀνθρώποις
706 1236 802 1284 τήνδ’
818 1237 939 1290 ἄλγεσι
961 1244 1046 1277 πᾶσι
1066 1239 1226 1289 μιαίνειν.

134 1302 264 1343 Statim
286 1300 348 1339 hic
366 1300 501 1352 incipit
523 1299 800 1351 Phocylideum
823 1301 1074 1353 fragmentum
1088 1332 1098 1351 ,
1119 1316 1155 1342 v.
1179 1303 1243 1354 56,
1261 1317 1346 1356 sqq.
1370 1319 1378 1342 :

289 1364 351 1411 Μὴ
374 1365 533 1402 πλουτεῖν
555 1363 704 1413 ἀδίκως,
729 1380 763 1405 κ.
782 1379 814 1403 τ.
835 1366 871 1405 λ.
887 1393 897 1412 ,

128 1431 168 1470 in
185 1444 264 1483 quo
282 1432 467 1479 virtutes,
484 1441 569 1480 quae
584 1429 771 1477 colendae,
787 1429 900 1479 vitia,
921 1444 1007 1482 quae
1027 1431 1181 1470 vitanda
1203 1432 1291 1482 sint,
1310 1432 1552 1481 indicantur;
1571 1432 1609 1472 ἐι

131 1497 284 1549 longam
312 1502 589 1547 praeceptoruxn
617 1494 752 1532 seriem
779 1495 936 1533 resumit
969 1496 1134 1548 denique
1157 1497 1297 1536 Noster
1330 1498 1502 1550 quinque
1517 1511 1606 1536 ver-

131 1560 257 1604 sibus,
274 1559 414 1611 quibus
438 1572 570 1597 rursus
590 1567 720 1598 monet
741 1568 932 1598 certamen
952 1560 1046 1599 illud
1067 1562 1194 1613 ipsum
1215 1575 1296 1601 esse
1314 1576 1429 1615 supra
1451 1563 1608 1602 nuntia-

132 1636 225 1674 tum,
244 1639 290 1664 ex
308 1638 387 1676 quo
406 1623 616 1663 victoribus
635 1638 816 1664 coronam
838 1634 1031 1673 aeternam,
1048 1627 1164 1666 vitam
1186 1641 1323 1680 nempe
1338 1628 1606 1679 immortalem,

134 1692 236 1729 Deus
256 1689 475 1742 promittat,
493 1702 530 1729 v.
555 1695 640 1740 149,
660 1702 745 1740 sqq.
766 1704 775 1727 ε

282 1748 396 1799 Οὗτος
415 1752 508 1805 ἀγὼν
518 1783 530 1802 ,
549 1753 650 1793 ταῦτ’
672 1754 764 1794 ἐστὶν
784 1754 905 1794 ἀέθλια
917 1783 930 1804 ,
948 1758 1059 1794 ταῦτα
1078 1755 1245 1808 βραδεῖα,

285 1821 400 1859 Τοῦτο
417 1818 511 1866 πύλη
530 1819 621 1866 ζωῆς
633 1849 644 1867 ,
666 1834 701 1858 κ.
721 1834 756 1859 τ.
781 1819 813 1857 λ.

127 1885 281 1937 Optime
303 1896 397 1935 crgo
422 1883 671 1924 continuatur
692 1883 790 1922 ordo
812 1883 1108 1932 sententiarum,
1128 1885 1198 1924 etsi
1219 1885 1336 1938 longa
1355 1886 1468 1926 nimis
1487 1895 1526 1926 et
1545 1887 1605 1927 in·

126 1957 341 2002 exspectata
360 1951 464 1987 venit
481 1948 559 1987 huc
577 1948 648 1986 ista
670 1947 718 1986 de
738 1948 914 1989 moribus
931 1948 1133 2001 digressio.
1152 1950 1268 2002 Finge
1286 1960 1411 1990 autem
1429 1965 1513 1991 eam
1533 1951 1605 1990 ab-

127 2027 222 2054 esse.
248 2014 346 2052 Sane
365 2021 450 2064 post
470 2012 533 2051 illa
555 2026 672 2064 supra
697 2013 795 2052 dicta
816 2013 864 2053 de
884 2015 1090 2053 certamine
1115 2015 1306 2054 iselastico
1332 2029 1378 2054 ac
1400 2016 1448 2054 de
1468 2016 1606 2054 oblatis

127 2092 147 2119 a
167 2079 319 2118 Christo
340 2076 523 2128 praemiiS,
547 2078 710 2117 fatemur
730 2078 885 2118 minime
907 2078 1178 2119 dissonaturosl·
1194 2092 1273 2118 esse
1288 2079 1359 2118 hos
1379 2093 1534 2119 versus:

286 2138 396 2185 Οὗτος
413 2140 524 2194 ἀγών,
543 2157 577 2182 κ.
596 2158 629 2181 τ.
653 2143 688 2180 λ.

126 2208 200 2247 Sed
213 2220 288 2248 non
308 2215 469 2246 eratcur
479 2215 567 2258 post
586 2206 684 2245 duos
697 2216 847 2246 tantum
858 2207 1229 2260 versusinterjectos,
1243 2222 1382 2261 nempe
1397 2223 1434 2250 ν.
1447 2211 1508 2259 54,
1521 2223 1604 2262 sq.x

285 2269 389 2311 Πᾶσά
407 2285 445 2309 τε
459 2269 526 2323 γὰρ
543 2269 662 2324 ψυχή,
683 2286 718 2312 κ.
740 2287 772 2310 τ.
793 2272 839 2315 λ.,

129 2345 203 2375 tam
219 2336 295 2374 cito
310 2343 597 2374 resumerentur
609 2348 693 2386 quae
713 2344 786 2373 tam
806 2335 976 2375 breviter
992 2336 1092 2376 dicta
1107 2347 1236 2382 erant;
1255 2346 1292 2378 et
1308 2339 1370 2378 illa
1388 2339 1605 2378 certaminis

128 2399 353 2452 metaphora
372 2399 523 2450 longius
535 2398 614 2450 jam
627 2400 814 2451 producta
832 2414 902 2451 per
915 2415 1047 2450 versus
1062 2402 1268 2442 continuos
1288 2402 1366 2442 sere
1384 2404 1603 2455 quindecim

129 2465 305 2515 (39-53),
323 2463 355 2502 si
373 2464 496 2503 statim
517 2464 600 2502 aliis
623 2464 793 2516 quinque
812 2465 1006 2515 versibus,
1038 2467 1207 2518 149-153
1222 2496 1233 2515 ,
1253 2468 1528 2519 ingeminetur,
1547 2469 1604 2506 fa-

129 2530 284 2569 stidium
305 2542 347 2566 ac
365 2542 542 2568 nauseam
567 2529 708 2581 legenti
739 2530 878 2582 cuique
895 2532 1030 2582 pariat.
1047 2533 1238 2572 Praeterea
1264 2542 1398 2573 notatu
1425 2534 1527 2573 haud
1547 2534 1604 2572 in-

129 2596 286 2647 dignum
306 2602 373 2640 est,
392 2593 662 2644 Phocylideam
677 2595 950 2646 digressionem
971 2611 1047 2635 non
1070 2610 1116 2635 ex
1134 2596 1301 2650 abrupto
1321 2598 1397 2638 huc
1418 2599 1600 2647 incidere,

129 2660 195 2699 sed
215 2656 408 2710 prioribus
422 2656 595 2696 versibus
615 2659 730 2698 fuisse
743 2660 910 2710 quodam
940 2661 1055 2701 modo
1076 2671 1245 2713 paratam
1271 2671 1309 2702 et
1327 2664 1600 2703 introductam.

131 2725 264 2763 lnsunt
278 2721 379 2759 enim
403 2720 448 2759 iis
463 2734 617 2772 quoque
639 2723 874 2774 Phocylidea
888 2724 1077 2775 quaedam,
1097 2734 1140 2767 ut
1157 2726 1275 2774 illud,
1295 2740 1335 2769 v.
1359 2728 1406 2768 52
1427 2743 1436 2766 ε

289 2785 338 2824 Οἳ
353 2784 382 2824 δ’
402 2785 565 2836 ἀγαπῶσι
579 2784 690 2837 γάμον
710 2802 746 2826 τε
762 2816 772 2835 ,
792 2789 1040 2839 γαμοκλοπιῶν
1060 2790 1089 2827 δ’
1108 2790 1321 2844 ἀπέχονται,
1373 2801 1376 2804 “

130 2852 330 2892 manifesto
351 2849 510 2888 ductum
529 2863 551 2888 e
569 2849 788 2903 Phocylidis
805 2865 916 2892 versu
931 2855 1058 2905 primo
1074 2869 1082 2892 :

208 1807 218 1823 4
