1752 3495
544 171 626 216 AD
659 173 994 218 SlBYLLlNOS
1027 174 1234 219 LIBROS

320 265 466 321 Νύμφης
482 267 512 306 δ’
531 267 703 317 ἀθανάτης
714 298 724 317 ,
744 270 872 323 πατρὸς
889 271 919 307 δ’
938 264 981 308 αὖ
999 270 1204 322 κητοφάγοιο
1218 299 1228 318 ,

320 330 499 382 Μητρόθεν
516 332 686 384 ἶδογενὴς,
704 332 827 385 πατρὶς
848 332 885 370 δέ
901 333 961 383 μοί
977 335 1068 372 ἐστιν
1087 332 1254 387 Ἔρυθρή.
1377 383 1380 386 ”

165 399 263 437 Ecce
273 405 415 443 autem,
434 397 595 436 docente
608 398 692 449 ipso
706 397 913 448 Pausania,
931 392 1042 448 liujus
1062 398 1267 437 testimonii
1285 410 1436 437 sensum
1453 406 1618 437 textum·

161 473 236 511 que
254 461 364 511 longe
381 461 571 499 diversum
589 460 787 499 trahebant
804 461 851 497 ad
873 474 912 498 se
931 463 1138 512 Marpessii,
1161 463 1443 514 Erythraeorum
1464 464 1586 501 aemuli
1602 476 1613 510 ς

123 544 130 551 ·
161 538 277 562 unum
293 538 429 576 nempe
442 540 608 573 versum,
627 534 800 574 tanquam
817 524 866 562 ab
882 526 1086 575 Erythraeis
1103 527 1198 565 male
1211 540 1471 580 suppressum,
1485 527 1524 565 in
1544 528 1618 565 fine

162 588 426 636 restituentes,
442 598 483 627 ut
500 590 530 627 is
551 597 659 626 tenor
676 596 799 627 esset:

318 653 496 704 Μητρόθεν
515 650 700 701 Ἰδογενής,
718 651 840 703 πατρὶς
859 651 896 690 δέ
914 651 974 702 μοί
989 654 1081 691 ἐστιν
1097 654 1219 706 ἔρυθρὴ
1267 680 1272 685 -

167 174 228 223 ἐξ

316 714 531 767 Μαρπησσὸς
543 745 553 762 ,
571 714 698 766 μητρὸς
717 714 789 766 ἱερὴ
804 745 814 762 ,
833 715 989 767 ποταμὸς
1011 715 1040 753 δ’
1059 715 1247 760 Ἀϊδωνεύς.

213 780 297 819 Fuit
315 781 548 830 marpessas,
568 779 598 816 si
625 780 820 817 Pausaniae
842 779 953 826 fides,
974 780 1064 818 urbs
1084 782 1174 817 olim
1202 783 1239 818 in
1261 781 1328 820 Ida
1356 783 1522 832 Trojana
1541 795 1617 818 non

162 844 361 884 incelebris
375 873 385 893 ,
406 844 488 894 ejus
513 851 638 881 autem
659 843 855 894 scriptoris
886 853 1057 896 tempore
1078 845 1281 883 semirutas
1304 845 1408 883 vicus
1435 859 1478 883 ac
1498 859 1619 896 prope

163 909 354 955 desertus,
376 907 518 945 distans
533 921 554 944 a
574 908 756 959 Gergithe
776 921 895 959 parvo
911 909 1110 946 intervallo
1123 938 1134 959 ‚
1155 908 1202 946 ab
1221 910 1449 948 Alexandria
1469 909 1621 947 Troade

164 973 292 1011 stadiis
310 973 387 1010 sere
407 986 500 1010 ccxx.
515 972 560 1023 (i.
579 986 611 1010 e.
628 973 744 1010 leucis
760 973 993 1011 nostratibus
1013 973 1275 1025 geographicis
1292 974 1443 1011 circiter
1459 973 1619 1025 decem),

161 1037 256 1076 aridi
275 1038 345 1076 soli
364 1051 407 1075 ac
425 1036 592 1076 rubentis
607 1066 618 1086 ‚
633 1037 744 1088 juxta
761 1037 917 1075 fluvium
937 1037 1163 1085 Aidoneum,
1180 1038 1233 1075 sic
1251 1037 1299 1075 ab
1312 1038 1461 1075 inferna
1481 1050 1621 1088 cogna-

118 1143 124 1153 ι
163 1102 264 1139 tione
283 1101 449 1147 dictum,
472 1101 575 1151 quod
600 1109 698 1138 tei-ra
722 1101 781 1139 bis
802 1114 945 1139 mersus
974 1111 1086 1152 atque
1117 1116 1303 1147 emersus,
1329 1111 1522 1152 postremo
1551 1115 1622 1152 pe·-

123 1161 126 1163 ’
161 1168 261 1203 nitus
277 1165 563 1205 absorberetur.
596 1164 669 1203 Sed
696 1165 800 1203 urbis
820 1179 957 1203 nomen
988 1166 1089 1217 apud
1122 1166 1253 1216 Steph.
1288 1166 1377 1217 Byz.
1408 1164 1622 1218 Μερμησσός

159 1231 253 1281 (alia
279 1238 334 1267 est
354 1229 456 1282 apud
480 1229 656 1267 eumdem
683 1228 901 1282 Μυρμισσός,
923 1230 1025 1268 circa
1046 1231 1333 1281 Lampsacum);
1362 1244 1431 1268 nec
1461 1230 1620 1268 dubium

160 1309 246 1334 cum
267 1297 460 1346 Marpesso
483 1296 677 1333 Pausaniae
701 1295 872 1333 eamdem
898 1308 978 1333 esse
1001 1297 1268 1342 Mermessum,
1292 1295 1340 1333 de
1362 1309 1438 1344 qua
1458 1296 1622 1346 Stepha-

160 1373 232 1397 nus
250 1374 259 1400 :
281 1358 503 1412 Μερμησσὸς,
520 1357 620 1402 πόλις
636 1357 797 1412 Τρωῖκὴ,
816 1353 924 1412 ἀφ’ἧς
940 1362 960 1406 ἠ
980 1358 1166 1412 Ἐρυθραῖοι
1182 1359 1356 1398 Elem«-
1376 1352 1418 1406 ἧν
1433 1358 1470 1397 δὲ
1482 1363 1504 1406 ἡ
1523 1359 1623 1402 πόλις

160 1423 282 1476 ἐρυθρὰ
300 1425 349 1477 τῷ
369 1422 552 1477 χρώματι,
574 1437 727 1475 prorsus
753 1432 795 1461 ut
812 1424 1018 1463 Pausanias
1036 1439 1044 1461 ε
1062 1422 1272 1477 ’Υπέρυυρος
1289 1422 1325 1461 δὲ
1346 1428 1443 1461 πᾶσα
1458 1421 1537 1475 περὶ
1558 1421 1621 1468 τὴν

159 1489 379 1541 Μάρπησσον
397 1491 441 1538 γῆ
455 1517 465 1535 ,
491 1487 549 1526 καὶ
579 1489 695 1531 δεινῶς
716 1489 807 1528 ἐστιν
827 1487 1027 1541 αὖχμ(·’>ὃης.
1047 1489 1216 1539 Uterque
1235 1487 1394 1526 rubrum
1414 1488 1486 1526 soli
1513 1487 1622 1525 colo-

160 1566 237 1591 rem
259 1552 444 1604 designat‚
460 1561 620 1604 uterque
639 1552 794 1604 Sibyllae
813 1554 975 1591 natalem
996 1554 1134 1592 locum.
1157 1554 1249 1602 Quis
1268 1566 1345 1590 non
1365 1553 1532 1590 eamdem
1556 1566 1622 1589 ur-

161 1617 246 1655 bem
268 1624 461 1668 agnoscat‚
482 1617 558 1654 imo
579 1630 654 1653 non
678 1619 878 1667 utriusque
910 1616 1113 1655 testimonii
1148 1629 1388 1654 communem
1410 1617 1623 1667 suspicetur

162 1681 378 1732 originem?
412 1682 503 1720 Nam
531 1689 707 1719 accentus
729 1681 884 1733 quidem
906 1681 1060 1719 minime
1090 1694 1159 1718 nos
1187 1680 1326 1718 morari
1354 1679 1492 1726 debet,
1519 1680 1621 1731 apud

159 1746 385 1783 Pausaniam
421 1755 520 1783 certe
551 1746 775 1792 mutandus,
810 1759 926 1796 quum
962 1754 999 1783 et
1036 1743 1236 1798 Λυρνησσός
1270 1754 1308 1782 et
1341 1743 1549 1796 Παρνησσός
1585 1753 1623 1783 et

159 1808 339 1859 Ὑμησσός
361 1809 508 1859 (Atticis
526 1807 723 1858 Ὑμηττός)
749 1817 786 1846 et
806 1809 932 1846 omnia
951 1809 1087 1846 similia
1110 1810 1194 1862 acui
1214 1808 1371 1846 soleant.
1390 1809 1512 1847 Varro
1530 1821 1624 1859 quo.

160 1887 235 1924 que
254 1874 500 1911 Men-messum
518 1885 583 1911 seu
603 1873 847 1910 Marmessum
866 1875 960 1924 (quae
976 1874 1135 1910 sortasse
1154 1873 1270 1910 latina
1287 1873 1408 1910 forma
1428 1872 1523 1923 suit),
1544 1886 1622 1910 non

160 1938 393 1988 Max-pessum
407 1937 632 1988 scripserat:
649 1950 734 1974 nam
748 1937 850 1987 apud
864 1937 1115 1984 Lactantium,
1130 1937 1369 1975 Varroniana
1383 1937 1622 1985 referentem,

163 2002 246 2040 niv.
269 2003 356 2040 lnst.
374 2000 442 2041 lib.
466 2002 493 2048 l,
513 2000 598 2039 loco
617 2013 717 2051 saepe
735 2000 813 2048 cit„
836 1999 901 2038 ubi
916 2001 1030 2052 vulgo
1050 2001 1187 2052 legitur
1205 2015 1214 2038 :
1235 2018 1252 2034 «ι
1270 2000 1565 2051 Hellespontiam
1583 2002 1622 2039 in

162 2079 252 2116 agro
266 2067 436 2115 Trojano
452 2075 591 2113 natam,
604 2065 689 2103 vico
706 2066 915 2115 Marpesso,
927 2066 1026 2104 circa
1044 2065 1226 2116 oppidum
1237 2065 1488 2115 Gergithium,
1501 2083 1516 2099 n
1531 2079 1624 2103 con-

162 2131 331 2169 sentiunt
363 2139 512 2168 veteres
546 2143 677 2167 omnes
707 2129 856 2167 codices
880 2129 919 2167 in
949 2130 1111 2167 lectione
1135 2132 1355 2167 Marmesso.
1381 2129 1490 2169 Adde
1519 2130 1623 2181 quod

160 2195 296 2242 Graeci,
312 2195 542 2246 quicumque
563 2193 798 2231 Lactantium
824 2193 944 2231 secuti
964 2203 1072 2241 sunt,
1095 2197 1319 2244 Anonymus
1345 2193 1392 2231 ad
1415 2193 1622 2244 Sibyllina,

161 2260 372 2297 Scholiasta
386 2259 433 2296 ad
447 2258 616 2297 Platonis
626 2257 841 2301 Phaedrum,
856 2257 1029 2306 Photius,
1042 2257 1176 2296 Suidas
1186 2286 1196 2304 ,
1209 2271 1339 2295 omnes
1349 2257 1552 2310 Μαρμίσσῳ
1564 2259 1621 2295 vel

160 2323 381 2376 Μαρμύσσῳ,
402 2323 442 2361 id
462 2331 518 2361 est
532 2321 635 2360 haud
655 2321 784 2368 dubie,
807 2321 1040 2375 Μαρμήσσῳ,
1063 2331 1280 2360 constanter
1295 2321 1488 2360 exhibent.
1507 2323 1621 2373 Apud

160 2386 371 2435 Tibullum,
390 2386 457 2425 lib.
474 2387 524 2432 Il,
543 2387 637 2438 eleg.
655 2387 690 2434 5,
704 2400 738 2424 v.
755 2387 815 2434 67,
835 2385 902 2424 ubi
917 2394 972 2424 est
990 2401 999 2424 :
1017 2386 1240 2437 «Quidquid
1262 2386 1471 2438 Marpessia
1487 2386 1623 2434 dixit‚»

161 2453 338 2490 vacillant
359 2452 448 2492 edd.
469 2460 507 2489 et
523 2451 636 2489 codd.
654 2452 752 2489 inter
775 2451 956 2489 lectiones
982 2451 1076 2489 duas
1095 2454 1291 2501 Marpesia
1318 2459 1356 2489 et
1385 2453 1621 2499 Mermessia,

162 2530 321 2567 quarum
338 2516 531 2567 posterior
551 2514 801 2567 praeferenda.
824 2515 1032 2553 Martianus
1051 2515 1220 2565 Capella,
1250 2514 1296 2552 de
1315 2516 1432 2565 Nupt.
1459 2515 1621 2562 Philus„

162 2580 226 2617 lib.
253 2580 307 2628 ll,
328 2580 402 2619 loc.
420 2581 511 2630 jam.
532 2580 617 2626 cit.‚
644 2578 821 2629 Sibyllam
846 2593 960 2629 quam
990 2578 1198 2628 Trojanam
1228 2587 1361 2627 vocat,
1388 2596 1402 2611 α
1419 2579 1621 2616 Marmensi

163 2645 276 2682 liliam
302 2663 318 2677 u
341 2645 450 2692 sacit,
471 2643 538 2682 ubi
567 2652 698 2694 aperte
718 2643 916 2694 legendum
942 2645 1147 2682 Marmessi
1166 2642 1222 2680 vel
1240 2644 1448 2680 Mermessi.
1466 2642 1623 2681 Videtur

164 2720 255 2759 ergo
274 2708 321 2745 de
340 2721 431 2745 vero
452 2707 557 2746 urbis
577 2707 732 2745 nomine
749 2707 807 2745 vel
827 2707 1032 2746 Pausanias
1059 2720 1226 2756 eri-asse,
1246 2707 1306 2745 vel
1327 2708 1393 2758 qui
1409 2721 1494 2745 eum
1518 2715 1622 2745 tran-

162 2774 418 2823 scripserunt,
453 2781 490 2810 et
508 2773 652 2823 pariter
671 2772 709 2810 in
729 2771 913 2823 Sibyllino
933 2785 1044 2811 versu
1065 2772 1264 2823 legendum
1293 2785 1374 2810 esse
1392 2772 1618 2823 Μερμησσός.

163 2836 326 2874 Anvillio
352 2844 475 2874 tamen
496 2837 614 2888 magis
642 2836 803 2887 placuit,
825 2837 863 2874 in
894 2836 988 2875 Asiae
1015 2836 1173 2874 minoris
1199 2835 1349 2886 tabula,
1375 2839 1617 2886 Marpessus,
