1686 3500
581 121 890 169 EXCURSUS
927 121 981 165 V.
1037 126 1041 131 '
1111 149 1113 152 -
1437 122 1528 170 387

62 232 226 274 uterque
243 219 363 259 multa
382 232 431 258 ex
451 217 562 258 libris
581 217 776 270 prioribus
797 216 999 269 desumpta
1016 215 1148 265 habet,
1165 225 1209 255 ut
1235 216 1301 257 illa
1323 227 1442 270 supra
1463 231 1535 259 no·

64 298 164 329 tata:
181 285 323 339 quibus
342 284 464 334 adde,
480 283 512 323 si
529 283 576 335 ad
595 282 805 323 minutiora
823 280 1058 321 descendere
1074 289 1200 339 vacat,
1218 282 1364 323 similes
1379 296 1534 336 quoque

63 351 217 393 dicendi
254 350 409 398 formas,
427 357 472 387 ut
489 349 564 400 Vl,
588 361 627 398 9,
659 360 715 399 sq.
733 360 743 384 2
763 346 877 391 Δείξει
906 347 936 385 δ’
963 344 1193 401 ἀνθρώποισιν
1224 346 1338 397 ὁδούς,
1363 362 1397 387 κ.
1423 364 1456 388 τ.
1486 349 1535 399 λ.,

64 434 85 458 e
104 415 206 456 libro
221 415 326 466 vul,
344 427 381 454 v.
401 414 501 465 3993
521 420 560 451 et
578 411 677 452 ibid.
702 425 737 451 v.
760 412 819 460 13,
833 425 917 463 sqq.
937 424 948 451 t
971 409 1125 462 Κύματα
1143 409 1322 459 πεζεύσει,
1335 426 1371 452 κ.
1390 427 1426 452 τ.
1443 413 1498 462 λ.,
1514 426 1536 452 e

67 482 166 522 libro
192 481 345 528 vum.
368 479 458 528 273,
478 491 575 530 sqq.;
591 485 631 517 et
665 475 760 516 ibid.
788 491 825 517 v.
850 482 897 521 al.
917 492 926 517 ε
945 475 1109 529 Φοὸερὴν
1138 473 1174 514 δὲ
1189 474 1373 529 χολὴν,,κ.
1390 491 1425 518 τ.
1440 478 1489 529 λ.,
1517 491 1540 518 e

67 548 166 587 libro
188 545 291 593 vffl,
306 558 341 583 v.
360 545 456 596 3033
478 552 517 582 et
533 556 618 595 quae
640 542 821 595 leguntur
841 542 889 581 de
906 541 1086 580 incendio
1107 539 1214 580 orbis
1232 548 1437 593 terrarum,
1452 542 1538 592 vn,

71 625 141 651 120
157 623 254 662 sqq„
273 622 321 648 ex
340 606 597 646 acrostichide
612 606 704 646 libri
719 607 862 655 octavi,
882 620 919 644 v.
944 607 1037 654 225,
1058 618 1140 657 sqq.

117 679 265 717 Auctor
283 681 409 712 autem
429 672 553 725 qualis
571 672 707 720 suerit,
719 672 797 723 jam
814 685 929 724 supra
966 669 1274 723 significavimus.
1304 670 1542 710 Christianus

64 755 202 794 nempe
222 741 322 793 (quis
334 740 409 778 hoc
428 739 548 790 possit
563 738 822 789 ambigere?)‚
843 738 908 775 sed
941 737 1095 776 Judazus
1112 735 1273 788 origine,
1289 736 1542 787 etjuda'iznn—

67 808 170 846 tibus
201 802 510 844 annumerandus
537 818 545 841 :
578 802 667 841 satis
701 802 774 840 hoc
806 801 931 853 arguit
970 801 1077 839 locus
1110 800 1192 852 ipse
1215 813 1331 852 supra
1352 800 1541 848 laudatus,

64 885 100 910 v.
126 872 213 918 132,
238 883 323 920 sqq.
352 867 535 906 adversus
557 880 622 905 eos
642 866 732 918 qui,
755 866 868 904 ovina
899 866 998 917 pelle
1030 865 1211 916 vulpinos
1227 878 1359 904 sensus
1381 864 1546 904 abscon-

66 936 219 983 dentes,
241 934 335 972 salso
355 946 394 971 se
416 931 598 971 Hebraeos
614 931 763 983 jactant
780 944 790 967 ε

276 999 322 1038 Οἱ
341 997 402 1050 μὲν
420 995 606 1048 δυσάμενοι
622 995 808 1050 προὸάτων
826 994 1035 1049 λασιότριχα
1051 995 1147 1049 ῥινὰ,

276 1062 438 1117 Ἓὸραῖοι
454 1061 656 1116 ψεύσονται,
677 1060 696 1100 ὃ
713 1060 762 1113 μὴ
779 1059 875 1113 γένος
897 1059 1044 1099 ἔλλαὸον
1068 1060 1183 1109 αὐτοί,

65 1129 210 1181 quique
229 1127 301 1166 sub
322 1126 531 1165 verborum
552 1125 679 1178 specie
700 1126 851 1163 lucrum
870 1126 993 1164 solum
1013 1134 1250 1176 quaerentes,
1273 1125 1474 1167 hominum
1490 1127 1550 1167 vi-

67 1204 140 1232 tam
162 1202 308 1231 mutare
323 1190 583 1239 contendunt,
601 1190 641 1228 id
664 1189 924 1241 est‚juda‘icos
946 1203 1071 1229 mores
1098 1191 1293 1242 ritusque3
1317 1205 1387 1230 nec
1405 1201 1547 1242 tamen,

67 1257 191 1309 inquit
215 1265 352 1309 poeta,
372 1256 505 1293 fucum
524 1254 792 1306 facientjustis
812 1266 824 1295 z

280 1320 328 1361 Οἳ
348 1320 422 1372 βίον
440 1319 649 1368 ἀλλάξουσι,
664 1319 721 1358 καὶ
741 1319 780 1357 οὐ
799 1317 960 1359 πείσουσι
980 1319 1148 1368 δικαίους,

69 1387 135 1426 nbi
159 1396 200 1425 tu
220 1386 375 1429 δικαίους
404 1386 572 1436 intellige
595 1384 836 1423 Christianos
863 1383 930 1435 qui
955 1384 993 1421 in
1021 1384 1216 1433 judaismo
1234 1386 1546 1435 perseverabunt.

69 1452 188 1502 Adde,
209 1451 354 1490 leviora
374 1451 463 1489 licet
482 1449 638 1500 indicia,
661 1448 721 1487 bis
746 1457 994 1487 memoratam
1009 1448 1179 1488 'Davidis
1197 1449 1373 1500 domum,
1389 1452 1457 1501 vl,
1482 1455 1550 1503 16',

68 1525 106 1556 et
119 1517 187 1555 Vll
202 1544 213 1563 ,
233 1517 296 1562 31,
311 1524 348 1554 et
369 1514 549 1554 Jordanis
564 1513 685 1552 amnis
702 1514 874 1561 laudem,
893 1514 958 1562 Vl,
976 1514 1012 1551 5.
1032 1515 1107 1553 Nec
1118 1512 1246 1552 obstat
1259 1516 1363 1566 quod
1377 1516 1477 1556 libro
1487 1518 1553 1568 vl,

70 1594 104 1620 v.
132 1594 195 1628 21,
219 1581 259 1618 in
278 1579 450 1632 pleribus
474 1578 589 1620 codd.
617 1587 656 1618 et
680 1579 719 1616 in
741 1579 902 1629 vulgatis
928 1578 1032 1630 edd„
1054 1580 1159 1630 turpi
1183 1581 1362 1632 nomine,
1383 1582 1551 1635 Σοδομῖτι

43 1656 47 1662 ’
68 1644 169 1698 γαίη,
187 1644 322 1684 Judaea
337 1644 605 1696 compelletur,
622 1657 742 1695 quum
758 1643 936 1682 videatur
952 1645 1042 1683 olim
1064 1644 1203 1683 lectum
1222 1644 1337 1685 fuisse
1353 1647 1545 1698 Σολυμῖτιτ

68 1711 201 1750 confer
218 1725 302 1751 cur.
335 1718 431 1761 post.
456 1701 504 1748 ad
526 1709 562 1749 h.
595 1709 619 1749 l.
648 1708 723 1748 Sed
741 1717 780 1747 et
812 1710 981 1760 Σοδομῖτι
1003 1719 1103 1748 stare
1122 1710 1260 1761 possit,
1280 1710 1327 1748 ad
1353 1714 1549 1765 exemplar

71 1776 362 1829 prophetarum,
388 1775 546 1826 Solyma
568 1787 669 1825 saepe
699 1787 786 1812 cum
806 1773 985 1813 Sodomis
1004 1787 1070 1813 seu
1093 1775 1369 1815 contumeliose
1384 1791 1451 1816 seu
1478 1779 1554 1816 mi-

70 1842 214 1880 naciter
230 1839 532 1891 comparantium
550 1852 559 1878 z
574 1838 709 1876 confer
719 1839 964 1890 isaiam,cap.
986 1853 1019 1891 1,
1038 1852 1072 1877 v.
1090 1851 1214 1890 9,sq.;
1227 1839 1370 1879 Jcrem.
1384 1855 1472 1894 cap.
1490 1845 1553 1889 23.

71 1919 106 1944 v.
125 1905 346 1954 143Ezech.
368 1917 456 1955 cap.
482 1904 549 1951 16,
581 1916 619 1943 v.
643 1904 705 1951 48,
722 1911 813 1950 etc.;
831 1916 981 1941 necnon
1003 1903 1233 1955 Apocalyps.
1255 1917 1342 1956 cap.
1370 1918 1429 1954 ιι,
1451 1920 1490 1947 v.
1513 1909 1552 1958 8,

72 1972 136 2010 ubi
159 1973 301 2009 mentio
321 1977 378 2007 est
395 1967 767 2019 l'ierosolymorum,
789 1976 969 2019 tanquam
988 1984 1004 2001 n
1025 1967 1189 2006 civitatis
1207 1981 1364 2020 magnae,
1379 1984 1465 2022 quae
1483 1985 1553 2011 vo-

73 2046 180 2075 catur
198 2033 449 2087 spititualiter
467 2031 632 2072 Sodoma
646 2049 675 2071 υ.

124 2100 242 2152 Magis
269 2097 481 2137 mirandum
514 2096 626 2135 tertio
653 2097 886 2149 saeculojam
901 2098 982 2135 sere
1001 2097 1144 2150 medio,
1163 2098 1279 2137 fuisse
1292 2099 1417 2138 adhuc
1435 2101 1550 2141 Chri—

72 2167 212 2205 stimos
231 2164 297 2216 qui
323 2163 518 2214 judaicam
541 2161 788 2199 traditionem
821 2162 1040 2201 retinerent.
1066 2164 1146 2201 lloc
1177 2171 1301 2202 tamen
1329 2166 1551 2207 certissimis

74 2234 229 2271 Patrum
253 2227 480 2267 testimoniis
502 2226 795 2265 confirmabitur
813 2227 852 2265 iu
875 2228 968 2267 Exc.
991 2228 1056 2268 Vl.

126 2298 254 2335 Restat
276 2302 316 2331 ut
345 2293 504 2344 patriam
535 2291 757 2343 adoptivam
788 2302 912 2344 poetae
940 2293 1085 2340 nostri,
1106 2307 1190 2345 quae
1217 2295 1352 2345 suerit,
1383 2297 1552 2349 inquira-

76 2376 166 2400 mus.
185 2362 238 2400 Ea
262 2360 375 2397 millis
403 2359 517 2397 certis
541 2358 692 2396 indiciis
721 2359 955 2410 deprehendi
975 2368 1114 2411 potest.
1135 2362 1219 2399 Non
1241 2362 1392 2401 videtur
1423 2372 1547 2404 tamen

74 2425 262 2478 AEgyptia,
286 2424 468 2475 quoniam
484 2423 666 2474 AEgyptus
692 2423 740 2461 ab
769 2424 836 2462 illo
857 2425 971 2463 semel
994 2433 1137 2463 tantum
1158 2438 1202 2463 ac
1218 2424 1403 2477 breviter,
1419 2443 1551 2481 quam-

75 2491 129 2529 vis
146 2491 323 2539 honeste,
346 2489 620 2539 compellatur,
653 2487 716 2525 lib.
749 2489 830 2537 Vll,
847 2503 882 2528 v.
900 2500 917 2526 v1
927 2490 964 2536 8,
995 2502 1078 2541 sqq.
1110 2491 1221 2541 Syria
1243 2491 1404 2531 fortasse
1437 2495 1550 2545 paulo

75 2556 219 2606 saepius,
242 2563 283 2592 ut
308 2566 346 2592 v.
372 2559 466 2597 114:

282 2616 380 2672 Ἄρτι
396 2617 433 2656 δέ
449 2631 507 2664 σε,
524 2617 635 2669 Συρίη
650 2616 797 2668 τλῆμον,
821 2616 1055 2671 κατοδύρομαι
1072 2618 1231 2671 οἰκτρῶς,

76 2692 112 2722 et
130 2698 162 2723 v.
182 2687 246 2733 64,
264 2697 372 2734 sqq.:

283 2741 321 2786 ’Ἆ
344 2748 455 2799 Συρίη
472 2746 590 2795 κοίλη,
612 2745 789 2786 Φοινίκων
810 2746 932 2800 ὔψοθεν
951 2748 1084 2799 ἀνδρῶν

290 2807 353 2856 Οἷς
368 2811 623 2863 ἐπερευγομένη
640 2816 756 2864 χεῖται
775 2811 947 2866 Βηρυτιὰς
973 2813 1085 2863 ἅλμη,
