<?xml version="1.0" encoding="UTF-8"?>
<!DOCTYPE html PUBLIC "-//W3C//DTD XHTML 1.0 Transitional//EN"
    "http://www.w3.org/TR/xhtml1/DTD/xhtml1-transitional.dtd">
<html xmlns="http://www.w3.org/1999/xhtml" xml:lang="en" lang="en">
 <head>
  <title>
</title>
<meta http-equiv="Content-Type" content="text/html;charset=utf-8" />
  <meta name='ocr-system' content='tesseract 3.04.00' />
  <meta name='ocr-capabilities' content='ocr_page ocr_carea ocr_par ocr_line ocrx_word'/>
</head>
<body>
  <div class='ocr_page' id='page_1' title='image "./excursusadsibyll00alexuoft_0204.png"; bbox 0 0 1752 3495; ppageno 0'>
   <div class='ocr_carea' id='block_1_1' title="bbox 559 162 1473 232">
    <p class='ocr_par' dir='ltr' id='par_1_1' title="bbox 559 162 1473 232">
     <span class='ocr_line' id='line_1_1' title="bbox 559 162 1473 232; baseline 0.001 -23"><span class='ocrx_word' id='word_1_1' title='bbox 559 162 857 209; x_wconf 79' lang='lat' dir='ltr'><strong>EXCURSUS</strong></span> <span class='ocrx_word' id='word_1_2' title='bbox 892 162 972 206; x_wconf 89' lang='lat'>111.</span> <span class='ocrx_word' id='word_1_3' title='bbox 1385 165 1473 232; x_wconf 52' lang='lat'><strong>{95</strong></span> 
     </span>
    </p>
   </div>
   <div class='ocr_carea' id='block_1_2' title="bbox 33 254 1529 2894">
    <p class='ocr_par' dir='ltr' id='par_1_2' title="bbox 33 254 1481 569">
     <span class='ocr_line' id='line_1_2' title="bbox 34 254 1475 314; baseline -0.008 -4"><span class='ocrx_word' id='word_1_4' title='bbox 34 272 108 311; x_wconf 81' lang='lat' dir='ltr'><strong>liliae</strong></span> <span class='ocrx_word' id='word_1_5' title='bbox 124 267 172 306; x_wconf 85' lang='lat' dir='ltr'><strong>ab</strong></span> <span class='ocrx_word' id='word_1_6' title='bbox 191 263 314 303; x_wconf 82' lang='lat' dir='ltr'><strong>officio</strong></span> <span class='ocrx_word' id='word_1_7' title='bbox 331 261 491 300; x_wconf 75' lang='lat' dir='ltr'><strong>Vestalis</strong></span> <span class='ocrx_word' id='word_1_8' title='bbox 506 260 704 314; x_wconf 85' lang='lat' dir='ltr'><strong>ministerii</strong></span> <span class='ocrx_word' id='word_1_9' title='bbox 719 254 907 297; x_wconf 84' lang='lat' dir='ltr'><strong>immunes</strong></span> <span class='ocrx_word' id='word_1_10' title='bbox 928 266 1055 308; x_wconf 85' lang='lat' dir='ltr'><strong>erant,</strong></span> <span class='ocrx_word' id='word_1_11' title='bbox 1072 259 1170 298; x_wconf 88' lang='lat' dir='ltr'><strong>Gell.</strong></span> <span class='ocrx_word' id='word_1_12' title='bbox 1191 258 1255 299; x_wconf 89' lang='lat' dir='ltr'><strong>lib.</strong></span> <span class='ocrx_word' id='word_1_13' title='bbox 1272 260 1300 307; x_wconf 91' lang='lat' dir='ltr'><strong>l,</strong></span> <span class='ocrx_word' id='word_1_14' title='bbox 1315 273 1400 312; x_wconf 68' lang='lat' dir='ltr'><strong>cap,</strong></span> <span class='ocrx_word' id='word_1_15' title='bbox 1418 274 1475 299; x_wconf 72' lang='grc' dir='ltr'><strong>η.</strong></span> 
     </span>
     <span class='ocr_line' id='line_1_3' title="bbox 33 323 1478 384; baseline -0.006 -11"><span class='ocrx_word' id='word_1_16' title='bbox 33 339 69 376; x_wconf 87' lang='lat' dir='ltr'><strong>ln</strong></span> <span class='ocrx_word' id='word_1_17' title='bbox 84 328 302 384; x_wconf 83' lang='lat' dir='ltr'><strong>spectaculis</strong></span> <span class='ocrx_word' id='word_1_18' title='bbox 320 327 480 365; x_wconf 79' lang='lat' dir='ltr'><strong>laureati</strong></span> <span class='ocrx_word' id='word_1_19' title='bbox 496 326 703 372; x_wconf 84' lang='lat' dir='ltr'><strong>sedebant,</strong></span> <span class='ocrx_word' id='word_1_20' title='bbox 728 323 887 371; x_wconf 69' lang='lat' dir='ltr'><strong>Arnob„</strong></span> <span class='ocrx_word' id='word_1_21' title='bbox 907 324 975 364; x_wconf 89' lang='lat' dir='ltr'><strong>lib.</strong></span> <span class='ocrx_word' id='word_1_22' title='bbox 1002 325 1063 371; x_wconf 81' lang='lat' dir='ltr'><strong>w,</strong></span> <span class='ocrx_word' id='word_1_23' title='bbox 1081 336 1121 375; x_wconf 83' lang='lat' dir='ltr'><strong>p.</strong></span> <span class='ocrx_word' id='word_1_24' title='bbox 1149 324 1234 375; x_wconf 54' lang='lat'><strong>1⁴51,</strong></span> <span class='ocrx_word' id='word_1_25' title='bbox 1258 325 1317 365; x_wconf 85' lang='lat' dir='ltr'><strong>ed.</strong></span> <span class='ocrx_word' id='word_1_26' title='bbox 1333 339 1414 367; x_wconf 83' lang='lat' dir='ltr'><strong>var.</strong></span> <span class='ocrx_word' id='word_1_27' title='bbox 1435 327 1478 365; x_wconf 82' lang='lat' dir='ltr'><strong>ln</strong></span> 
     </span>
     <span class='ocr_line' id='line_1_4' title="bbox 35 388 1479 453; baseline -0.003 -18"><span class='ocrx_word' id='word_1_28' title='bbox 35 396 171 453; x_wconf 77' lang='lat' dir='ltr'>pompis</span> <span class='ocrx_word' id='word_1_29' title='bbox 188 402 300 444; x_wconf 85' lang='lat' dir='ltr'><strong>atque</strong></span> <span class='ocrx_word' id='word_1_30' title='bbox 319 392 454 430; x_wconf 79' lang='lat' dir='ltr'><strong>ofliciis</strong></span> <span class='ocrx_word' id='word_1_31' title='bbox 470 390 633 443; x_wconf 87' lang='lat' dir='ltr'><strong>publicis</strong></span> <span class='ocrx_word' id='word_1_32' title='bbox 654 388 847 441; x_wconf 87' lang='lat' dir='ltr'><strong>majestate</strong></span> <span class='ocrx_word' id='word_1_33' title='bbox 869 402 946 441; x_wconf 85' lang='lat' dir='ltr'><strong>prae</strong></span> <span class='ocrx_word' id='word_1_34' title='bbox 970 392 1119 428; x_wconf 84' lang='lat' dir='ltr'><strong>&#39;ceteris</strong></span> <span class='ocrx_word' id='word_1_35' title='bbox 1137 391 1394 430; x_wconf 84' lang='lat' dir='ltr'><strong>sacerdotibus</strong></span> <span class='ocrx_word' id='word_1_36' title='bbox 1415 392 1479 430; x_wconf 88' lang='lat' dir='ltr'><strong>in-</strong></span> 
     </span>
     <span class='ocr_line' id='line_1_5' title="bbox 37 453 1481 514; baseline -0.003 -15"><span class='ocrx_word' id='word_1_37' title='bbox 37 466 145 514; x_wconf 71' lang='lat' dir='ltr'><strong>signes</strong></span> <span class='ocrx_word' id='word_1_38' title='bbox 172 467 302 504; x_wconf 85' lang='lat' dir='ltr'><strong>erant,</strong></span> <span class='ocrx_word' id='word_1_39' title='bbox 331 457 382 495; x_wconf 86' lang='lat' dir='ltr'><strong>ita</strong></span> <span class='ocrx_word' id='word_1_40' title='bbox 413 467 455 496; x_wconf 90' lang='lat' dir='ltr'><strong>ut</strong></span> <span class='ocrx_word' id='word_1_41' title='bbox 486 456 651 507; x_wconf 79' lang='lat' dir='ltr'><strong>gravitas</strong></span> <span class='ocrx_word' id='word_1_42' title='bbox 673 468 806 492; x_wconf 88' lang='lat' dir='ltr'><strong>eorum</strong></span> <span class='ocrx_word' id='word_1_43' title='bbox 839 467 943 505; x_wconf 88' lang='lat' dir='ltr'><strong>paeue</strong></span> <span class='ocrx_word' id='word_1_44' title='bbox 971 454 1009 491; x_wconf 90' lang='lat' dir='ltr'><strong>in</strong></span> <span class='ocrx_word' id='word_1_45' title='bbox 1041 453 1287 505; x_wconf 85' lang='lat' dir='ltr'><strong>proverbium</strong></span> <span class='ocrx_word' id='word_1_46' title='bbox 1320 455 1481 504; x_wconf 89' lang='lat' dir='ltr'><strong>abierit,</strong></span> 
     </span>
     <span class='ocr_line' id='line_1_6' title="bbox 39 523 295 569; baseline -0.027 -3"><span class='ocrx_word' id='word_1_47' title='bbox 39 527 122 569; x_wconf 90' lang='lat' dir='ltr'><strong>Gell.</strong></span> <span class='ocrx_word' id='word_1_48' title='bbox 140 525 213 563; x_wconf 90' lang='lat' dir='ltr'><strong>loc.</strong></span> <span class='ocrx_word' id='word_1_49' title='bbox 229 523 295 560; x_wconf 87' lang='lat' dir='ltr'><strong>cit.</strong></span> 
     </span>
    </p>

    <p class='ocr_par' dir='ltr' id='par_1_3' title="bbox 43 583 1499 1283">
     <span class='ocr_line' id='line_1_7' title="bbox 83 583 1487 635; baseline -0.003 -9"><span class='ocrx_word' id='word_1_50' title='bbox 83 592 234 634; x_wconf 82' lang='lat' dir='ltr'><strong>Verum,</strong></span> <span class='ocrx_word' id='word_1_51' title='bbox 253 585 312 623; x_wconf 85' lang='lat' dir='ltr'><strong>his</strong></span> <span class='ocrx_word' id='word_1_52' title='bbox 328 585 496 635; x_wconf 84' lang='lat' dir='ltr'><strong>omissis,</strong></span> <span class='ocrx_word' id='word_1_53' title='bbox 513 584 602 623; x_wconf 88' lang='lat' dir='ltr'><strong>satis</strong></span> <span class='ocrx_word' id='word_1_54' title='bbox 626 583 794 634; x_wconf 90' lang='lat' dir='ltr'><strong>amplum</strong></span> <span class='ocrx_word' id='word_1_55' title='bbox 816 583 862 621; x_wconf 88' lang='lat' dir='ltr'><strong>iis</strong></span> <span class='ocrx_word' id='word_1_56' title='bbox 883 583 998 621; x_wconf 91' lang='lat' dir='ltr'><strong>decus</strong></span> <span class='ocrx_word' id='word_1_57' title='bbox 1013 590 1094 621; x_wconf 87' lang='lat' dir='ltr'><strong>erat</strong></span> <span class='ocrx_word' id='word_1_58' title='bbox 1115 583 1218 634; x_wconf 91' lang='lat' dir='ltr'><strong>quod</strong></span> <span class='ocrx_word' id='word_1_59' title='bbox 1244 595 1266 621; x_wconf 86' lang='lat' dir='ltr'><strong>e</strong></span> <span class='ocrx_word' id='word_1_60' title='bbox 1298 584 1487 634; x_wconf 83' lang='lat' dir='ltr'><strong>primariis</strong></span> 
     </span>
     <span class='ocr_line' id='line_1_8' title="bbox 43 647 1491 701; baseline -0.005 -8"><span class='ocrx_word' id='word_1_61' title='bbox 43 650 189 695; x_wconf 86' lang='lat' dir='ltr'><strong>civitatis</strong></span> <span class='ocrx_word' id='word_1_62' title='bbox 202 663 351 701; x_wconf 83' lang='lat' dir='ltr'>semper</span> <span class='ocrx_word' id='word_1_63' title='bbox 366 649 550 700; x_wconf 82' lang='lat' dir='ltr'>assumpti</span> <span class='ocrx_word' id='word_1_64' title='bbox 568 648 742 694; x_wconf 84' lang='lat' dir='ltr'><strong>fuissent,</strong></span> <span class='ocrx_word' id='word_1_65' title='bbox 765 660 862 697; x_wconf 86' lang='lat' dir='ltr'><strong>quos</strong></span> <span class='ocrx_word' id='word_1_66' title='bbox 880 647 959 698; x_wconf 88' lang='lat' dir='ltr'><strong>jam</strong></span> <span class='ocrx_word' id='word_1_67' title='bbox 980 647 1069 684; x_wconf 92' lang='lat' dir='ltr'><strong>olim</strong></span> <span class='ocrx_word' id='word_1_68' title='bbox 1091 647 1236 697; x_wconf 82' lang='lat' dir='ltr'>Sibylla</span> <span class='ocrx_word' id='word_1_69' title='bbox 1252 647 1353 698; x_wconf 89' lang='lat' dir='ltr'><strong>apud</strong></span> <span class='ocrx_word' id='word_1_70' title='bbox 1368 648 1491 699; x_wconf 76' lang='lat' dir='ltr'><strong>virgi-</strong></span> 
     </span>
     <span class='ocr_line' id='line_1_9' title="bbox 46 710 1490 763; baseline -0.005 -5"><span class='ocrx_word' id='word_1_71' title='bbox 46 723 143 763; x_wconf 84' lang='lat' dir='ltr'>lium,</span> <span class='ocrx_word' id='word_1_72' title='bbox 170 716 240 754; x_wconf 89' lang='lat' dir='ltr'><strong>loc.</strong></span> <span class='ocrx_word' id='word_1_73' title='bbox 270 714 349 761; x_wconf 89' lang='lat' dir='ltr'><strong>cit.,</strong></span> <span class='ocrx_word' id='word_1_74' title='bbox 379 730 393 747; x_wconf 74' lang='grc' dir='ltr'><strong><em>κ</em></strong></span> <span class='ocrx_word' id='word_1_75' title='bbox 414 713 528 751; x_wconf 86' lang='lat' dir='ltr'><strong>lectos</strong></span> <span class='ocrx_word' id='word_1_76' title='bbox 549 712 676 750; x_wconf 80' lang='lat' dir='ltr'><strong>viros»</strong></span> <span class='ocrx_word' id='word_1_77' title='bbox 703 710 890 758; x_wconf 80' lang='lat' dir='ltr'><strong>vocabat3</strong></span> <span class='ocrx_word' id='word_1_78' title='bbox 910 711 1045 749; x_wconf 88' lang='lat' dir='ltr'><strong>Cicero</strong></span> <span class='ocrx_word' id='word_1_79' title='bbox 1066 719 1192 748; x_wconf 86' lang='lat' dir='ltr'><strong>autem</strong></span> <span class='ocrx_word' id='word_1_80' title='bbox 1216 710 1264 749; x_wconf 87' lang='lat' dir='ltr'><strong>de</strong></span> <span class='ocrx_word' id='word_1_81' title='bbox 1289 712 1418 751; x_wconf 89' lang='lat' dir='ltr'><strong>Divin.</strong></span> <span class='ocrx_word' id='word_1_82' title='bbox 1453 713 1490 759; x_wconf 88' lang='lat'><strong>1,</strong></span> 
     </span>
     <span class='ocr_line' id='line_1_10' title="bbox 47 775 1491 832; baseline -0.001 -16"><span class='ocrx_word' id='word_1_83' title='bbox 47 784 133 832; x_wconf 70' lang='lat'><strong>552,</strong></span> <span class='ocrx_word' id='word_1_84' title='bbox 154 779 345 816; x_wconf 84' lang='lat' dir='ltr'><strong>«delectos</strong></span> <span class='ocrx_word' id='word_1_85' title='bbox 361 790 382 815; x_wconf 91' lang='lat' dir='ltr'><strong>e</strong></span> <span class='ocrx_word' id='word_1_86' title='bbox 401 777 574 815; x_wconf 82' lang='lat' dir='ltr'><strong>civitate.</strong></span> <span class='ocrx_word' id='word_1_87' title='bbox 594 794 609 808; x_wconf 54' lang='grc' dir='ltr'><strong>»ι</strong></span> <span class='ocrx_word' id='word_1_88' title='bbox 625 777 757 827; x_wconf 90' lang='lat' dir='ltr'><strong>ltaque</strong></span> <span class='ocrx_word' id='word_1_89' title='bbox 774 787 922 813; x_wconf 88' lang='lat' dir='ltr'><strong>summo</strong></span> <span class='ocrx_word' id='word_1_90' title='bbox 943 788 1093 826; x_wconf 79' lang='lat' dir='ltr'><strong>semper</strong></span> <span class='ocrx_word' id='word_1_91' title='bbox 1112 775 1236 813; x_wconf 89' lang='lat' dir='ltr'><strong>studio</strong></span> <span class='ocrx_word' id='word_1_92' title='bbox 1255 789 1276 812; x_wconf 91' lang='lat' dir='ltr'><strong>a</strong></span> <span class='ocrx_word' id='word_1_93' title='bbox 1298 775 1491 815; x_wconf 82' lang='lat' dir='ltr'><strong>nobilibus</strong></span> 
     </span>
     <span class='ocr_line' id='line_1_11' title="bbox 48 840 1495 893; baseline -0.003 -9"><span class='ocrx_word' id='word_1_94' title='bbox 48 845 180 886; x_wconf 77' lang='lat' dir='ltr'><strong>familiis</strong></span> <span class='ocrx_word' id='word_1_95' title='bbox 197 843 386 893; x_wconf 87' lang='lat' dir='ltr'><strong>expetitus</strong></span> <span class='ocrx_word' id='word_1_96' title='bbox 411 842 480 880; x_wconf 87' lang='lat' dir='ltr'><strong>suit</strong></span> <span class='ocrx_word' id='word_1_97' title='bbox 500 842 625 879; x_wconf 86' lang='lat' dir='ltr'><strong>honor</strong></span> <span class='ocrx_word' id='word_1_98' title='bbox 640 842 717 879; x_wconf 90' lang='lat' dir='ltr'><strong>ille.</strong></span> <span class='ocrx_word' id='word_1_99' title='bbox 731 840 870 878; x_wconf 84' lang='lat' dir='ltr'><strong>Coelius</strong></span> <span class='ocrx_word' id='word_1_100' title='bbox 884 840 932 877; x_wconf 90' lang='lat' dir='ltr'><strong>ad</strong></span> <span class='ocrx_word' id='word_1_101' title='bbox 947 841 1187 885; x_wconf 83' lang='lat' dir='ltr'><strong>Ciceronem,</strong></span> <span class='ocrx_word' id='word_1_102' title='bbox 1200 841 1311 892; x_wconf 78' lang='lat' dir='ltr'><strong>epist.</strong></span> <span class='ocrx_word' id='word_1_103' title='bbox 1331 841 1394 880; x_wconf 87' lang='lat' dir='ltr'><strong>cit.</strong></span> <span class='ocrx_word' id='word_1_104' title='bbox 1410 850 1495 879; x_wconf 87' lang='lat' dir='ltr'><strong>tan-</strong></span> 
     </span>
     <span class='ocr_line' id='line_1_12' title="bbox 49 904 1496 963; baseline -0.006 -14"><span class='ocrx_word' id='word_1_105' title='bbox 49 924 143 963; x_wconf 84' lang='lat' dir='ltr'>quam</span> <span class='ocrx_word' id='word_1_106' title='bbox 154 921 229 946; x_wconf 87' lang='lat' dir='ltr'><strong>rem</strong></span> <span class='ocrx_word' id='word_1_107' title='bbox 241 907 419 944; x_wconf 82' lang='lat' dir='ltr'><strong>nonlevis</strong></span> <span class='ocrx_word' id='word_1_108' title='bbox 431 905 610 943; x_wconf 81' lang='lat' dir='ltr'><strong>momenti</strong></span> <span class='ocrx_word' id='word_1_109' title='bbox 622 905 752 943; x_wconf 78' lang='lat' dir='ltr'>scribit</span> <span class='ocrx_word' id='word_1_110' title='bbox 764 918 773 944; x_wconf 78' lang='lat' dir='ltr'><strong>t</strong></span> <span class='ocrx_word' id='word_1_111' title='bbox 787 922 801 938; x_wconf 88' lang='lat'>«</span> <span class='ocrx_word' id='word_1_112' title='bbox 816 906 856 944; x_wconf 76' lang='lat'><strong>1¹.</strong></span> <span class='ocrx_word' id='word_1_113' title='bbox 869 904 1106 946; x_wconf 77' lang='lat' dir='ltr'><strong>Dolabellam</strong></span> <span class='ocrx_word' id='word_1_114' title='bbox 1121 906 1311 945; x_wconf 85' lang='lat' dir='ltr'><strong>XVvirum</strong></span> <span class='ocrx_word' id='word_1_115' title='bbox 1325 906 1496 944; x_wconf 79' lang='lat' dir='ltr'><strong>sactum..</strong></span> 
     </span>
     <span class='ocr_line' id='line_1_13' title="bbox 50 969 1496 1023; baseline -0.005 -8"><span class='ocrx_word' id='word_1_116' title='bbox 50 976 115 1015; x_wconf 83' lang='lat' dir='ltr'><strong>Sub</strong></span> <span class='ocrx_word' id='word_1_117' title='bbox 129 977 292 1023; x_wconf 70' lang='lat' dir='ltr'><strong>Augusto</strong></span> <span class='ocrx_word' id='word_1_118' title='bbox 307 971 475 1010; x_wconf 75' lang='lat' dir='ltr'><strong>Messalae</strong></span> <span class='ocrx_word' id='word_1_119' title='bbox 493 971 609 1008; x_wconf 83' lang='lat' dir='ltr'><strong>lilium</strong></span> <span class='ocrx_word' id='word_1_120' title='bbox 627 969 787 1009; x_wconf 78' lang='lat' dir='ltr'><strong>xvviris</strong></span> <span class='ocrx_word' id='word_1_121' title='bbox 807 969 983 1007; x_wconf 89' lang='lat' dir='ltr'><strong>allectum</strong></span> <span class='ocrx_word' id='word_1_122' title='bbox 1008 969 1106 1020; x_wconf 89' lang='lat' dir='ltr'><strong>patri</strong></span> <span class='ocrx_word' id='word_1_123' title='bbox 1126 969 1338 1020; x_wconf 78' lang='lat' dir='ltr'><strong>gratulatur</strong></span> <span class='ocrx_word' id='word_1_124' title='bbox 1353 970 1496 1021; x_wconf 88' lang='lat' dir='ltr'><strong>scripto</strong></span> 
     </span>
     <span class='ocr_line' id='line_1_14' title="bbox 54 1031 1497 1085; baseline -0.005 -6"><span class='ocrx_word' id='word_1_125' title='bbox 54 1043 170 1079; x_wconf 86' lang='lat' dir='ltr'><strong>ineam</strong></span> <span class='ocrx_word' id='word_1_126' title='bbox 189 1049 266 1074; x_wconf 87' lang='lat' dir='ltr'><strong>rem</strong></span> <span class='ocrx_word' id='word_1_127' title='bbox 292 1035 458 1073; x_wconf 76' lang='lat' dir='ltr'><strong>carmine</strong></span> <span class='ocrx_word' id='word_1_128' title='bbox 475 1034 668 1084; x_wconf 82' lang='lat' dir='ltr'><strong>Tibullus,</strong></span> <span class='ocrx_word' id='word_1_129' title='bbox 685 1033 750 1071; x_wconf 91' lang='lat' dir='ltr'><strong>lib.</strong></span> <span class='ocrx_word' id='word_1_130' title='bbox 773 1034 827 1081; x_wconf 89' lang='grc'><strong>11,</strong></span> <span class='ocrx_word' id='word_1_131' title='bbox 843 1033 936 1085; x_wconf 79' lang='lat' dir='ltr'><strong>eleg.</strong></span> <span class='ocrx_word' id='word_1_132' title='bbox 958 1033 991 1070; x_wconf 86' lang='lat'><strong>5.</strong></span> <span class='ocrx_word' id='word_1_133' title='bbox 1011 1031 1090 1071; x_wconf 91' lang='lat' dir='ltr'><strong>Sub</strong></span> <span class='ocrx_word' id='word_1_134' title='bbox 1110 1033 1327 1071; x_wconf 85' lang='lat' dir='ltr'><strong>Domitiano</strong></span> <span class='ocrx_word' id='word_1_135' title='bbox 1346 1034 1497 1072; x_wconf 76' lang='lat' dir='ltr'><strong>Stellam</strong></span> 
     </span>
     <span class='ocr_line' id='line_1_15' title="bbox 55 1096 1496 1155; baseline -0.003 -15"><span class='ocrx_word' id='word_1_136' title='bbox 55 1102 186 1155; x_wconf 81' lang='lat' dir='ltr'><strong>ingenio</strong></span> <span class='ocrx_word' id='word_1_137' title='bbox 217 1109 254 1138; x_wconf 89' lang='lat' dir='ltr'><strong>et</strong></span> <span class='ocrx_word' id='word_1_138' title='bbox 272 1100 389 1150; x_wconf 78' lang='lat' dir='ltr'><strong>stirpe</strong></span> <span class='ocrx_word' id='word_1_139' title='bbox 416 1099 585 1136; x_wconf 88' lang='lat' dir='ltr'><strong>nobilem</strong></span> <span class='ocrx_word' id='word_1_140' title='bbox 604 1098 881 1136; x_wconf 76' lang='lat' dir='ltr'><strong>adolescentem</strong></span> <span class='ocrx_word' id='word_1_141' title='bbox 910 1096 1039 1135; x_wconf 90' lang='lat' dir='ltr'><strong>laudat</strong></span> <span class='ocrx_word' id='word_1_142' title='bbox 1058 1098 1222 1144; x_wconf 75' lang='lat' dir='ltr'><strong>Statius,</strong></span> <span class='ocrx_word' id='word_1_143' title='bbox 1239 1098 1342 1149; x_wconf 83' lang='lat' dir='ltr'><strong>Sylv.</strong></span> <span class='ocrx_word' id='word_1_144' title='bbox 1362 1098 1428 1138; x_wconf 91' lang='lat' dir='ltr'><strong>lib.</strong></span> <span class='ocrx_word' id='word_1_145' title='bbox 1453 1100 1468 1138; x_wconf 91' lang='lat'>1</span> <span class='ocrx_word' id='word_1_146' title='bbox 1485 1126 1496 1144; x_wconf 89' lang='lat'><strong>,</strong></span> 
     </span>
     <span class='ocr_line' id='line_1_16' title="bbox 57 1163 1499 1215; baseline -0.003 -8"><span class='ocrx_word' id='word_1_147' title='bbox 57 1182 154 1208; x_wconf 77' lang='lat' dir='ltr'><strong>carin.</strong></span> <span class='ocrx_word' id='word_1_148' title='bbox 177 1179 212 1213; x_wconf 69' lang='grc' dir='ltr'><strong>α,</strong></span> <span class='ocrx_word' id='word_1_149' title='bbox 233 1179 268 1204; x_wconf 89' lang='lat' dir='ltr'><strong>v.</strong></span> <span class='ocrx_word' id='word_1_150' title='bbox 291 1166 376 1213; x_wconf 77' lang='lat'><strong>176,</strong></span> <span class='ocrx_word' id='word_1_151' title='bbox 394 1164 512 1215; x_wconf 80' lang='lat' dir='ltr'><strong>quod,</strong></span> <span class='ocrx_word' id='word_1_152' title='bbox 531 1165 627 1202; x_wconf 86' lang='lat' dir='ltr'><strong>miro</strong></span> <span class='ocrx_word' id='word_1_153' title='bbox 644 1164 788 1202; x_wconf 87' lang='lat' dir='ltr'><strong>scilieet</strong></span> <span class='ocrx_word' id='word_1_154' title='bbox 804 1164 989 1214; x_wconf 79' lang='lat' dir='ltr'><strong>principis</strong></span> <span class='ocrx_word' id='word_1_155' title='bbox 1008 1164 1150 1209; x_wconf 79' lang='lat' dir='ltr'><strong>favore,</strong></span> <span class='ocrx_word' id='word_1_156' title='bbox 1165 1163 1204 1201; x_wconf 91' lang='lat' dir='ltr'><strong>in</strong></span> <span class='ocrx_word' id='word_1_157' title='bbox 1219 1163 1346 1201; x_wconf 89' lang='lat' dir='ltr'><strong>album</strong></span> <span class='ocrx_word' id='word_1_158' title='bbox 1358 1164 1435 1215; x_wconf 82' lang='lat' dir='ltr'><strong>jam</strong></span> <span class='ocrx_word' id='word_1_159' title='bbox 1452 1165 1499 1202; x_wconf 85' lang='lat' dir='ltr'><strong>sit</strong></span> 
     </span>
     <span class='ocr_line' id='line_1_17' title="bbox 60 1226 1058 1283; baseline -0.009 -11"><span class='ocrx_word' id='word_1_160' title='bbox 60 1239 212 1283; x_wconf 78' lang='lat' dir='ltr'><strong>receptus</strong></span> <span class='ocrx_word' id='word_1_161' title='bbox 227 1243 302 1267; x_wconf 88' lang='lat' dir='ltr'><strong>non</strong></span> <span class='ocrx_word' id='word_1_162' title='bbox 323 1238 541 1267; x_wconf 89' lang='lat' dir='ltr'><strong>senatorum</strong></span> <span class='ocrx_word' id='word_1_163' title='bbox 560 1228 694 1275; x_wconf 87' lang='lat' dir='ltr'><strong>modo,</strong></span> <span class='ocrx_word' id='word_1_164' title='bbox 712 1227 776 1266; x_wconf 85' lang='lat' dir='ltr'><strong>scd</strong></span> <span class='ocrx_word' id='word_1_165' title='bbox 795 1235 830 1264; x_wconf 91' lang='lat' dir='ltr'><strong>et</strong></span> <span class='ocrx_word' id='word_1_166' title='bbox 844 1226 1034 1264; x_wconf 80' lang='lat' dir='ltr'><strong>XVvirum</strong></span> <span class='ocrx_word' id='word_1_167' title='bbox 1051 1242 1058 1263; x_wconf 79' lang='grc' dir='ltr'>ε</span> 
     </span>
    </p>

    <p class='ocr_par' dir='ltr' id='par_1_4' title="bbox 62 1291 1516 2050">
     <span class='ocr_line' id='line_1_18' title="bbox 638 1291 1067 1341; baseline -0.007 -11"><span class='ocrx_word' id='word_1_168' title='bbox 638 1292 748 1330; x_wconf 85' lang='lat' dir='ltr'><strong>Certe</strong></span> <span class='ocrx_word' id='word_1_169' title='bbox 763 1291 942 1341; x_wconf 81' lang='lat' dir='ltr'><strong>Cybeleia</strong></span> <span class='ocrx_word' id='word_1_170' title='bbox 962 1291 1067 1328; x_wconf 91' lang='lat' dir='ltr'><strong>novit</strong></span> 
     </span>
     <span class='ocr_line' id='line_1_19' title="bbox 222 1355 1186 1406; baseline -0.003 -10"><span class='ocrx_word' id='word_1_171' title='bbox 222 1358 379 1404; x_wconf 84' lang='lat' dir='ltr'><strong>Limina,</strong></span> <span class='ocrx_word' id='word_1_172' title='bbox 399 1366 437 1395; x_wconf 91' lang='lat' dir='ltr'><strong>ct</strong></span> <span class='ocrx_word' id='word_1_173' title='bbox 452 1356 633 1395; x_wconf 70' lang='lat' dir='ltr'><strong>Euboicae</strong></span> <span class='ocrx_word' id='word_1_174' title='bbox 649 1368 800 1394; x_wconf 88' lang='lat' dir='ltr'><strong>carmen</strong></span> <span class='ocrx_word' id='word_1_175' title='bbox 820 1356 911 1406; x_wconf 81' lang='lat' dir='ltr'><strong>legit</strong></span> <span class='ocrx_word' id='word_1_176' title='bbox 936 1355 1000 1393; x_wconf 88' lang='lat' dir='ltr'><strong>ille</strong></span> <span class='ocrx_word' id='word_1_177' title='bbox 1019 1355 1186 1406; x_wconf 91' lang='lat' dir='ltr'><strong>Sibyllae.</strong></span> 
     </span>
     <span class='ocr_line' id='line_1_20' title="bbox 62 1420 1504 1472; baseline -0.004 -8"><span class='ocrx_word' id='word_1_178' title='bbox 62 1426 212 1464; x_wconf 82' lang='lat' dir='ltr'><strong>Valerius</strong></span> <span class='ocrx_word' id='word_1_179' title='bbox 244 1423 419 1468; x_wconf 82' lang='lat' dir='ltr'><strong>Flaccus,</strong></span> <span class='ocrx_word' id='word_1_180' title='bbox 452 1424 597 1472; x_wconf 79' lang='lat' dir='ltr'><strong>Argon.</strong></span> <span class='ocrx_word' id='word_1_181' title='bbox 624 1422 658 1465; x_wconf 90' lang='lat' dir='ltr'><strong>l,</strong></span> <span class='ocrx_word' id='word_1_182' title='bbox 685 1433 721 1458; x_wconf 85' lang='lat' dir='ltr'><strong>v.</strong></span> <span class='ocrx_word' id='word_1_183' title='bbox 751 1422 788 1469; x_wconf 87' lang='lat'><strong>5,</strong></span> <span class='ocrx_word' id='word_1_184' title='bbox 807 1433 891 1470; x_wconf 83' lang='lat' dir='ltr'><strong>sqq.</strong></span> <span class='ocrx_word' id='word_1_185' title='bbox 915 1420 1051 1470; x_wconf 85' lang='lat' dir='ltr'><strong>etipse</strong></span> <span class='ocrx_word' id='word_1_186' title='bbox 1079 1420 1255 1467; x_wconf 79' lang='lat' dir='ltr'><strong>Tacitus,</strong></span> <span class='ocrx_word' id='word_1_187' title='bbox 1275 1420 1412 1459; x_wconf 82' lang='lat' dir='ltr'><strong>Annal.</strong></span> <span class='ocrx_word' id='word_1_188' title='bbox 1438 1420 1504 1470; x_wconf 77' lang='lat' dir='ltr'><strong>XI,</strong></span> 
     </span>
     <span class='ocr_line' id='line_1_21' title="bbox 65 1486 1506 1541; baseline -0.003 -13"><span class='ocrx_word' id='word_1_189' title='bbox 65 1493 80 1541; x_wconf 70' lang='grc'>5</span> <span class='ocrx_word' id='word_1_190' title='bbox 100 1505 150 1537; x_wconf 81' lang='grc' dir='ltr'><strong>ιι,</strong></span> <span class='ocrx_word' id='word_1_191' title='bbox 168 1488 236 1526; x_wconf 87' lang='lat' dir='ltr'><strong>sibi</strong></span> <span class='ocrx_word' id='word_1_192' title='bbox 260 1501 336 1525; x_wconf 89' lang='lat' dir='ltr'><strong>non</strong></span> <span class='ocrx_word' id='word_1_193' title='bbox 360 1487 510 1525; x_wconf 86' lang='lat' dir='ltr'><strong>occulte</strong></span> <span class='ocrx_word' id='word_1_194' title='bbox 533 1499 618 1524; x_wconf 89' lang='lat' dir='ltr'><strong>eum</strong></span> <span class='ocrx_word' id='word_1_195' title='bbox 641 1486 826 1523; x_wconf 83' lang='lat' dir='ltr'><strong>honorem</strong></span> <span class='ocrx_word' id='word_1_196' title='bbox 850 1486 1103 1536; x_wconf 77' lang='lat' dir='ltr'><strong>gratulantur.</strong></span> <span class='ocrx_word' id='word_1_197' title='bbox 1130 1486 1306 1523; x_wconf 87' lang='lat' dir='ltr'><strong>Vitellius</strong></span> <span class='ocrx_word' id='word_1_198' title='bbox 1327 1486 1406 1536; x_wconf 86' lang='lat' dir='ltr'><strong>ipse</strong></span> <span class='ocrx_word' id='word_1_199' title='bbox 1426 1487 1506 1537; x_wconf 88' lang='lat' dir='ltr'><strong>jam</strong></span> 
     </span>
     <span class='ocr_line' id='line_1_22' title="bbox 67 1549 1510 1606; baseline -0.003 -14"><span class='ocrx_word' id='word_1_200' title='bbox 67 1558 247 1606; x_wconf 81' lang='lat' dir='ltr'><strong>imperator</strong></span> <span class='ocrx_word' id='word_1_201' title='bbox 281 1551 466 1602; x_wconf 81' lang='lat' dir='ltr'><strong>tripodem</strong></span> <span class='ocrx_word' id='word_1_202' title='bbox 506 1552 543 1588; x_wconf 91' lang='lat' dir='ltr'><strong>in</strong></span> <span class='ocrx_word' id='word_1_203' title='bbox 572 1551 696 1587; x_wconf 84' lang='lat' dir='ltr'><strong>numis</strong></span> <span class='ocrx_word' id='word_1_204' title='bbox 734 1550 812 1588; x_wconf 88' lang='lat' dir='ltr'><strong>suis</strong></span> <span class='ocrx_word' id='word_1_205' title='bbox 833 1550 970 1587; x_wconf 85' lang='lat' dir='ltr'><strong>excudi</strong></span> <span class='ocrx_word' id='word_1_206' title='bbox 998 1549 1153 1587; x_wconf 86' lang='lat' dir='ltr'><strong>curabat</strong></span> <span class='ocrx_word' id='word_1_207' title='bbox 1179 1563 1264 1587; x_wconf 89' lang='lat' dir='ltr'><strong>cum</strong></span> <span class='ocrx_word' id='word_1_208' title='bbox 1297 1549 1369 1587; x_wconf 82' lang='lat' dir='ltr'><strong>hoc</strong></span> <span class='ocrx_word' id='word_1_209' title='bbox 1403 1550 1510 1588; x_wconf 87' lang='lat' dir='ltr'><strong>titulo</strong></span> 
     </span>
     <span class='ocr_line' id='line_1_23' title="bbox 67 1613 1511 1665; baseline -0.005 -8"><span class='ocrx_word' id='word_1_210' title='bbox 67 1619 192 1658; x_wconf 69' lang='lat' dir='ltr'><strong>xvvllt</strong></span> <span class='ocrx_word' id='word_1_211' title='bbox 221 1617 356 1656; x_wconf 67' lang='lat' dir='ltr'>SACR.</span> <span class='ocrx_word' id='word_1_212' title='bbox 386 1615 488 1654; x_wconf 72' lang='lat' dir='ltr'><strong>FAC.</strong></span> <span class='ocrx_word' id='word_1_213' title='bbox 518 1614 620 1665; x_wconf 87' lang='lat' dir='ltr'><strong>apud</strong></span> <span class='ocrx_word' id='word_1_214' title='bbox 640 1614 765 1659; x_wconf 84' lang='lat' dir='ltr'><strong>Oisel,</strong></span> <span class='ocrx_word' id='word_1_215' title='bbox 783 1613 898 1652; x_wconf 84' lang='lat' dir='ltr'><strong>Thes.</strong></span> <span class='ocrx_word' id='word_1_216' title='bbox 916 1627 1019 1651; x_wconf 86' lang='lat' dir='ltr'><strong>num.</strong></span> <span class='ocrx_word' id='word_1_217' title='bbox 1042 1613 1108 1651; x_wconf 87' lang='lat' dir='ltr'><strong>ubi</strong></span> <span class='ocrx_word' id='word_1_218' title='bbox 1126 1614 1213 1651; x_wconf 90' lang='lat' dir='ltr'><strong>vide</strong></span> <span class='ocrx_word' id='word_1_219' title='bbox 1235 1622 1437 1653; x_wconf 84' lang='lat' dir='ltr'><strong>comment.</strong></span> <span class='ocrx_word' id='word_1_220' title='bbox 1464 1614 1511 1651; x_wconf 88' lang='lat' dir='ltr'><strong>ad</strong></span> 
     </span>
     <span class='ocr_line' id='line_1_24' title="bbox 69 1676 1513 1730; baseline -0.003 -10"><span class='ocrx_word' id='word_1_221' title='bbox 69 1682 131 1721; x_wconf 85' lang='lat' dir='ltr'><strong>tab.</strong></span> <span class='ocrx_word' id='word_1_222' title='bbox 151 1683 235 1727; x_wconf 86' lang='lat' dir='ltr'><strong>CX,</strong></span> <span class='ocrx_word' id='word_1_223' title='bbox 259 1681 280 1730; x_wconf 86' lang='lat'>§</span> <span class='ocrx_word' id='word_1_224' title='bbox 311 1685 350 1727; x_wconf 80' lang='lat' dir='ltr'><strong>l„</strong></span> <span class='ocrx_word' id='word_1_225' title='bbox 367 1688 403 1717; x_wconf 89' lang='lat' dir='ltr'><strong>et</strong></span> <span class='ocrx_word' id='word_1_226' title='bbox 421 1678 555 1716; x_wconf 79' lang='lat' dir='ltr'><strong>confer</strong></span> <span class='ocrx_word' id='word_1_227' title='bbox 584 1690 669 1727; x_wconf 74' lang='lat' dir='ltr'><strong>qum</strong></span> <span class='ocrx_word' id='word_1_228' title='bbox 688 1676 737 1714; x_wconf 92' lang='lat' dir='ltr'><strong>de</strong></span> <span class='ocrx_word' id='word_1_229' title='bbox 757 1690 873 1714; x_wconf 88' lang='lat' dir='ltr'><strong>numo</strong></span> <span class='ocrx_word' id='word_1_230' title='bbox 900 1677 1066 1727; x_wconf 89' lang='lat' dir='ltr'><strong>quodam</strong></span> <span class='ocrx_word' id='word_1_231' title='bbox 1086 1677 1277 1715; x_wconf 83' lang='lat' dir='ltr'><strong>Manliano</strong></span> <span class='ocrx_word' id='word_1_232' title='bbox 1300 1677 1399 1715; x_wconf 84' lang='lat' dir='ltr'><strong>dieta</strong></span> <span class='ocrx_word' id='word_1_233' title='bbox 1424 1687 1513 1715; x_wconf 85' lang='lat' dir='ltr'><strong>sunt</strong></span> 
     </span>
     <span class='ocr_line' id='line_1_25' title="bbox 71 1732 1512 1797; baseline -0.004 -13"><span class='ocrx_word' id='word_1_234' title='bbox 71 1760 177 1797; x_wconf 78' lang='lat' dir='ltr'><strong>supra,</strong></span> <span class='ocrx_word' id='word_1_235' title='bbox 209 1760 293 1797; x_wconf 79' lang='lat' dir='ltr'><strong>pag.</strong></span> <span class='ocrx_word' id='word_1_236' title='bbox 317 1744 401 1783; x_wconf 84' lang='lat'><strong>166.</strong></span> <span class='ocrx_word' id='word_1_237' title='bbox 427 1743 581 1792; x_wconf 71' lang='lat' dir='ltr'><strong>Legitur</strong></span> <span class='ocrx_word' id='word_1_238' title='bbox 610 1750 647 1779; x_wconf 84' lang='lat' dir='ltr'><strong>et</strong></span> <span class='ocrx_word' id='word_1_239' title='bbox 675 1742 713 1779; x_wconf 90' lang='lat' dir='ltr'><strong>in</strong></span> <span class='ocrx_word' id='word_1_240' title='bbox 740 1741 945 1792; x_wconf 80' lang='lat' dir='ltr'><strong>epitaphiis</strong></span> <span class='ocrx_word' id='word_1_241' title='bbox 970 1741 1299 1792; x_wconf 84' lang='lat' dir='ltr'><strong>monumentisque</strong></span> <span class='ocrx_word' id='word_1_242' title='bbox 1325 1732 1512 1779; x_wconf 87' lang='lat' dir='ltr'><strong>nobilium</strong></span> 
     </span>
     <span class='ocr_line' id='line_1_26' title="bbox 71 1805 1514 1856; baseline -0.003 -8"><span class='ocrx_word' id='word_1_243' title='bbox 71 1812 215 1848; x_wconf 78' lang='lat' dir='ltr'><strong>virorum</strong></span> <span class='ocrx_word' id='word_1_244' title='bbox 235 1811 332 1847; x_wconf 84' lang='lat' dir='ltr'><strong>inter</strong></span> <span class='ocrx_word' id='word_1_245' title='bbox 346 1808 439 1846; x_wconf 89' lang='lat' dir='ltr'><strong>alios</strong></span> <span class='ocrx_word' id='word_1_246' title='bbox 457 1807 519 1844; x_wconf 85' lang='lat' dir='ltr'><strong>hic</strong></span> <span class='ocrx_word' id='word_1_247' title='bbox 544 1807 673 1844; x_wconf 85' lang='lat' dir='ltr'><strong>titulus</strong></span> <span class='ocrx_word' id='word_1_248' title='bbox 694 1807 779 1843; x_wconf 90' lang='lat' dir='ltr'><strong>loco</strong></span> <span class='ocrx_word' id='word_1_249' title='bbox 799 1806 936 1856; x_wconf 82' lang='lat' dir='ltr'><strong>insigni</strong></span> <span class='ocrx_word' id='word_1_250' title='bbox 956 1805 1116 1856; x_wconf 85' lang='lat' dir='ltr'><strong>positus,</strong></span> <span class='ocrx_word' id='word_1_251' title='bbox 1139 1819 1258 1856; x_wconf 86' lang='lat' dir='ltr'><strong>usque</strong></span> <span class='ocrx_word' id='word_1_252' title='bbox 1281 1805 1328 1842; x_wconf 87' lang='lat' dir='ltr'><strong>ad</strong></span> <span class='ocrx_word' id='word_1_253' title='bbox 1346 1813 1514 1843; x_wconf 83' lang='lat' dir='ltr'><strong>extrema</strong></span> 
     </span>
     <span class='ocr_line' id='line_1_27' title="bbox 74 1863 1516 1924; baseline -0.004 -11"><span class='ocrx_word' id='word_1_254' title='bbox 74 1874 205 1913; x_wconf 82' lang='lat' dir='ltr'><strong>Romani</strong></span> <span class='ocrx_word' id='word_1_255' title='bbox 222 1873 371 1924; x_wconf 89' lang='lat' dir='ltr'><strong>imperii</strong></span> <span class='ocrx_word' id='word_1_256' title='bbox 392 1881 584 1923; x_wconf 82' lang='lat' dir='ltr'><strong>tempora3</strong></span> <span class='ocrx_word' id='word_1_257' title='bbox 601 1883 687 1908; x_wconf 87' lang='lat' dir='ltr'><strong>uam</strong></span> <span class='ocrx_word' id='word_1_258' title='bbox 700 1882 801 1907; x_wconf 71' lang='lat' dir='ltr'><strong>:intio</strong></span> <span class='ocrx_word' id='word_1_259' title='bbox 816 1869 927 1906; x_wconf 90' lang='lat' dir='ltr'><strong>ctiam</strong></span> <span class='ocrx_word' id='word_1_260' title='bbox 947 1882 968 1907; x_wconf 90' lang='lat' dir='ltr'><strong>a</strong></span> <span class='ocrx_word' id='word_1_261' title='bbox 987 1863 1139 1907; x_wconf 72' lang='lat' dir='ltr'><strong>Christo</strong></span> <span class='ocrx_word' id='word_1_262' title='bbox 1158 1870 1247 1917; x_wconf 82' lang='lat'><strong>377,</strong></span> <span class='ocrx_word' id='word_1_263' title='bbox 1267 1878 1393 1908; x_wconf 87' lang='lat' dir='ltr'><strong>statua</strong></span> <span class='ocrx_word' id='word_1_264' title='bbox 1411 1869 1516 1920; x_wconf 89' lang='lat' dir='ltr'><strong>Sym·</strong></span> 
     </span>
     <span class='ocr_line' id='line_1_28' title="bbox 75 1934 1516 1991; baseline -0.002 -14"><span class='ocrx_word' id='word_1_265' title='bbox 75 1941 185 1979; x_wconf 75' lang='lat' dir='ltr'><strong>inaelio</strong></span> <span class='ocrx_word' id='word_1_266' title='bbox 208 1940 332 1991; x_wconf 87' lang='lat' dir='ltr'><strong>posita</strong></span> <span class='ocrx_word' id='word_1_267' title='bbox 360 1936 642 1975; x_wconf 82' lang='lat' dir='ltr'><strong>inscribebatur</strong></span> <span class='ocrx_word' id='word_1_268' title='bbox 671 1935 943 1974; x_wconf 59' lang='lat' dir='ltr'><strong>PRAEFECTO</strong></span> <span class='ocrx_word' id='word_1_269' title='bbox 968 1935 1085 1973; x_wconf 78' lang='lat' dir='ltr'>URssl</span> <span class='ocrx_word' id='word_1_270' title='bbox 1116 1934 1364 1973; x_wconf 78' lang='lat' dir='ltr'><strong>CONSULI...</strong></span> <span class='ocrx_word' id='word_1_271' title='bbox 1392 1935 1516 1975; x_wconf 87' lang='lat' dir='ltr'>PON-</span> 
     </span>
     <span class='ocr_line' id='line_1_29' title="bbox 75 1997 1516 2050; baseline -0.005 -5"><span class='ocrx_word' id='word_1_272' title='bbox 75 2004 400 2045; x_wconf 74' lang='lat' dir='ltr'>&#39;1‘1F1C1MAJOR1</span> <span class='ocrx_word' id='word_1_273' title='bbox 421 1999 822 2049; x_wconf 71' lang='lat' dir='ltr'>QUINDECIMVIRO</span> <span class='ocrx_word' id='word_1_274' title='bbox 842 1999 879 2037; x_wconf 91' lang='lat' dir='ltr'><strong>S.</strong></span> <span class='ocrx_word' id='word_1_275' title='bbox 901 1999 954 2045; x_wconf 70' lang='lat' dir='ltr'><strong>F„</strong></span> <span class='ocrx_word' id='word_1_276' title='bbox 975 1997 1078 2050; x_wconf 91' lang='lat' dir='ltr'><strong>apud</strong></span> <span class='ocrx_word' id='word_1_277' title='bbox 1108 1998 1294 2037; x_wconf 80' lang='lat' dir='ltr'><strong>Orellium</strong></span> <span class='ocrx_word' id='word_1_278' title='bbox 1310 2027 1320 2045; x_wconf 96' lang='lat'>‚</span> <span class='ocrx_word' id='word_1_279' title='bbox 1335 1998 1382 2036; x_wconf 85' lang='lat' dir='ltr'><strong>n⁰</strong></span> <span class='ocrx_word' id='word_1_280' title='bbox 1407 1999 1516 2038; x_wconf 78' lang='lat'>1186.</span> 
     </span>
    </p>

    <p class='ocr_par' dir='ltr' id='par_1_5' title="bbox 80 2062 1529 2894">
     <span class='ocr_line' id='line_1_30' title="bbox 118 2062 1517 2121; baseline -0.006 -12"><span class='ocrx_word' id='word_1_281' title='bbox 118 2072 206 2110; x_wconf 80' lang='lat' dir='ltr'><strong>Nihil</strong></span> <span class='ocrx_word' id='word_1_282' title='bbox 231 2070 345 2121; x_wconf 78' lang='lat' dir='ltr'><strong>igitur</strong></span> <span class='ocrx_word' id='word_1_283' title='bbox 364 2079 594 2119; x_wconf 76' lang='lat' dir='ltr'><strong>magnopere</strong></span> <span class='ocrx_word' id='word_1_284' title='bbox 619 2065 756 2102; x_wconf 88' lang='lat' dir='ltr'><strong>mirum</strong></span> <span class='ocrx_word' id='word_1_285' title='bbox 779 2064 822 2110; x_wconf 91' lang='lat' dir='ltr'><strong>si,</strong></span> <span class='ocrx_word' id='word_1_286' title='bbox 845 2076 892 2101; x_wconf 87' lang='lat' dir='ltr'><strong>ex</strong></span> <span class='ocrx_word' id='word_1_287' title='bbox 922 2063 968 2101; x_wconf 84' lang='lat' dir='ltr'><strong>iis</strong></span> <span class='ocrx_word' id='word_1_288' title='bbox 990 2063 1055 2114; x_wconf 87' lang='lat' dir='ltr'><strong>qui</strong></span> <span class='ocrx_word' id='word_1_289' title='bbox 1086 2062 1132 2099; x_wconf 89' lang='lat' dir='ltr'><strong>ad</strong></span> <span class='ocrx_word' id='word_1_290' title='bbox 1162 2075 1349 2100; x_wconf 84' lang='lat' dir='ltr'><strong>summum</strong></span> <span class='ocrx_word' id='word_1_291' title='bbox 1370 2062 1517 2115; x_wconf 88' lang='lat' dir='ltr'><strong>imperii</strong></span> 
     </span>
     <span class='ocr_line' id='line_1_31' title="bbox 80 2126 1521 2186; baseline -0.004 -13"><span class='ocrx_word' id='word_1_292' title='bbox 80 2137 220 2186; x_wconf 78' lang='lat' dir='ltr'><strong>regimen</strong></span> <span class='ocrx_word' id='word_1_293' title='bbox 240 2140 497 2178; x_wconf 83' lang='lat' dir='ltr'><strong>accesserunt,</strong></span> <span class='ocrx_word' id='word_1_294' title='bbox 521 2131 628 2168; x_wconf 82' lang='lat' dir='ltr'><strong>fuere</strong></span> <span class='ocrx_word' id='word_1_295' title='bbox 648 2128 823 2167; x_wconf 87' lang='lat' dir='ltr'><strong>nonnulli</strong></span> <span class='ocrx_word' id='word_1_296' title='bbox 847 2129 912 2177; x_wconf 88' lang='lat' dir='ltr'><strong>qui</strong></span> <span class='ocrx_word' id='word_1_297' title='bbox 936 2126 1194 2165; x_wconf 83' lang='lat' dir='ltr'><strong>devinciendae</strong></span> <span class='ocrx_word' id='word_1_298' title='bbox 1214 2126 1286 2164; x_wconf 91' lang='lat' dir='ltr'><strong>sibi</strong></span> <span class='ocrx_word' id='word_1_299' title='bbox 1306 2127 1521 2167; x_wconf 84' lang='lat' dir='ltr'><strong>clarissimae</strong></span> 
     </span>
     <span class='ocr_line' id='line_1_32' title="bbox 80 2191 1518 2250; baseline -0.002 -13"><span class='ocrx_word' id='word_1_300' title='bbox 80 2200 238 2250; x_wconf 86' lang='lat' dir='ltr'><strong>cujusque</strong></span> <span class='ocrx_word' id='word_1_301' title='bbox 258 2197 406 2236; x_wconf 79' lang='lat' dir='ltr'><strong>familiae</strong></span> <span class='ocrx_word' id='word_1_302' title='bbox 421 2208 549 2242; x_wconf 88' lang='lat' dir='ltr'><strong>causa,</strong></span> <span class='ocrx_word' id='word_1_303' title='bbox 584 2194 640 2233; x_wconf 83' lang='lat' dir='ltr'><strong>vel</strong></span> <span class='ocrx_word' id='word_1_304' title='bbox 658 2202 700 2231; x_wconf 90' lang='lat' dir='ltr'><strong>ut</strong></span> <span class='ocrx_word' id='word_1_305' title='bbox 717 2192 873 2244; x_wconf 85' lang='lat' dir='ltr'><strong>privatis</strong></span> <span class='ocrx_word' id='word_1_306' title='bbox 893 2191 1066 2229; x_wconf 82' lang='lat' dir='ltr'><strong>amicitiis</strong></span> <span class='ocrx_word' id='word_1_307' title='bbox 1086 2191 1364 2242; x_wconf 79' lang='lat' dir='ltr'><strong>satisfacerent,</strong></span> <span class='ocrx_word' id='word_1_308' title='bbox 1384 2193 1431 2232; x_wconf 90' lang='lat' dir='ltr'><strong>de</strong></span> <span class='ocrx_word' id='word_1_309' title='bbox 1447 2209 1518 2234; x_wconf 87' lang='lat' dir='ltr'><strong>au-</strong></span> 
     </span>
     <span class='ocr_line' id='line_1_33' title="bbox 81 2256 1519 2313; baseline -0.003 -13"><span class='ocrx_word' id='word_1_310' title='bbox 81 2264 183 2313; x_wconf 77' lang='lat' dir='ltr'><strong>gendo</strong></span> <span class='ocrx_word' id='word_1_311' title='bbox 198 2261 412 2313; x_wconf 88' lang='lat' dir='ltr'><strong>amplissimi</strong></span> <span class='ocrx_word' id='word_1_312' title='bbox 433 2259 583 2311; x_wconf 78' lang='lat' dir='ltr'><strong>collegii</strong></span> <span class='ocrx_word' id='word_1_313' title='bbox 599 2271 760 2295; x_wconf 90' lang='lat' dir='ltr'><strong>numero</strong></span> <span class='ocrx_word' id='word_1_314' title='bbox 778 2264 1005 2307; x_wconf 83' lang='lat' dir='ltr'><strong>satagerent.</strong></span> <span class='ocrx_word' id='word_1_315' title='bbox 1024 2256 1072 2294; x_wconf 85' lang='lat' dir='ltr'><strong>Et</strong></span> <span class='ocrx_word' id='word_1_316' title='bbox 1097 2257 1260 2307; x_wconf 88' lang='lat' dir='ltr'><strong>primum</strong></span> <span class='ocrx_word' id='word_1_317' title='bbox 1281 2258 1424 2308; x_wconf 84' lang='lat' dir='ltr'><strong>Syllam</strong></span> <span class='ocrx_word' id='word_1_318' title='bbox 1446 2274 1519 2311; x_wconf 85' lang='lat' dir='ltr'><strong>pro</strong></span> 
     </span>
     <span class='ocr_line' id='line_1_34' title="bbox 82 2322 1520 2378; baseline 0 -15"><span class='ocrx_word' id='word_1_319' title='bbox 82 2327 256 2365; x_wconf 87' lang='lat' dir='ltr'><strong>dictatoria</strong></span> <span class='ocrx_word' id='word_1_320' title='bbox 278 2334 464 2378; x_wconf 85' lang='lat' dir='ltr'><strong>potestate</strong></span> <span class='ocrx_word' id='word_1_321' title='bbox 484 2324 523 2362; x_wconf 92' lang='lat' dir='ltr'><strong>id</strong></span> <span class='ocrx_word' id='word_1_322' title='bbox 540 2323 610 2361; x_wconf 89' lang='lat' dir='ltr'><strong>sibi</strong></span> <span class='ocrx_word' id='word_1_323' title='bbox 624 2323 722 2374; x_wconf 82' lang='lat' dir='ltr'><strong>juris</strong></span> <span class='ocrx_word' id='word_1_324' title='bbox 741 2335 956 2373; x_wconf 80' lang='lat' dir='ltr'><strong>arrogasse,</strong></span> <span class='ocrx_word' id='word_1_325' title='bbox 974 2322 1187 2359; x_wconf 87' lang='lat' dir='ltr'><strong>notavimus</strong></span> <span class='ocrx_word' id='word_1_326' title='bbox 1210 2335 1343 2373; x_wconf 87' lang='lat' dir='ltr'><strong>supra,</strong></span> <span class='ocrx_word' id='word_1_327' title='bbox 1359 2338 1398 2374; x_wconf 89' lang='lat' dir='ltr'><strong>p.</strong></span> <span class='ocrx_word' id='word_1_328' title='bbox 1432 2338 1520 2377; x_wconf 77' lang='lat'><strong>192,</strong></span> 
     </span>
     <span class='ocr_line' id='line_1_35' title="bbox 82 2385 1518 2441; baseline -0.001 -11"><span class='ocrx_word' id='word_1_329' title='bbox 82 2404 130 2441; x_wconf 89' lang='lat' dir='ltr'><strong>sq.</strong></span> <span class='ocrx_word' id='word_1_330' title='bbox 147 2392 233 2429; x_wconf 88' lang='lat' dir='ltr'><strong>Post</strong></span> <span class='ocrx_word' id='word_1_331' title='bbox 250 2392 387 2441; x_wconf 84' lang='lat' dir='ltr'><strong>Syllam</strong></span> <span class='ocrx_word' id='word_1_332' title='bbox 413 2397 540 2427; x_wconf 90' lang='lat' dir='ltr'><strong>autem</strong></span> <span class='ocrx_word' id='word_1_333' title='bbox 567 2386 709 2438; x_wconf 82' lang='lat' dir='ltr'><strong>aliquid</strong></span> <span class='ocrx_word' id='word_1_334' title='bbox 737 2385 955 2435; x_wconf 86' lang='lat' dir='ltr'><strong>hujusmodi</strong></span> <span class='ocrx_word' id='word_1_335' title='bbox 982 2393 1194 2423; x_wconf 89' lang='lat' dir='ltr'><strong>tentaverat</strong></span> <span class='ocrx_word' id='word_1_336' title='bbox 1214 2387 1340 2426; x_wconf 87' lang='lat' dir='ltr'><strong>Julius</strong></span> <span class='ocrx_word' id='word_1_337' title='bbox 1370 2389 1518 2430; x_wconf 85' lang='lat' dir='ltr'><strong>Caesar:</strong></span> 
     </span>
     <span class='ocr_line' id='line_1_36' title="bbox 83 2450 1522 2503; baseline 0 -10"><span class='ocrx_word' id='word_1_338' title='bbox 83 2467 213 2503; x_wconf 86' lang='lat' dir='ltr'><strong>nam,ut</strong></span> <span class='ocrx_word' id='word_1_339' title='bbox 231 2465 348 2494; x_wconf 87' lang='lat' dir='ltr'><strong>cetera</strong></span> <span class='ocrx_word' id='word_1_340' title='bbox 361 2484 370 2502; x_wconf 93' lang='lat'><strong>,</strong></span> <span class='ocrx_word' id='word_1_341' title='bbox 393 2456 443 2492; x_wconf 91' lang='lat' dir='ltr'><strong>ita</strong></span> <span class='ocrx_word' id='word_1_342' title='bbox 462 2453 651 2492; x_wconf 87' lang='lat' dir='ltr'><strong>XVvirum</strong></span> <span class='ocrx_word' id='word_1_343' title='bbox 671 2464 824 2502; x_wconf 88' lang='lat' dir='ltr'><strong>quoque</strong></span> <span class='ocrx_word' id='word_1_344' title='bbox 840 2450 1092 2497; x_wconf 83' lang='lat' dir='ltr'><strong>sacerdotium</strong></span> <span class='ocrx_word' id='word_1_345' title='bbox 1112 2465 1189 2489; x_wconf 90' lang='lat' dir='ltr'><strong>uno</strong></span> <span class='ocrx_word' id='word_1_346' title='bbox 1207 2452 1331 2503; x_wconf 86' lang='lat' dir='ltr'><strong>capite</strong></span> <span class='ocrx_word' id='word_1_347' title='bbox 1347 2464 1522 2502; x_wconf 87' lang='lat' dir='ltr'><strong>auxerat,</strong></span> 
     </span>
     <span class='ocr_line' id='line_1_37' title="bbox 86 2513 1523 2574; baseline 0.001 -18"><span class='ocrx_word' id='word_1_348' title='bbox 86 2528 162 2558; x_wconf 83' lang='lat' dir='ltr'><strong>teste</strong></span> <span class='ocrx_word' id='word_1_349' title='bbox 177 2522 305 2572; x_wconf 84' lang='lat' dir='ltr'><strong>Dione,</strong></span> <span class='ocrx_word' id='word_1_350' title='bbox 324 2520 392 2560; x_wconf 86' lang='lat' dir='ltr'><strong>lib.</strong></span> <span class='ocrx_word' id='word_1_351' title='bbox 416 2519 539 2566; x_wconf 85' lang='lat' dir='ltr'><strong>XLII,</strong></span> <span class='ocrx_word' id='word_1_352' title='bbox 560 2519 581 2568; x_wconf 85' lang='lat'>§</span> <span class='ocrx_word' id='word_1_353' title='bbox 607 2518 650 2555; x_wconf 82' lang='lat'><strong>51</strong></span> <span class='ocrx_word' id='word_1_354' title='bbox 677 2532 686 2555; x_wconf 70' lang='grc' dir='ltr'>ε</span> <span class='ocrx_word' id='word_1_355' title='bbox 706 2513 785 2555; x_wconf 82' lang='grc' dir='ltr'>Ἵνα</span> <span class='ocrx_word' id='word_1_356' title='bbox 804 2514 870 2568; x_wconf 73' lang='grc' dir='ltr'><strong>γὰρ</strong></span> <span class='ocrx_word' id='word_1_357' title='bbox 887 2515 1026 2559; x_wconf 76' lang='grc' dir='ltr'>πλείους</span> <span class='ocrx_word' id='word_1_358' title='bbox 1048 2517 1160 2554; x_wconf 82' lang='grc' dir='ltr'>αὐτῶν</span> <span class='ocrx_word' id='word_1_359' title='bbox 1181 2515 1263 2568; x_wconf 80' lang='grc' dir='ltr'>[τῶν</span> <span class='ocrx_word' id='word_1_360' title='bbox 1291 2516 1398 2569; x_wconf 74' lang='grc' dir='ltr'>φίλων</span> <span class='ocrx_word' id='word_1_361' title='bbox 1430 2520 1523 2574; x_wconf 81' lang='grc' dir='ltr'>αὐτῷ</span> 
     </span>
     <span class='ocr_line' id='line_1_38' title="bbox 85 2579 1523 2638; baseline 0.002 -18"><span class='ocrx_word' id='word_1_362' title='bbox 85 2584 131 2621; x_wconf 75' lang='grc' dir='ltr'><strong>καὶ</strong></span> <span class='ocrx_word' id='word_1_363' title='bbox 144 2588 266 2623; x_wconf 80' lang='grc' dir='ltr'>πιστῶν</span> <span class='ocrx_word' id='word_1_364' title='bbox 286 2584 522 2638; x_wconf 77' lang='grc' dir='ltr'>ὑπαρξάντων]</span> <span class='ocrx_word' id='word_1_365' title='bbox 535 2583 739 2635; x_wconf 76' lang='grc' dir='ltr'>ἀμείψηται,</span> <span class='ocrx_word' id='word_1_366' title='bbox 758 2579 972 2634; x_wconf 80' lang='grc' dir='ltr'>στρατηγούς</span> <span class='ocrx_word' id='word_1_367' title='bbox 980 2596 1018 2618; x_wconf 89' lang='grc' dir='ltr'><strong>τε</strong></span> <span class='ocrx_word' id='word_1_368' title='bbox 1033 2581 1115 2619; x_wconf 79' lang='grc' dir='ltr'>δέκα</span> <span class='ocrx_word' id='word_1_369' title='bbox 1136 2582 1168 2624; x_wconf 80' lang='grc' dir='ltr'><strong>ἐς</strong></span> <span class='ocrx_word' id='word_1_370' title='bbox 1185 2580 1225 2619; x_wconf 81' lang='grc' dir='ltr'><strong>τὸ</strong></span> <span class='ocrx_word' id='word_1_371' title='bbox 1240 2581 1333 2621; x_wconf 81' lang='grc' dir='ltr'>ἐπιὸν</span> <span class='ocrx_word' id='word_1_372' title='bbox 1348 2582 1421 2628; x_wconf 86' lang='grc' dir='ltr'>ἔτος</span> <span class='ocrx_word' id='word_1_373' title='bbox 1431 2585 1523 2623; x_wconf 85' lang='grc' dir='ltr'><em>ἀπέ-</em></span> 
     </span>
     <span class='ocr_line' id='line_1_39' title="bbox 87 2643 1524 2703; baseline 0.001 -19"><span class='ocrx_word' id='word_1_374' title='bbox 87 2648 157 2693; x_wconf 79' lang='grc' dir='ltr'>δειξε</span> <span class='ocrx_word' id='word_1_375' title='bbox 170 2679 179 2697; x_wconf 91' lang='grc'><em>,</em></span> <span class='ocrx_word' id='word_1_376' title='bbox 195 2650 249 2688; x_wconf 76' lang='grc' dir='ltr'><strong>καὶ</strong></span> <span class='ocrx_word' id='word_1_377' title='bbox 267 2651 365 2703; x_wconf 77' lang='grc' dir='ltr'>ἱερεῖς</span> <span class='ocrx_word' id='word_1_378' title='bbox 386 2648 472 2701; x_wconf 81' lang='grc' dir='ltr'>ὑπὲρ</span> <span class='ocrx_word' id='word_1_379' title='bbox 487 2647 527 2686; x_wconf 83' lang='grc' dir='ltr'><strong>τὸ</strong></span> <span class='ocrx_word' id='word_1_380' title='bbox 541 2645 785 2697; x_wconf 81' lang='grc' dir='ltr'>νενομισμένον</span> <span class='ocrx_word' id='word_1_381' title='bbox 800 2660 808 2668; x_wconf 93' lang='grc'><em>·</em></span> <span class='ocrx_word' id='word_1_382' title='bbox 838 2650 908 2688; x_wconf 83' lang='grc' dir='ltr'>τοῖς</span> <span class='ocrx_word' id='word_1_383' title='bbox 938 2660 976 2683; x_wconf 82' lang='grc' dir='ltr'><strong>τε</strong></span> <span class='ocrx_word' id='word_1_384' title='bbox 1006 2643 1072 2696; x_wconf 77' lang='grc' dir='ltr'><strong>γὰρ</strong></span> <span class='ocrx_word' id='word_1_385' title='bbox 1091 2645 1260 2699; x_wconf 70' lang='grc' dir='ltr'>ποντίφιξι</span> <span class='ocrx_word' id='word_1_386' title='bbox 1282 2646 1341 2685; x_wconf 74' lang='grc' dir='ltr'><strong>καὶ</strong></span> <span class='ocrx_word' id='word_1_387' title='bbox 1357 2654 1426 2691; x_wconf 83' lang='grc' dir='ltr'>τοῖς</span> <span class='ocrx_word' id='word_1_388' title='bbox 1443 2650 1524 2687; x_wconf 86' lang='grc' dir='ltr'>οἴω-</span> 
     </span>
     <span class='ocr_line' id='line_1_40' title="bbox 87 2707 1526 2760; baseline 0.003 -12"><span class='ocrx_word' id='word_1_389' title='bbox 87 2719 218 2760; x_wconf 63' lang='lat' dir='ltr'><strong>notak,</strong></span> <span class='ocrx_word' id='word_1_390' title='bbox 243 2709 289 2752; x_wconf 71' lang='grc' dir='ltr'>ὧν</span> <span class='ocrx_word' id='word_1_391' title='bbox 314 2714 372 2752; x_wconf 76' lang='grc' dir='ltr'><strong>καὶ</strong></span> <span class='ocrx_word' id='word_1_392' title='bbox 401 2712 499 2755; x_wconf 76' lang='grc' dir='ltr'>αὐτὸς</span> <span class='ocrx_word' id='word_1_393' title='bbox 525 2707 579 2759; x_wconf 70' lang='grc' dir='ltr'>ἦν,</span> <span class='ocrx_word' id='word_1_394' title='bbox 607 2717 677 2754; x_wconf 83' lang='grc' dir='ltr'>τοῖς</span> <span class='ocrx_word' id='word_1_395' title='bbox 694 2726 732 2749; x_wconf 80' lang='grc' dir='ltr'><strong>τε</strong></span> <span class='ocrx_word' id='word_1_396' title='bbox 761 2709 1008 2749; x_wconf 81' lang='grc' dir='ltr'>πεντεκαίδεκα</span> <span class='ocrx_word' id='word_1_397' title='bbox 1032 2709 1254 2760; x_wconf 80' lang='grc' dir='ltr'>καλουμένοις</span> <span class='ocrx_word' id='word_1_398' title='bbox 1283 2710 1342 2749; x_wconf 82' lang='grc' dir='ltr'>ἕνα</span> <span class='ocrx_word' id='word_1_399' title='bbox 1370 2712 1526 2758; x_wconf 80' lang='grc' dir='ltr'>ἑκάστοις</span> 
     </span>
     <span class='ocr_line' id='line_1_41' title="bbox 88 2773 1529 2828; baseline 0 -14"><span class='ocrx_word' id='word_1_400' title='bbox 88 2777 280 2828; x_wconf 76' lang='grc' dir='ltr'>προσένειμε.</span> <span class='ocrx_word' id='word_1_401' title='bbox 304 2780 396 2817; x_wconf 91' lang='lat' dir='ltr'><strong>ltem</strong></span> <span class='ocrx_word' id='word_1_402' title='bbox 419 2777 573 2825; x_wconf 89' lang='lat' dir='ltr'><strong>ibidem,</strong></span> <span class='ocrx_word' id='word_1_403' title='bbox 600 2775 666 2814; x_wconf 92' lang='lat' dir='ltr'><strong>lib.</strong></span> <span class='ocrx_word' id='word_1_404' title='bbox 689 2775 826 2822; x_wconf 87' lang='lat' dir='ltr'><strong>XLlll,</strong></span> <span class='ocrx_word' id='word_1_405' title='bbox 845 2783 1001 2813; x_wconf 89' lang='lat' dir='ltr'><strong>notatur</strong></span> <span class='ocrx_word' id='word_1_406' title='bbox 1018 2774 1153 2812; x_wconf 81' lang='lat' dir='ltr'><strong>iterum</strong></span> <span class='ocrx_word' id='word_1_407' title='bbox 1173 2773 1264 2819; x_wconf 76' lang='grc' dir='ltr'><strong>εἜς</strong></span> <span class='ocrx_word' id='word_1_408' title='bbox 1285 2791 1322 2813; x_wconf 82' lang='grc' dir='ltr'><strong>τε</strong></span> <span class='ocrx_word' id='word_1_409' title='bbox 1343 2775 1418 2819; x_wconf 80' lang='grc' dir='ltr'>τοὺς</span> <span class='ocrx_word' id='word_1_410' title='bbox 1445 2792 1529 2815; x_wconf 88' lang='grc' dir='ltr'>πεν-</span> 
     </span>
     <span class='ocr_line' id='line_1_42' title="bbox 89 2837 1528 2894; baseline 0.003 -19"><span class='ocrx_word' id='word_1_411' title='bbox 89 2841 249 2880; x_wconf 73' lang='grc' dir='ltr'>τεκαίδεκα</span> <span class='ocrx_word' id='word_1_412' title='bbox 263 2841 320 2881; x_wconf 77' lang='grc' dir='ltr'>ἕνα</span> <span class='ocrx_word' id='word_1_413' title='bbox 338 2840 621 2894; x_wconf 78' lang='grc' dir='ltr'>προσαποδείξας.</span> <span class='ocrx_word' id='word_1_414' title='bbox 645 2840 728 2886; x_wconf 87' lang='lat' dir='ltr'><strong>Qua</strong></span> <span class='ocrx_word' id='word_1_415' title='bbox 750 2848 822 2877; x_wconf 81' lang='lat' dir='ltr'><strong>tam</strong></span> <span class='ocrx_word' id='word_1_416' title='bbox 853 2838 924 2877; x_wconf 88' lang='lat' dir='ltr'><strong>levi</strong></span> <span class='ocrx_word' id='word_1_417' title='bbox 952 2837 1162 2877; x_wconf 85' lang='lat' dir='ltr'><strong>accessione</strong></span> <span class='ocrx_word' id='word_1_418' title='bbox 1179 2846 1392 2876; x_wconf 88' lang='lat' dir='ltr'><strong>contentum</strong></span> <span class='ocrx_word' id='word_1_419' title='bbox 1416 2839 1528 2879; x_wconf 75' lang='lat' dir='ltr'><strong>fuisse</strong></span> 
     </span>
    </p>
   </div>
   <div class='ocr_carea' id='block_1_3' title="bbox 1228 2908 1295 2953">
    <p class='ocr_par' dir='ltr' id='par_1_6' title="bbox 1228 2908 1295 2953">
     <span class='ocr_line' id='line_1_43' title="bbox 1228 2908 1295 2953; baseline 0 0"><span class='ocrx_word' id='word_1_420' title='bbox 1228 2908 1295 2953; x_wconf 76' lang='lat'><strong>13.</strong></span> 
     </span>
    </p>
   </div>
  </div>
 </body>
</html>
