1686 3500
493 209 531 214 -
560 200 562 202 v
595 185 597 188 ·
628 184 959 230 excussus·
987 186 1043 229 v.
1141 215 1144 219 .
1174 191 1175 195 ¹
1412 231 1420 242 ,
1443 177 1446 182 ’
1468 149 1563 230 aas

102 283 269 331 num,'ut
282 278 462 325 diximus,
475 284 673 327 ‘caraman
693 293 805 332 quem
822 280 913 333 ipsae
928 279 1046 318 literae
1064 280 1230 318 nominis
1241 279 1367 332 Ῥώμη
1386 280 1563 318 innixam

100 359 277 390 summam
295 344 441 384 collatae
459 345 682 387 conficiunt.
719 347 814 393 Quae
841 344 1062 397 supputatio
1088 335 1248 383 fortasse
1276 345 1564 384 cabbalisticum

99 412 274 466 quiddam
293 418 331 448 et
346 408 544 461 judaicum
568 410 715 460 spirare
732 409 938 454 videretur,
963 409 1035 447 nisi
1054 406 1211 459 paribus
1226 410 1407 459 exemplis
1425 409 1512 448 libri
1532 411 1563 458 1,

98 493 131 517 v.
154 480 239 520 ¹44·
265 486 372 524 sqq.,
401 473 490 520 338,
507 486 607 524 sqq.‚
630 481 779 524 pateret
798 486 876 510 non
901 472 1026 510 minus
1050 471 1155 509 hunc
1175 483 1315 509 morem
1341 473 1564 512 Christianis

97 553 204 593 quam
223 536 369 577 Judaeis
391 545 481 574 tunc
507 535 689 587 temporis
707 535 893 587 placuisse
906 563 917 582 ,
935 535 1125 572 firmatum
1146 533 1268 585 ipsius
1283 536 1565 587 Apocalypseos

98 602 284 654 exemplo,
299 614 384 652 cap.
407 602 470 646 13,
493 614 528 639 v.
555 602 616 641 18.

145 665 359 708 Notandum
382 665 499 703 eliani
514 665 555 702 in
591 665 721 703 talium
757 677 885 703 rerum
908 663 1159 716 praedictione
1184 674 1333 700 omnem
1358 663 1563 701 consistere

95 730 265 772 ca'rminis
284 728 398 780 hujus
419 730 637 776 materiam,
657 738 697 767 ut
718 737 830 780 poeta
851 729 916 766 vix
939 728 1069 765 decem
1095 726 1285 772 versibus,
1317 726 1507 774 161·=69,
1524 726 1564 763 in

95 798 237 836 diversa
258 794 435 832 vaticinia
458 801 660 844 erumpat,
685 807 806 844 eaque
831 793 1030 843 desumpta
1051 791 1232 842 pleraque
1252 805 1273 828 e
1295 789 1395 827 libro
1413 798 1564 840 quarto,

95 873 200 912 quem
222 858 309 896 ideo
330 871 405 896 non
421 857 538 896 dubie
575 857 709 895 habuit
732 866 819 896 ante
841 857 996 904 oculos,
1013 856 1111 894 sicut
1141 856 1254 893 etiam
1274 853 1565 892 acrostichidem

98 923 180 963 libri
208 923 318 969 vm,
353 926 372 970 5
395 935 439 970 α,
463 922 566 960 unde
585 922 641 960 illi
655 930 742 960 sunt
762 921 932 973 decerpti
953 934 1103 967 versus,
1123 922 1186 968 82,
1206 933 1260 971 sq.
1278 931 1289 958 :

244 986 353 1030 Αὐτὸς
371 984 623 1039 παντοκράτωρ
642 987 723 1024 ὅταν
743 983 851 1024 ἐλθὼν
868 984 1003 1035 βήμασι
1018 984 1117 1037 κρίνῃ

243 1051 393 1091 Ζώντων
411 1051 470 1090 καὶ
481 1050 616 1089 νεκύων
632 1051 746 1105 ψυχὰς
766 1051 825 1090 καὶ
842 1050 973 1108 κόσμον
1000 1049 1160 1090 ἅπαντα.

140 1113 251 1162 Quod
270 1127 364 1152 vero
381 1112 429 1152 ad
463 1127 589 1166 regem
610 1115 746 1152 attinet
767 1114 931 1153 feliciter
958 1123 1089 1165 postea
1115 1122 1365 1166 regnaturum
1392 1122 1430 1152 et
1454 1127 1568 1152 novae

93 1180 199 1231 regiae
212 1179 343 1230 stirpis
358 1187 551 1216 auctorem
573 1179 743 1217 futurum
754 1208 764 1227 ,
778 1192 817 1216 v.
842 1179 1020 1225 133-136,
1040 1179 1290 1230 interpolatos
1304 1192 1383 1217 esse
1397 1179 1564 1217 diximus

94 1245 156 1282 hos
195 1256 347 1291 versus,
391 1242 506 1294 idque
544 1243 625 1294 ipsa
658 1243 742 1281 luce
775 1242 937 1281 lucidius
974 1251 1046 1282 est.
1091 1243 1164 1289 Qui
1202 1243 1301 1281 enim
1335 1245 1408 1281 tam
1454 1243 1566 1293 longa

93 1316 236 1358 tamque
265 1307 356 1345 felix
387 1306 616 1358 posteritas,
642 1307 696 1344 uti
715 1306 842 1345 voluit
872 1307 1116 1360 nuperrimus
1141 1306 1270 1346 editor
1291 1306 1563 1353 Friedliebius,

92 1371 229 1410 lntrod.
263 1384 302 1422 p.
332 1385 414 1418 ul,
441 1371 644 1410 Antoninis
670 1372 974 1423 promitteretur,
1012 1380 1099 1422 post
1132 1385 1229 1422 quos
1261 1372 1386 1411 futura
1412 1371 1562 1422 imperii

91 1436 245 1475 Romani
278 1436 466 1488 pernicies
494 1446 574 1474 toto
605 1437 774 1475 carmine
794 1436 1029 1488 praedicitur,
1051 1451 1120 1476 nec
1150 1438 1312 1475 multum
1341 1445 1536 1476 moratura
1551 1458 1572 1487 ‚-

90 1502 225 1554 quippe
247 1501 302 1539 uti
337 1501 452 1539 modo
483 1501 702 1540 dicebamus
732 1502 771 1539 in
808 1510 954 1540 certum
983 1511 1021 1540 et
1050 1502 1200 1540 fatalem
1235 1515 1376 1540 aunum
1408 1515 1562 1547 casura,

92 1575 170 1618 post
189 1567 292 1618 ipsos
311 1566 427 1608 Urbis
456 1567 601 1605 natales
630 1580 828 1612 cmxtvut,
852 1566 901 1605 ab
931 1568 1113 1606 Antonini
1135 1568 1194 1607 Pii
1216 1568 1334 1606 initiis
1361 1568 1440 1606 sere
1467 1581 1560 1606 nvn.

91 1631 284 1670 Antoninis
317 1645 433 1683 ergo,
458 1645 547 1670 mox
574 1645 660 1670 cum
681 1632 847 1683 imperio
874 1633 1070 1684 perituris,
1106 1641 1143 1671 et
1172 1642 1358 1684 praeterea
1380 1633 1562 1684 religione

90 1697 236 1748 paganis
256 1705 476 1748 nostraeque
507 1697 704 1748 religionis
736 1697 914 1744 inimicis,
948 1698 985 1735 id
1008 1699 1089 1748 spei
1113 1697 1278 1749 proponi
1314 1711 1389 1734 non
1419 1696 1555 1747 potuit.
1598 1724 1606 1734 .

90 1760 192 1808 Quod
212 1761 283 1799 nisi
302 1761 521 1809 Antoninis,
537 1761 676 1812 quibus
689 1761 843 1799 demum
859 1762 940 1799 aliis
959 1770 1024 1800 aut
1038 1775 1114 1813 qua
1128 1762 1280 1813 specie?
1301 1762 1346 1800 Et
1367 1760 1459 1811 quid
1479 1769 1561 1797 tum

91 1825 362 1865 Antichristus?
385 1825 478 1876 quid
495 1834 617 1864 cetera
639 1826 773 1877 quaein
792 1826 866 1864 hoc
893 1826 1061 1864 carmine
1091 1834 1271 1877 tanquam
1289 1833 1392 1863 certa
1411 1832 1450 1862 et
1469 1837 1560 1876 pro·

89 1890 181 1927 xima
201 1892 417 1927 canuntur?
436 1890 563 1929 Fuisse
592 1904 685 1942 ergo
711 1890 962 1941 interpolatos
994 1904 1144 1928 necesse
1175 1898 1231 1928 est
1256 1890 1324 1927 hos
1340 1902 1472 1927 versus
1487 1888 1560 1927 sub

90 1953 208 2003 aliquo
225 1953 445 1992 Christiano
463 1954 714 2005 imperatore,
734 1967 778 1991 ac
800 1954 873 1992 nisi
900 1954 1081 2006 fallimur,
1098 1954 1170 1992 sub
1190 1954 1297 1991 initia
1319 1953 1559 1991 Constantini

91 2018 232 2068 Magni,
267 2031 345 2056 non
381 2027 455 2056 tam
491 2019 652 2057 fortasse
676 2018 857 2056 adulandi
896 2032 1022 2066 causa,
1051 2032 1166 2069 quam
1192 2032 1240 2055 ne
1273 2017 1418 2069 Sibylla
1446 2018 1561 2057 nimis

92 2091 213 2134 aperte
238 2084 277 2121 in
303 2084 398 2122 salso
418 2083 786 2135 deprehenderetur3
818 2084 966 2136 quippe
996 2093 1124 2122 amoto
1149 2083 1244 2135 jam,
1265 2092 1308 2122 ut
1332 2083 1559 2133 videbatur,

93 2149 268 2186 malorum
293 2152 403 2188 toties
424 2149 693 2202 praedictorum
719 2158 833 2196 metu,
851 2163 895 2188 ac
919 2158 1139 2189 renascente
1167 2163 1253 2187 cum
1270 2150 1350 2188 veri
1386 2150 1559 2188 Numinis

91 2214 185 2251 cultu
203 2213 297 2251 mira
317 2214 501 2265 quadam,
523 2215 581 2252 uti
599 2214 847 2265 sperabatur,
869 2227 937 2266 per
957 2227 1089 2252 omnes
1115 2223 1234 2252 terras
1262 2215 1453 2252 felicitate.

140 2279 250 2325 Quod
284 2288 412 2318 autem
437 2279 621 2318 hactenus
645 2280 740 2318 nulli
770 2279 1047 2325 dubitavimus,
1085 2289 1236 2331 poetam
1267 2290 1460 2328 nostrum,
1483 2280 1562 2319 etsi.

95 2343 137 2381 de
159 2358 224 2382 sua
254 2345 437 2396 religione
454 2353 564 2382 caute
587 2345 826 2392 reticentem,
841 2344 1082 2392 Christianis,
1098 2345 1328 2384 nonJudaeis
1345 2359 1558 2391 accensere,

95 2409 174 2446 satis
192 2409 230 2447 id
253 2409 396 2448 evincit
413 2422 492 2447 non
512 2408 626 2447 modo
647 2410 823 2460 frequens
844 2410 1064 2448 Antichristi
1085 2410 1297 2460 praedictio,
1314 2410 1378 2448 sed
1397 2424 1558 2462 praeser-

96 2472 154 2509 tim
186 2481 287 2511 totus
307 2473 368 2512 ille
390 2473 548 2511 locusin
567 2475 640 2512 line
660 2474 708 2512 de
727 2473 874 2524 judicio
900 2475 990 2521 Dei,
1008 2487 1047 2513 v.
1075 2487 1159 2525 199,
1176 2487 1283 2525 sqq.;
1311 2474 1373 2512 cui
1401 2474 1562 2527 insuper

94 2538 175 2576 addi
207 2540 364 2577 velimus
384 2539 602 2576 continuam
624 2553 732 2591 paene
750 2540 1034 2590 Apocalypseos
1053 2539 1319 2579 imitationem.
1342 2540 1435 2578 Inde
1455 2540 1560 2578 enim

95 2610 145 2638 est
172 2601 287 2640 draco
314 2602 377 2640 ille
402 2602 631 2654 praedictns,
653 2616 687 2640 v.
709 2603 773 2651 88,
794 2615 875 2653 sqq.
918 2603 1066 2652 (confer
1097 2601 1270 2654 Apocal„
1296 2616 1327 2640 c.
1361 2615 1404 2640 ια
1420 2633 1430 2650 ,
1451 2616 1487 2640 ν.
1510 2611 1558 2655 3,

94 2665 207 2718 sqq.);
235 2675 273 2705 et
302 2667 349 2705 de
376 2666 529 2705 musicis
561 2666 714 2718 organis
742 2667 781 2704 iu
812 2666 910 2704 urbe
938 2667 1132 2717 quondam
1172 2667 1302 2704 festiva
1335 2667 1555 2716 silentibus,

94 2741 124 2766 v.
146 2737 228 2778 114,
255 2745 339 2782 sqq.
376 2731 564 2782 (Apocal,
590 2745 674 2782 cap.
693 2732 752 2775 18,
781 2744 817 2768 v.
855 2732 940 2782 22);
960 2739 997 2770 et
1029 2731 1222 2782 praecipue
1245 2731 1293 2769 de
1320 2731 1558 2770 Antichristo

93 2791 243 2845 ejusque
272 2794 383 2833 sociis
413 2795 452 2833 in
493 2793 718 2832 barathrum
750 2794 931 2845 conjectis
964 2809 1007 2833 ac
1036 2795 1140 2846 putei
1165 2796 1349 2847 operculo
1376 2796 1552 2843 inclusis,

95 2868 125 2896 v.
147 2860 230 2908 196,
250 2873 332 2911 sqq.
349 2859 541 2911 (ΑροσειΙη
561 2872 644 2910 cap.
661 2872 726 2907 ao,
744 2873 778 2898 v.
801 2861 849 2911 3).
868 2861 950 2898 imo
968 2874 1218 2911 quaecumque
1243 2860 1290 2898 de
1309 2853 1437 2900 nomi-e<
1451 2859 1558 2899 exci-
