1752 3495
621 205 932 250 EXCURSUS
965 206 1002 249 1.
1487 208 1547 252 55

90 322 125 349 nt
145 308 289 350 AEucid.
308 308 379 353 Vl,
401 319 434 343 v.
455 305 528 355 98:

294 370 449 410 Talibus
465 381 511 406 ex
528 366 644 417 adyto
662 367 773 405 dictis
792 370 941 407 Cumaea
959 367 1094 418 sibylla
1109 399 1118 415 ,

90 447 215 478 utrum
231 433 373 478 vitandi
394 445 479 475 cuin
495 433 671 469 Varrone
685 440 840 470 mortuo
858 431 1074 470 certaminis
1101 444 1214 470 causa
1227 459 1238 478 ‚
1254 446 1300 471 an
1319 432 1421 484 quod
1440 436 1551 486 graeci

86 500 249 542 nominis
281 509 438 550 graecam
467 495 625 534 sormam
652 495 925 547 elegantiorem
952 493 1168 546 putaverit:
1201 495 1239 534 id
1269 496 1381 535 nobis
1396 498 1549 549 quidem

88 564 232 606 minimi
255 562 406 601 videtui·
429 571 510 596 esse
531 559 727 598 momenti.

137 627 211 670 Sed
245 625 424 677 quoniam
456 623 503 662 ad
541 637 626 662 eum
660 632 812 675 poetam
848 624 1072 662 devenimus
1107 623 1169 662 cui
1200 624 1406 675 plurimum
1437 625 1551 664 debut

86 694 264 731 Cumanae
287 689 442 739 Sibyllae
479 688 597 735 sama,
617 688 728 726 liceat
761 688 872 726 nobis
900 688 1043 727 <liutius
1062 702 1148 726 cum
1171 689 1255 740 ipso
1277 689 1312 726 in
1335 688 1409 727 hoc
1436 703 1549 740 argu-

87 766 210 796 mento
243 753 407 800 versari,
446 766 494 791 ue
525 752 619 803 quid
653 753 870 791 omittamus
903 753 1004 803 quod
1041 753 1088 790 ad
1126 746 1406 791 informandam
1438 753 1552 804 liujus

87 819 253 865 mulieris
271 816 433 867 effigiem
454 817 622 856 conferri
644 816 776 868 possit.

139 881 360 933 Deiphobcn
390 894 471 918 eain
505 881 664 932 proprio
692 882 846 919 nomine
867 881 964 920 dixit
991 890 1123 932 poeta,
1157 894 1225 918 sua
1255 895 1302 918 ne
1322 894 1369 918 au
1391 881 1551 932 alicujus

84 948 325 993 auctoritate,
346 959 502 996 prorsus
529 946 731 983 incertum.
770 947 862 985 Nam
883 945 985 996 apud
1005 945 1266 990 Aristotelem,
1289 944 1340 983 uti
1360 944 1547 994 vidimus,

83 1012 379 1057 Melanchraena,
403 1011 505 1061 apud
526 1011 770 1059 Pausaniam,
795 1012 917 1049 Demo
940 1010 1071 1049 eadem
1092 1010 1244 1048 dicitur.
1265 1009 1425 1064 Δηϊφόὸη
1446 1011 1548 1062 apud

83 1079 233 1116 Graecos
257 1088 378 1125 ecqua
402 1088 568 1129 [inquam
592 1075 730 1113 mulier
751 1083 883 1113 vocata
909 1075 977 1120 sit,
1006 1074 1225 1126 ignoramus
1242 1105 1252 1124 ,
1284 1076 1354 1113 etsi
1379 1075 1552 1127 Deipho-

84 1143 170 1188 bus,
193 1139 332 1178 Priami
354 1140 466 1187 lilius,
488 1154 534 1178 ex
558 1141 723 1177 Homero
750 1148 788 1178 et
819 1139 980 1191 Virgilio
997 1139 1085 1178 satis
1109 1148 1223 1178 notus
1248 1149 1315 1178 est.
1341 1140 1551 1180 Martianus

84 1207 252 1258 Capella,
292 1205 377 1243 loeo
405 1205 484 1256 jam
513 1206 603 1253 cit.,
628 1205 909 1255 Synunachiam
934 1196 1106 1250 voczivit,
1140 1205 1387 1257 Hippoteusis
1411 1206 1548 1251 tiliam5

83 1272 234 1310 Servius
254 1270 300 1308 ad
320 1270 461 1308 AEneid.
483 1271 550 1316 111,
572 1271 669 1318 445,
688 1271 957 1318 Phemonoen,
991 1270 1096 1321 quod
1115 1271 1152 1308 in
1173 1271 1319 1321 Virgilii
1340 1270 1551 1322 interprete

85 1335 241 1374 mireris.
269 1334 383 1382 Quod
405 1348 493 1374 vero
515 1336 550 1373 in
567 1335 762 1374 Chronico
792 1335 964 1375 paschali
986 1335 1187 1373 Cimmeria
1204 1365 1215 1384 ,
1237 1349 1322 1386 quae
1342 1335 1452 1373 nobis
1475 1336 1552 1375 Cu-

85 1413 191 1438 mana
206 1407 286 1446 est,
318 1399 464 1450 Sibylla
482 1399 586 1438 Adae
612 1400 799 1438 nominari
822 1399 995 1450 videtur,
1022 1398 1125 1445 Ἀδαή
1149 1413 1272 1451 graece
1291 1401 1351 1449 (an
1380 1413 1465 1451 quae
1485 1400 1553 1438 do-

83 1465 158 1502 ceri
177 1464 272 1502 nihil
296 1464 441 1515 cgeaffi)
475 1478 608 1515 parum
633 1478 851 1512 moramur,
870 1464 1049 1515 quoniam
1078 1466 1237 1503 sortasse
1258 1478 1359 1502 mera
1379 1464 1552 1503 librario-

84 1543 162 1567 rum
199 1529 312 1579 culpa
344 1529 525 1580 scriptum
549 1537 603 1567 cst
622 1527 726 1576 Ἀδαή
754 1543 825 1580 pro
845 1528 989 1580 Ἰταλή,
1010 1538 1051 1568 ut
1075 1529 1130 1568 sic
1159 1529 1359 1582 legendum
1385 1530 1432 1568 sit
1456 1544 1463 1568 ι
1489 1531 1552 1569 Σί-

83 1595 191 1632 ὅυλλα
215 1597 238 1641 ἠ
257 1592 378 1640 Ἰταλὴ
406 1597 428 1641 ἡ
461 1593 654 1646 Κιμμερία.

134 1660 317 1699 Glaucum
338 1659 492 1711 Sibyllae
511 1673 584 1698 suae
605 1668 746 1711 patrem
767 1660 913 1697 affinxit
932 1659 1031 1697 idem
1049 1667 1180 1710 pocta,
1205 1658 1377 1697 laudatus
1397 1658 1448 1697 ob
1479 1659 1553 1698 hoc

82 1724 128 1761 ab
148 1724 435 1777 interpretibus,
451 1724 554 1776 quod
576 1725 720 1762 scilicet
736 1725 904 1763 Glaucus
921 1725 1020 1762 inter
1033 1724 1243 1762 maritimos
1256 1723 1348 1761 deos
1365 1724 1554 1762 vaticiniis

82 1789 235 1840 insignis
257 1788 475 1828 haberetur.
504 1790 664 1828 Matrem
697 1790 873 1836 reticuit,
896 1803 942 1827 an
972 1789 1020 1827 ‹lc
1040 1789 1151 1828 Circe
1175 1789 1334 1827 sortasse
1352 1789 1522 1840 cogitans
1539 1818 1550 1836 ,

82 1865 193 1902 quam
222 1852 387 1891 Glaucus
419 1865 565 1890 amasse
588 1852 752 1891 traditur
780 1852 881 1904 apud
904 1852 1042 1903 Hygia.
1063 1852 1138 1890 sab.
1165 1866 1250 1902 199.
1270 1853 1319 1890 Et
1338 1853 1446 1892 Circe
1464 1853 1552 1903 qui·

83 1917 166 1955 dem
203 1917 364 1954 vicinam
396 1917 524 1956 Cumis
557 1917 740 1964 insulam,
771 1930 872 1954 nunc
904 1916 1115 1954 continenti
1148 1930 1360 1966 annexam,
1383 1917 1551 1955 Circeios

83 1982 270 2020 habitasse
304 1981 510 2020 serebatur.
548 1982 740 2029 Glaucus,
779 1971 954 2032 quamvis
987 1981 1134 2032 origine
1155 1984 1329 2030 Boeotus,
1366 1982 1548 2033 Hesperia

84 2049 195 2085 litora
216 2047 394 2097 frequens
425 2046 634 2094 invisebat,
667 2046 850 2097 siquidem
871 2060 945 2083 non
976 2046 1109 2083 Circen
1141 2046 1256 2084 modo
1275 2046 1312 2084 iu
1334 2046 1430 2084 Latii
1462 2061 1551 2093 ora,

83 2111 146 2150 sed
170 2111 282 2150 etiam
323 2112 360 2149 in
393 2111 523 2151 Siculo
555 2113 652 2150 freto
691 2113 855 2162 Scyllam
891 2111 1086 2150 adamasse
1119 2111 1288 2150 creditus
1325 2120 1392 2150 est.
1422 2113 1552 2163 ltaque

82 2178 352 2229 Sibyllinorum
371 2191 440 2229 per
464 2192 534 2217 nos
551 2178 744 2216 editorum
767 2177 866 2217 libro
892 2178 1019 2224 tertio,
1044 2190 1079 2214 v.
1101 2178 1194 2226 813,
1213 2191 1285 2228 sq.,
1307 2176 1370 2215 ubi
1401 2178 1553 2229 vulgata

83 2243 194 2280 lectio
216 2243 266 2280 ita
284 2241 455 2281 sehabet
474 2254 482 2281 :

684 2307 727 2346 Οἱ
747 2304 783 2344 δέ
808 2321 851 2357 με
872 2304 1006 2358 Κίρκης

343 2370 482 2422 Μητρὸς
505 2371 563 2411 καὶ
583 2372 758 2410 Γνωστοῖο
778 2367 907 2423 πατρὸς
922 2370 1071 2423 φήσούσι
1089 2369 1278 2418 nevum,

83 2438 261 2489 suspicati
283 2437 373 2475 olim
397 2450 549 2474 eramus
569 2449 641 2487 pro
671 2437 844 2475 Γνωστοῐο
864 2435 1127 2487 reponendum
1147 2448 1229 2473 esse
1248 2434 1428 2482 Γλαύκοιο,
1450 2448 1550 2473 mera

85 2510 206 2540 tamen
227 2510 264 2540 et
281 2502 344 2540 vix
360 2499 551 2553 probabili
567 2500 799 2551 conjectura.
821 2501 1031 2538 Martianus
1050 2500 1216 2551 Capella,
1236 2499 1310 2539 loc.
1323 2513 1439 2550 supra
1471 2500 1553 2545 cit.,

83 2587 171 2618 suae,
196 2581 237 2610 ut
256 2572 308 2611 ibi
329 2572 505 2619 vidimus,
524 2571 775 2622 Symmachiae
793 2571 962 2621 Sibyllae,
975 2584 1062 2621 quae
1081 2570 1244 2608 aliorum
1269 2570 1468 2622 Erythraea
1483 2579 1552 2615 est,

83 2646 226 2686 patrem
249 2637 522 2689 llippotensem
545 2635 761 2688 perhibuit,
780 2635 910 2687 ignoto
926 2637 1081 2673 nomine
1103 2650 1111 2672 :
1133 2649 1181 2672 an
1200 2635 1406 2686 llippotam
1427 2634 1553 2674 dicere

82 2702 224 2748 voluit,
251 2702 348 2740 AEoli
374 2710 521 2753 patrem
541 2702 619 2739 sive
637 2699 772 2749 avum',
801 2714 915 2752 quem
940 2714 1029 2738 sane
1048 2700 1085 2738 in
1106 2699 1236 2738 AEoliis
1258 2699 1407 2746 insulis,
1437 2700 1553 2738 ltaliae

83 2767 290 2815 proximis,
333 2781 509 2818 regnasse
539 2767 630 2817 quid
661 2769 787 2804 vetat?
819 2767 973 2813 confer,
1007 2765 1036 2804 si
1076 2774 1209 2816 vacat,
1234 2765 1475 2804 Eustathium
1506 2765 1551 2802 ad

83 2830 217 2881 Odyss.
240 2833 291 2883 X,
313 2846 347 2871 v.
376 2847 410 2870 2.
426 2832 499 2870 Sed
517 2846 601 2870 cum
623 2832 826 2883 Martiano,
848 2831 988 2869 nullius
1011 2830 1145 2882 judicii
1167 2831 1340 2879 homine,
1364 2830 1450 2882 quis
1466 2831 1553 2868 velit
