1752 3495
237 195 317 238 134
347 179 350 182 ’
564 189 641 232 AD
674 187 1020 233 sissYLLiuos
1056 185 1257 232 uanos

279 294 322 329 At
340 288 387 327 de
414 287 599 325 libroruin
618 285 829 324 venditrice
849 299 925 323 non
954 286 1078 323 minor
1099 292 1155 322 est
1182 294 1294 333 (piam
1320 280 1368 319 de
1392 275 1565 332 emptore
1585 298 1680 336 qnae-

225 353 309 391 stio.
330 353 423 390 Nam
441 363 488 388 ex
509 349 732 387 auctoribus
754 363 871 400 supra
896 349 1057 386 laudatis
1079 357 1152 385 tres
1174 347 1223 383 ita
1245 357 1323 382 rem
1343 354 1525 393 narrant,
1550 358 1588 386 ut
1609 365 1675 391 non

224 415 366 466 Sibylla
395 413 471 451 huc
495 412 626 450 induci
648 413 840 459 videatur,
868 411 933 449 sed
961 411 1060 461 apud
1094 408 1319 458 Dionysium
1349 408 1486 445 mulier
1515 413 1677 460 quaedam

223 479 379 525 advena,
394 476 479 528 γυνή
499 492 550 520 τις
565 478 626 515 οὐκ
645 475 836 528 ἐπιχωρία;
857 475 957 527 apud
976 474 1152 521 Gellium,
1174 484 1266 509 auus
1285 471 1434 522 hospita
1451 481 1565 523 atque
1580 476 1677 515 inco-

223 544 345 595 gnita3
365 541 466 593 apud
487 541 679 586 Servium,
711 540 846 578 mulier
872 538 1041 589 quaedam
1066 536 1217 574 nomine
1246 536 1457 574 Amalthea,
1482 539 1604 583 Quare
1624 543 1678 581 vix

224 607 439 645 dubitamus
460 605 593 644 similia
613 605 790 642 Varronis
812 603 924 640 fuisse
947 601 1084 647 verba,
1110 612 1194 649 quae
1214 599 1261 637 tle
1283 599 1450 637 mulieris
1467 602 1677 645 conditione

222 680 287 709 aut
307 671 429 722 patria
450 670 544 707 nibil
569 670 659 706 certi
677 675 891 706 statuerent.
921 666 993 712 Qui
1023 665 1063 701 fit
1082 659 1255 714 igitur'ut
1283 664 1504 702 Lactantius
1529 680 1572 704 ex
1597 669 1677 708 Var.

225 736 326 773 rnnis
355 734 425 772 tide
447 733 628 784 Sibyllam
657 746 737 770 eam
763 732 898 768 diserte
924 739 960 767 et
987 729 1193 767 Cumanam
1223 730 1359 766 vocet?
1388 727 1506 767 Nobis
1536 731 1675 780 quidem

225 799 374 837 videtur
396 800 528 842 Varro,
545 811 660 848 quum
678 810 723 834 ex
742 795 1003 833 historicorum
1024 801 1194 830 veterum
1218 793 1290 831 tide
1310 793 1563 831 narrationem
1580 810 1674 837 suain

226 863 470 908 instituisset,
496 875 570 898 non
594 859 758 911 potuisse
778 867 896 895 tamen
921 857 1012 906 quin
1040 857 1229 907 vulgatam
1259 871 1327 894 suo
1354 852 1524 908 tempore
1551 859 1675 901 samam

227 928 342 965 literis
376 927 640 977 consignaret,-
663 923 887 972 Sibyltaeque
917 921 991 969 illi,
1024 934 1109 971 quae
1127 922 1241 972 vulgo
1269 922 1520 972 Tarquinium
1551 924 1675 965 adiisse

222 990 462 1035 credebatur,
485 990 605 1026 locum
631 988 666 1024 in
687 986 852 1036 catalogo
872 985 1025 1024 faceret.

280 1055 431 1106 Quippe
452 1055 486 1091 in
507 1054 583 1104 ipsa
605 1052 687 1090 luce
706 1051 876 1088 caecutire
893 1048 1000 1086 nobis
1021 1049 1205 1097 rideatur,
1226 1049 1255 1087 si
1274 1050 1361 1100 quis
1377 1059 1486 1101 neget
1505 1051 1676 1094 Varronis

229 1129 398 1170 tempore
420 1118 607 1168 vulgarem
631 1116 740 1153 fuisse
762 1116 893 1151 samam
913 1114 960 1151 de
984 1113 1089 1151 libris
1109 1128 1129 1151 a
1153 1114 1323 1152 Cumana
1346 1115 1491 1165 Sibylla
1516 1118 1672 1167 scriptis,

227 1184 274 1222 ab
297 1183 500 1232 eademque
520 1180 725 1231 Tarquinio
744 1178 894 1216 oblatis.
918 1179 1045 1228 Neque
1068 1179 1167 1216 enim
1188 1179 1411 1229 Sibyllinam
1432 1180 1475 1218 iis
1501 1181 1673 1232 originem

229 1248 347 1298 palam
365 1247 564 1296 ‹lt-negare,
581 1244 687 1281 facile
701 1252 794 1289 erat,
813 1255 928 1294 quum
943 1256 1028 1280 eum
1045 1243 1197 1281 titulum
1217 1243 1369 1294 publice
1384 1253 1420 1281 et
1440 1245 1591 1295 quidem
1604 1246 1673 1297 jain

227 1311 274 1348 ab
293 1311 436 1361 origine
456 1308 703 1359 possiderent,
726 1315 817 1344 teste
838 1307 980 1353 Gellio,
1003 1307 1023 1344 l.
1041 1307 1105 1345 cit.
1128 1320 1138 1346 ε
1161 1325 1176 1340 α
1196 1308 1303 1346 Libri
1320 1318 1396 1346 tres
1417 1310 1455 1346 in
1477 1313 1672 1351 sacrarium

225 1376 366 1413 rontliti
382 1393 395 1407 α
411 1373 579 1423 Sibyllini
596 1372 772 1423 appellati
792 1390 818 1418 ν,
840 1371 876 1408 id
896 1380 966 1418 est,
989 1386 1009 1409 a
1023 1371 1166 1422 Sibylla
1186 1373 1330 1424 scripti.
1348 1375 1478 1424 Neque
1496 1375 1673 1425 superbiat

227 1441 398 1478 ttomanae
411 1439 564 1475 multum
583 1438 727 1489 placere
739 1444 901 1487 poterat,
916 1436 1066 1487 antiqua
1082 1437 1181 1483 licet,
1195 1438 1348 1476 traditio
1366 1439 1532 1476 mulieris
1547 1440 1673 1489 ignotze

227 1506 299 1542 l'ata
325 1502 427 1540 urbis
444 1512 584 1539 :eternae
615 1501 925 1539 circumvelientis
946 1510 1271 1552 mercaturamque
1293 1516 1339 1540 ex
1364 1503 1407 1539 iis
1431 1503 1670 1553 instituentis,

223 1565 533 1619 χρηματιζομένης,
554 1566 604 1602 uti
622 1564 678 1602 bis
702 1564 834 1603 Suidas
854 1565 917 1611 ait,
941 1578 974 1603 v,
995 1563 1168 1618 ἸΙροφίλα
1186 1576 1223 1603 et
1243 1566 1539 1618 Χρηματίζεσθαι.
1563 1568 1671 1618 Vulgo

225 1631 334 1682 igitur
357 1643 375 1667 a
398 1629 535 1680 Sibylla
553 1643 666 1679 quum
684 1629 830 1679 scripti,
854 1638 931 1666 tuin
957 1629 1060 1667 allati
1084 1629 1343 1668 credebantur
1365 1631 1388 1668 ii
1410 1630 1521 1681 libri3
1542 1646 1671 1682 quum-

222 1709 295 1745 que
326 1694 425 1731 nulla
454 1695 490 1731 in
521 1694 626 1732 ltalia
645 1696 770 1731 notior
796 1703 894 1732 esset
914 1693 1056 1744 Sibylla
1080 1708 1191 1745 quam
1213 1696 1407 1743 Cumana,
1438 1697 1549 1747 vulgo
1572 1708 1672 1749 puta-

222 1758 309 1796 bant
326 1758 407 1795 illos
434 1771 453 1795 a
471 1759 637 1797 Cumana
653 1758 814 1808 scriptos
834 1767 871 1796 et
889 1758 1036 1796 allatos.
1061 1759 1102 1796 ld
1124 1772 1217 1796 vero
1253 1760 1438 1809 Varroni,
1463 1761 1669 1801 doctissimo

220 1823 314 1868 viro,
346 1823 496 1859 minime
522 1821 673 1873 probari
700 1823 835 1872 potuit.
858 1823 1028 1861 Primum
1062 1823 1125 1861 ille
1152 1823 1361 1862 Cumanam
1392 1826 1583 1876 antiquam
1615 1819 1673 1865 seii

217 1886 450 1924 Cimmeriam
479 1886 595 1924 Naevii
617 1885 663 1923 ad
690 1885 941 1938 Tarquinium
970 1887 1116 1926 venisse
1144 1901 1222 1925 non
1251 1889 1436 1936 credidit,
1469 1892 1535 1941 qui
1571 1892 1670 1930 sciret

219 1950 314 1988 banc
335 1951 432 1988 inter
450 1959 486 1988 et
499 1952 746 2001 Tarquinium
766 1951 923 1989 nimium
953 1953 1065 2003 spatii
1086 1953 1292 2001 interesse,
1311 1955 1463 1993 circiter
1487 1967 1670 1995 sexcentos

220 2028 350 2052 annos.
369 2019 483 2065 Atque
501 2015 597 2053 hanc
613 2015 692 2066 ejus
708 2015 980 2054 dubitationem
1000 2025 1103 2054 recte
1121 2019 1271 2055 notavit
1285 2020 1440 2058 Servius
1457 2021 1501 2057 ad
1519 2021 1601 2058 AEn.
1618 2021 1669 2066 Vl,

223 2092 257 2118 v.
277 2080 348 2115 36:
367 2096 381 2111 «ι
409 2080 549 2125 Varro,
584 2080 724 2131 inquit,
755 2081 791 2118 in
819 2081 923 2119 libris
948 2081 1087 2119 Rerum
1114 2082 1343 2120 Divinarum
1371 2086 1532 2134 requirit
1565 2099 1583 2122 a
1607 2099 1670 2134 qua

221 2161 236 2176 «ι
265 2143 436 2194 [Sibylla]
456 2144 528 2181 sint
555 2145 627 2182 sata
655 2146 819 2184 Romana
845 2146 1060 2197 conscripta
1077 2137 1097 2194 ;'
1119 2156 1156 2185 et
1180 2148 1286 2185 multi
1305 2159 1506 2200 sequentes
1527 2149 1574 2187 ab
1602 2149 1662 2186 liat:

222 2225 236 2239 ι
266 2206 429 2246 Cumana
457 2208 623 2247 credunt.
651 2210 743 2255 Qua:
777 2211 863 2248 licet
894 2211 1066 2262 longaeva
1094 2211 1258 2263 dicatur,
1288 2226 1363 2250 non
1397 2223 1519 2252 tamen
1566 2214 1662 2252 valde

222 2289 238 2304 «ι
267 2272 436 2321 congruit
465 2287 543 2310 eam
567 2287 683 2324 usqne
702 2275 748 2312 ad
769 2277 967 2327 Tarquinii
998 2285 1169 2328 tempora
1194 2278 1373 2325 durasse,
1394 2279 1453 2316 cui
1483 2279 1598 2316 libros
1614 2280 1662 2317 Si-

222 2353 236 2368 «
267 2335 425 2384 byllinos
445 2346 587 2375 constat
608 2351 686 2376 esse
704 2338 866 2380 oblatos.
886 2359 901 2374 υ
924 2342 1000 2380 Nec
1020 2355 1110 2379 vero
1127 2343 1290 2392 scriptos
1305 2343 1390 2381 illos
1417 2343 1536 2381 libros
1553 2357 1573 2381 a
1592 2344 1661 2382 Cu-

224 2412 330 2436 mana
360 2401 522 2450 putavit,
543 2415 652 2451 qnam
672 2403 727 2440 vel
750 2403 818 2454 ipsi
844 2406 1002 2443 Cumani
1028 2406 1213 2458 scriptum
1242 2408 1333 2445 nihil
1357 2408 1552 2458 reliquisse
1576 2409 1659 2446 sate-

225 2462 371 2513 bantur,
394 2472 483 2502 teste
503 2467 706 2512 Pausania,
731 2469 882 2509 Phocic.
912 2484 995 2521 cap.
1027 2474 1070 2508 1'2
1094 2486 1102 2509 :
1126 2472 1305 2524 Χρησμῶν
1326 2471 1361 2510 δὲ
1382 2474 1412 2511 οἱ
1432 2475 1586 2523 Κυμαῖοι
1610 2475 1661 2518 τῆς

222 2527 376 2577 γυναικὸς
397 2528 518 2574 ταύτης
537 2528 652 2567 οὐδένα
671 2524 762 2582 εἶχον
786 2534 1031 2578 ἐπιδείξασθαι.
1067 2537 1132 2574 His
1149 2546 1273 2574 motus
1291 2539 1540 2589 argumentis,
1558 2551 1659 2589 quani

224 2600 345 2629 tamen
369 2593 540 2630 Romanae
572 2596 723 2633 vanitati
745 2606 781 2635 et
802 2600 958 2650 vulgatae
978 2610 1067 2638 ante
1087 2615 1126 2639 se
1150 2603 1323 2653 opinioni
1347 2604 1562 2642 satisfacere
1582 2603 1661 2641 vell-

224 2656 293 2701 let,
321 2670 453 2694 novam
469 2657 645 2707 Sibyllam
663 2663 821 2713 creavit,
837 2677 858 2701 a
874 2678 947 2714 qua
964 2665 1051 2704 libri
1072 2668 1171 2704 allati
1191 2677 1331 2716 essent,
1358 2683 1515 2719 eamque
1533 2670 1660 2708 Cuma·

224 2733 315 2757 nam
330 2722 486 2767 vocavit,
508 2721 690 2761 diversam
708 2734 825 2764 tamen
842 2742 861 2766 a
882 2730 998 2780 priori
1022 2744 1030 2770 :
1052 2732 1168 2769 libros
1192 2746 1261 2770 nee.
1281 2747 1299 2770 a
1321 2747 1387 2771 sua
1405 2748 1475 2771 nec
1499 2748 1520 2771 a
1546 2735 1658 2785 priore

222 2783 391 2823 Cumana
417 2785 574 2835 scriptos
605 2791 766 2836 censuit,
791 2792 852 2828 scd
876 2807 989 2843 quum
1015 2795 1062 2834 (le
1092 2805 1249 2835 auctore
1276 2798 1469 2836 dubitaret
1497 2799 1543 2837 atl
1572 2800 1658 2847 liry-

224 2847 374 2886 tlira²am
398 2850 519 2899 potius
539 2850 747 2900 inclinavit,
767 2863 855 2893 teste
874 2857 1007 2896 iterum
1026 2859 1172 2907 Servio,
1199 2861 1271 2900 loc.
1291 2861 1376 2901 ei.t.:
1400 2879 1414 2894 σι
1433 2862 1591 2900 Ducitur
1610 2869 1656 2896 ta-

1745 2167 1749 2193 „⁴
1745 1967 1752 2155 -wv—-ssnmm
1750 1938 1752 1950 .-
1750 1911 1752 1923 „„
1751 1867 1752 1899 „aa

1737 2499 1743 2522 .-
1738 2484 1740 2491 s
1738 2248 1749 2464 *ww-..ww
1744 2216 1749 2238 ,,,,

1720 3211 1736 3243 ..Α-
1720 3169 1736 3197 ..υ
1722 3094 1727 3157 ,Ἶ-κ-
1723 3075 1729 3080 ,
1722 3055 1728 3059 ,
1724 2959 1734 3037 -wva
1727 2915 1732 2945 vr
1728 2884 1732 2888 Ι
