<?xml version="1.0" encoding="UTF-8"?>
<!DOCTYPE html PUBLIC "-//W3C//DTD XHTML 1.0 Transitional//EN"
    "http://www.w3.org/TR/xhtml1/DTD/xhtml1-transitional.dtd">
<html xmlns="http://www.w3.org/1999/xhtml" xml:lang="en" lang="en">
 <head>
  <title>
</title>
<meta http-equiv="Content-Type" content="text/html;charset=utf-8" />
  <meta name='ocr-system' content='tesseract 3.04.00' />
  <meta name='ocr-capabilities' content='ocr_page ocr_carea ocr_par ocr_line ocrx_word'/>
</head>
<body>
  <div class='ocr_page' id='page_1' title='image "./excursusadsibyll00alexuoft_0370.png"; bbox 0 0 1686 3500; ppageno 0'>
   <div class='ocr_carea' id='block_1_1' title="bbox 613 213 1551 267">
    <p class='ocr_par' dir='ltr' id='par_1_1' title="bbox 613 213 1551 267">
     <span class='ocr_line' id='line_1_1' title="bbox 613 213 1551 267; baseline 0.003 -4"><span class='ocrx_word' id='word_1_1' title='bbox 613 213 927 265; x_wconf 68' lang='lat' dir='ltr'>EXCU&#39;RSUS</span> <span class='ocrx_word' id='word_1_2' title='bbox 959 221 1018 266; x_wconf 87' lang='lat' dir='ltr'><strong>V.</strong></span> <span class='ocrx_word' id='word_1_3' title='bbox 1354 250 1361 256; x_wconf 34' lang='grc' dir='ltr'>κ</span> <span class='ocrx_word' id='word_1_4' title='bbox 1396 237 1404 247; x_wconf 63' lang='lat'>⁸</span> <span class='ocrx_word' id='word_1_5' title='bbox 1465 221 1551 267; x_wconf 71' lang='lat'><strong>361</strong></span> 
     </span>
    </p>
   </div>
   <div class='ocr_carea' id='block_1_2' title="bbox 91 315 1607 949">
    <p class='ocr_par' dir='ltr' id='par_1_2' title="bbox 91 315 1607 949">
     <span class='ocr_line' id='line_1_2' title="bbox 94 315 1561 371; baseline -0.006 -7"><span class='ocrx_word' id='word_1_6' title='bbox 94 323 162 364; x_wconf 82' lang='lat' dir='ltr'><strong>sub</strong></span> <span class='ocrx_word' id='word_1_7' title='bbox 181 316 475 371; x_wconf 78' lang='lat' dir='ltr'>imperatoribus</span> <span class='ocrx_word' id='word_1_8' title='bbox 489 316 683 364; x_wconf 77' lang='lat' dir='ltr'><strong>Romanis,</strong></span> <span class='ocrx_word' id='word_1_9' title='bbox 694 324 737 354; x_wconf 85' lang='lat' dir='ltr'><strong>ut</strong></span> <span class='ocrx_word' id='word_1_10' title='bbox 754 315 826 356; x_wconf 89' lang='lat' dir='ltr'><strong>lib.</strong></span> <span class='ocrx_word' id='word_1_11' title='bbox 844 315 910 362; x_wconf 85' lang='lat' dir='ltr'><strong>lv,</strong></span> <span class='ocrx_word' id='word_1_12' title='bbox 925 328 960 354; x_wconf 87' lang='lat' dir='ltr'><strong>v.</strong></span> <span class='ocrx_word' id='word_1_13' title='bbox 977 321 1064 364; x_wconf 60' lang='grc' dir='ltr'><strong>πίῃ,</strong></span> <span class='ocrx_word' id='word_1_14' title='bbox 1078 328 1186 369; x_wconf 71' lang='lat' dir='ltr'><strong>sqq.;</strong></span> <span class='ocrx_word' id='word_1_15' title='bbox 1202 325 1350 364; x_wconf 87' lang='lat' dir='ltr'><strong>contra,</strong></span> <span class='ocrx_word' id='word_1_16' title='bbox 1364 317 1561 358; x_wconf 86' lang='lat' dir='ltr'><strong>Philome·</strong></span> 
     </span>
     <span class='ocr_line' id='line_1_3' title="bbox 94 380 1559 435; baseline -0.005 -7"><span class='ocrx_word' id='word_1_17' title='bbox 94 387 185 428; x_wconf 89' lang='lat' dir='ltr'><strong>toris</strong></span> <span class='ocrx_word' id='word_1_18' title='bbox 201 381 435 435; x_wconf 86' lang='lat' dir='ltr'><strong>temporibus</strong></span> <span class='ocrx_word' id='word_1_19' title='bbox 447 380 603 419; x_wconf 88' lang='lat' dir='ltr'><strong>minime</strong></span> <span class='ocrx_word' id='word_1_20' title='bbox 619 380 949 419; x_wconf 85' lang='lat' dir='ltr'><strong>accommodatum</strong></span> <span class='ocrx_word' id='word_1_21' title='bbox 972 387 1029 417; x_wconf 77' lang='lat' dir='ltr'><strong>est</strong></span> <span class='ocrx_word' id='word_1_22' title='bbox 1041 409 1052 427; x_wconf 90' lang='lat'><strong>,</strong></span> <span class='ocrx_word' id='word_1_23' title='bbox 1071 388 1148 418; x_wconf 86' lang='lat' dir='ltr'><strong>tum</strong></span> <span class='ocrx_word' id='word_1_24' title='bbox 1165 393 1282 432; x_wconf 87' lang='lat' dir='ltr'><strong>quum</strong></span> <span class='ocrx_word' id='word_1_25' title='bbox 1298 381 1421 421; x_wconf 84' lang='lat' dir='ltr'><strong>Roma</strong></span> <span class='ocrx_word' id='word_1_26' title='bbox 1443 381 1559 421; x_wconf 88' lang='lat' dir='ltr'><strong>semel</strong></span> 
     </span>
     <span class='ocr_line' id='line_1_4' title="bbox 93 442 1561 499; baseline -0.003 -9"><span class='ocrx_word' id='word_1_27' title='bbox 93 452 211 493; x_wconf 81' lang='lat' dir='ltr'><strong>adhuc</strong></span> <span class='ocrx_word' id='word_1_28' title='bbox 225 448 273 487; x_wconf 85' lang='lat' dir='ltr'><strong>ab</strong></span> <span class='ocrx_word' id='word_1_29' title='bbox 294 446 464 486; x_wconf 82' lang='lat' dir='ltr'><strong>Asiaticis</strong></span> <span class='ocrx_word' id='word_1_30' title='bbox 481 445 661 498; x_wconf 83' lang='lat' dir='ltr'>pecunias</span> <span class='ocrx_word' id='word_1_31' title='bbox 677 452 872 496; x_wconf 82' lang='lat' dir='ltr'>exegerat,</span> <span class='ocrx_word' id='word_1_32' title='bbox 889 442 938 482; x_wconf 83' lang='lat' dir='ltr'><strong>ab</strong></span> <span class='ocrx_word' id='word_1_33' title='bbox 956 442 1146 483; x_wconf 80' lang='lat' dir='ltr'>Antiocho</span> <span class='ocrx_word' id='word_1_34' title='bbox 1162 457 1299 496; x_wconf 82' lang='lat' dir='ltr'><strong>nempe</strong></span> <span class='ocrx_word' id='word_1_35' title='bbox 1313 447 1454 498; x_wconf 82' lang='lat' dir='ltr'><strong>Magno</strong></span> <span class='ocrx_word' id='word_1_36' title='bbox 1473 454 1561 499; x_wconf 88' lang='lat' dir='ltr'><strong>post</strong></span> 
     </span>
     <span class='ocr_line' id='line_1_5' title="bbox 93 503 1561 563; baseline -0.004 -8"><span class='ocrx_word' id='word_1_37' title='bbox 93 503 278 556; x_wconf 79' lang='lat' dir='ltr'><strong>certamen</strong></span> <span class='ocrx_word' id='word_1_38' title='bbox 299 511 347 551; x_wconf 84' lang='lat' dir='ltr'><strong>ad</strong></span> <span class='ocrx_word' id='word_1_39' title='bbox 357 511 589 563; x_wconf 81' lang='lat' dir='ltr'><strong>Magnesiam</strong></span> <span class='ocrx_word' id='word_1_40' title='bbox 602 510 846 548; x_wconf 84' lang='lat' dir='ltr'><strong>commissum</strong></span> <span class='ocrx_word' id='word_1_41' title='bbox 860 509 961 547; x_wconf 84' lang='lat' dir='ltr'><strong>circa</strong></span> <span class='ocrx_word' id='word_1_42' title='bbox 975 521 1116 546; x_wconf 83' lang='lat' dir='ltr'><strong>anuum</strong></span> <span class='ocrx_word' id='word_1_43' title='bbox 1136 521 1224 559; x_wconf 82' lang='lat'>¹903</span> <span class='ocrx_word' id='word_1_44' title='bbox 1236 522 1358 560; x_wconf 85' lang='lat' dir='ltr'><strong>neque</strong></span> <span class='ocrx_word' id='word_1_45' title='bbox 1371 519 1452 549; x_wconf 88' lang='lat' dir='ltr'><strong>erat</strong></span> <span class='ocrx_word' id='word_1_46' title='bbox 1469 520 1561 559; x_wconf 81' lang='lat' dir='ltr'><strong>tum,</strong></span> 
     </span>
     <span class='ocr_line' id='line_1_6' title="bbox 94 572 1607 626; baseline -0.003 -8"><span class='ocrx_word' id='word_1_47' title='bbox 94 579 349 621; x_wconf 81' lang='lat' dir='ltr'><strong>Philometore</strong></span> <span class='ocrx_word' id='word_1_48' title='bbox 365 583 563 626; x_wconf 81' lang='lat' dir='ltr'><strong>regnante,</strong></span> <span class='ocrx_word' id='word_1_49' title='bbox 579 588 650 612; x_wconf 86' lang='lat' dir='ltr'><strong>cur</strong></span> <span class='ocrx_word' id='word_1_50' title='bbox 666 576 868 624; x_wconf 80' lang='lat' dir='ltr'><strong>AEgyptus,</strong></span> <span class='ocrx_word' id='word_1_51' title='bbox 885 572 1001 611; x_wconf 87' lang='lat' dir='ltr'><strong>modo</strong></span> <span class='ocrx_word' id='word_1_52' title='bbox 1019 586 1040 610; x_wconf 82' lang='lat' dir='ltr'><strong>a</strong></span> <span class='ocrx_word' id='word_1_53' title='bbox 1059 573 1166 624; x_wconf 87' lang='lat' dir='ltr'><strong>Syris</strong></span> <span class='ocrx_word' id='word_1_54' title='bbox 1183 572 1397 611; x_wconf 75' lang='lat' dir='ltr'><strong>immaniter</strong></span> <span class='ocrx_word' id='word_1_55' title='bbox 1411 584 1562 623; x_wconf 81' lang='lat' dir='ltr'><strong>vexata,</strong></span> <span class='ocrx_word' id='word_1_56' title='bbox 1603 596 1607 600; x_wconf 94' lang='lat'>·</span> 
     </span>
     <span class='ocr_line' id='line_1_7' title="bbox 91 636 1561 691; baseline -0.004 -8"><span class='ocrx_word' id='word_1_57' title='bbox 91 644 249 683; x_wconf 86' lang='lat' dir='ltr'><strong>multum</strong></span> <span class='ocrx_word' id='word_1_58' title='bbox 270 640 391 691; x_wconf 80' lang='lat' dir='ltr'><strong>Syriae</strong></span> <span class='ocrx_word' id='word_1_59' title='bbox 422 638 596 677; x_wconf 74' lang='lat' dir='ltr'><strong>cladibus</strong></span> <span class='ocrx_word' id='word_1_60' title='bbox 626 637 865 676; x_wconf 82' lang='lat' dir='ltr'><strong>condoleret.</strong></span> <span class='ocrx_word' id='word_1_61' title='bbox 891 636 1108 676; x_wconf 79' lang='lat' dir='ltr'><strong>Notandum</strong></span> <span class='ocrx_word' id='word_1_62' title='bbox 1136 639 1344 687; x_wconf 80' lang='lat' dir='ltr'><strong>praesertim</strong></span> <span class='ocrx_word' id='word_1_63' title='bbox 1373 639 1561 677; x_wconf 79' lang='lat' dir='ltr'><strong>Romanos</strong></span> 
     </span>
     <span class='ocr_line' id='line_1_8' title="bbox 92 701 1560 756; baseline -0.004 -9"><span class='ocrx_word' id='word_1_64' title='bbox 92 709 163 748; x_wconf 91' lang='lat' dir='ltr'><strong>illis</strong></span> <span class='ocrx_word' id='word_1_65' title='bbox 180 704 417 756; x_wconf 85' lang='lat' dir='ltr'><strong>temporibus</strong></span> <span class='ocrx_word' id='word_1_66' title='bbox 439 703 610 742; x_wconf 84' lang='lat' dir='ltr'><strong>nondum</strong></span> <span class='ocrx_word' id='word_1_67' title='bbox 631 702 791 742; x_wconf 88' lang='lat' dir='ltr'><strong>victoria</strong></span> <span class='ocrx_word' id='word_1_68' title='bbox 808 701 861 741; x_wconf 91' lang='lat' dir='ltr'><strong>sic</strong></span> <span class='ocrx_word' id='word_1_69' title='bbox 876 701 1016 740; x_wconf 84' lang='lat' dir='ltr'><strong>abusos</strong></span> <span class='ocrx_word' id='word_1_70' title='bbox 1035 701 1171 750; x_wconf 84' lang='lat' dir='ltr'><strong>fuisse,</strong></span> <span class='ocrx_word' id='word_1_71' title='bbox 1193 709 1234 740; x_wconf 89' lang='lat' dir='ltr'><strong>ut</strong></span> <span class='ocrx_word' id='word_1_72' title='bbox 1257 701 1430 740; x_wconf 73' lang='lat' dir='ltr'><strong>Asiaticis</strong></span> <span class='ocrx_word' id='word_1_73' title='bbox 1445 704 1536 754; x_wconf 79' lang='lat' dir='ltr'><strong>ipsis</strong></span> <span class='ocrx_word' id='word_1_74' title='bbox 1549 732 1560 751; x_wconf 95' lang='lat'><strong>‚</strong></span> 
     </span>
     <span class='ocr_line' id='line_1_9' title="bbox 93 766 1562 826; baseline -0.003 -16"><span class='ocrx_word' id='word_1_75' title='bbox 93 779 226 826; x_wconf 85' lang='lat' dir='ltr'><strong>praeter</strong></span> <span class='ocrx_word' id='word_1_76' title='bbox 246 771 363 821; x_wconf 86' lang='lat' dir='ltr'><strong>Syros</strong></span> <span class='ocrx_word' id='word_1_77' title='bbox 379 769 479 807; x_wconf 87' lang='lat' dir='ltr'><strong>solos</strong></span> <span class='ocrx_word' id='word_1_78' title='bbox 492 798 503 818; x_wconf 88' lang='lat'><strong>,</strong></span> <span class='ocrx_word' id='word_1_79' title='bbox 526 767 640 806; x_wconf 86' lang='lat' dir='ltr'><strong>invisi</strong></span> <span class='ocrx_word' id='word_1_80' title='bbox 660 767 807 807; x_wconf 85' lang='lat' dir='ltr'><strong>fierent.</strong></span> <span class='ocrx_word' id='word_1_81' title='bbox 825 768 918 806; x_wconf 88' lang='lat' dir='ltr'><strong>Nam</strong></span> <span class='ocrx_word' id='word_1_82' title='bbox 936 766 1053 804; x_wconf 70' lang='lat' dir='ltr'><strong>in‘illa</strong></span> <span class='ocrx_word' id='word_1_83' title='bbox 1075 774 1266 804; x_wconf 82' lang='lat' dir='ltr'><strong>terrarum</strong></span> <span class='ocrx_word' id='word_1_84' title='bbox 1284 774 1415 818; x_wconf 75' lang='lat' dir='ltr'><strong>parte,</strong></span> <span class='ocrx_word' id='word_1_85' title='bbox 1432 766 1562 806; x_wconf 85' lang='lat' dir='ltr'><strong>hacte-</strong></span> 
     </span>
     <span class='ocr_line' id='line_1_10' title="bbox 93 831 1562 883; baseline -0.004 -7"><span class='ocrx_word' id='word_1_86' title='bbox 93 851 158 876; x_wconf 85' lang='lat' dir='ltr'><strong>nus</strong></span> <span class='ocrx_word' id='word_1_87' title='bbox 177 835 292 874; x_wconf 88' lang='lat' dir='ltr'><strong>armis</strong></span> <span class='ocrx_word' id='word_1_88' title='bbox 314 834 392 872; x_wconf 89' lang='lat' dir='ltr'><strong>suis</strong></span> <span class='ocrx_word' id='word_1_89' title='bbox 418 840 559 871; x_wconf 80' lang='lat' dir='ltr'><strong>tentata</strong></span> <span class='ocrx_word' id='word_1_90' title='bbox 583 831 701 883; x_wconf 76' lang='lat' dir='ltr'><strong>magis</strong></span> <span class='ocrx_word' id='word_1_91' title='bbox 731 844 846 882; x_wconf 90' lang='lat' dir='ltr'><strong>quam</strong></span> <span class='ocrx_word' id='word_1_92' title='bbox 883 844 1066 883; x_wconf 76' lang='lat' dir='ltr'><strong>oppressa</strong></span> <span class='ocrx_word' id='word_1_93' title='bbox 1082 859 1093 877; x_wconf 93' lang='lat'><strong>,</strong></span> <span class='ocrx_word' id='word_1_94' title='bbox 1117 843 1166 869; x_wconf 91' lang='lat' dir='ltr'><strong>ne</strong></span> <span class='ocrx_word' id='word_1_95' title='bbox 1189 831 1387 881; x_wconf 75' lang='lat' dir='ltr'><strong>vestigium</strong></span> <span class='ocrx_word' id='word_1_96' title='bbox 1407 831 1562 882; x_wconf 83' lang='lat' dir='ltr'><strong>quidem</strong></span> 
     </span>
     <span class='ocr_line' id='line_1_11' title="bbox 92 895 1564 949; baseline -0.004 -9"><span class='ocrx_word' id='word_1_97' title='bbox 92 905 202 941; x_wconf 85' lang='lat' dir='ltr'><strong>fixum</strong></span> <span class='ocrx_word' id='word_1_98' title='bbox 229 899 479 949; x_wconf 84' lang='lat' dir='ltr'><strong>reliquerant.</strong></span> <span class='ocrx_word' id='word_1_99' title='bbox 499 896 698 936; x_wconf 70' lang='lat' dir='ltr'><strong>Maritimae</strong></span> <span class='ocrx_word' id='word_1_100' title='bbox 726 895 961 946; x_wconf 80' lang='lat' dir='ltr'><strong>provinciae,</strong></span> <span class='ocrx_word' id='word_1_101' title='bbox 989 895 1036 933; x_wconf 81' lang='lat' dir='ltr'><strong>ad</strong></span> <span class='ocrx_word' id='word_1_102' title='bbox 1068 904 1219 945; x_wconf 86' lang='lat' dir='ltr'><strong>tempus</strong></span> <span class='ocrx_word' id='word_1_103' title='bbox 1238 904 1447 946; x_wconf 81' lang='lat' dir='ltr'><strong>occupatae,</strong></span> <span class='ocrx_word' id='word_1_104' title='bbox 1463 895 1564 934; x_wconf 83' lang='lat' dir='ltr'><strong>bello</strong></span> 
     </span>
    </p>
   </div>
   <div class='ocr_carea' id='block_1_3' title="bbox 91 960 1623 1012">
    <p class='ocr_par' dir='ltr' id='par_1_3' title="bbox 91 960 1623 1012">
     <span class='ocr_line' id='line_1_12' title="bbox 91 960 1623 1012; baseline -0.004 -7"><span class='ocrx_word' id='word_1_105' title='bbox 91 967 264 1006; x_wconf 85' lang='lat' dir='ltr'><strong>confecto</strong></span> <span class='ocrx_word' id='word_1_106' title='bbox 298 963 463 1001; x_wconf 76' lang='lat' dir='ltr'><strong>libertati</strong></span> <span class='ocrx_word' id='word_1_107' title='bbox 496 975 573 1001; x_wconf 87' lang='lat' dir='ltr'><strong>suae</strong></span> <span class='ocrx_word' id='word_1_108' title='bbox 604 961 763 1000; x_wconf 86' lang='lat' dir='ltr'><strong>redditae</strong></span> <span class='ocrx_word' id='word_1_109' title='bbox 792 970 920 1008; x_wconf 84' lang='lat' dir='ltr'><strong>erunt,</strong></span> <span class='ocrx_word' id='word_1_110' title='bbox 942 962 998 999; x_wconf 90' lang='lat' dir='ltr'><strong>vel</strong></span> <span class='ocrx_word' id='word_1_111' title='bbox 1026 974 1111 1012; x_wconf 86' lang='lat' dir='ltr'><strong>quae</strong></span> <span class='ocrx_word' id='word_1_112' title='bbox 1143 960 1317 999; x_wconf 86' lang='lat' dir='ltr'><strong>libertate</strong></span> <span class='ocrx_word' id='word_1_113' title='bbox 1345 970 1456 999; x_wconf 81' lang='lat' dir='ltr'><strong>antea</strong></span> <span class='ocrx_word' id='word_1_114' title='bbox 1487 974 1562 999; x_wconf 89' lang='lat' dir='ltr'><strong>non</strong></span> <span class='ocrx_word' id='word_1_115' title='bbox 1619 971 1623 975; x_wconf 86' lang='lat'>&#39;</span> 
     </span>
    </p>
   </div>
   <div class='ocr_carea' id='block_1_4' title="bbox 92 1025 1571 2700">
    <p class='ocr_par' dir='ltr' id='par_1_4' title="bbox 92 1025 1567 1533">
     <span class='ocr_line' id='line_1_13' title="bbox 93 1025 1565 1078; baseline -0.004 -8"><span class='ocrx_word' id='word_1_116' title='bbox 93 1029 325 1074; x_wconf 81' lang='lat' dir='ltr'><strong>fruebantur,</strong></span> <span class='ocrx_word' id='word_1_117' title='bbox 358 1027 538 1067; x_wconf 85' lang='lat' dir='ltr'><strong>Eumenis</strong></span> <span class='ocrx_word' id='word_1_118' title='bbox 568 1039 686 1078; x_wconf 79' lang='lat' dir='ltr'><strong>regno</strong></span> <span class='ocrx_word' id='word_1_119' title='bbox 712 1034 991 1074; x_wconf 62' lang='lat' dir='ltr'><strong>accreverant5</strong></span> <span class='ocrx_word' id='word_1_120' title='bbox 1021 1039 1144 1076; x_wconf 79' lang='lat' dir='ltr'><strong>neque</strong></span> <span class='ocrx_word' id='word_1_121' title='bbox 1163 1025 1239 1064; x_wconf 83' lang='lat' dir='ltr'><strong>ulla</strong></span> <span class='ocrx_word' id='word_1_122' title='bbox 1260 1039 1348 1077; x_wconf 88' lang='lat' dir='ltr'><strong>pars</strong></span> <span class='ocrx_word' id='word_1_123' title='bbox 1368 1026 1464 1064; x_wconf 76' lang='lat' dir='ltr'><strong>Asiae</strong></span> <span class='ocrx_word' id='word_1_124' title='bbox 1485 1026 1565 1065; x_wconf 77' lang='lat' dir='ltr'><strong>Ro-</strong></span> 
     </span>
     <span class='ocr_line' id='line_1_14' title="bbox 93 1089 1566 1144; baseline -0.005 -10"><span class='ocrx_word' id='word_1_125' title='bbox 93 1095 210 1135; x_wconf 90' lang='lat' dir='ltr'><strong>manis</strong></span> <span class='ocrx_word' id='word_1_126' title='bbox 229 1092 444 1144; x_wconf 82' lang='lat' dir='ltr'><strong>mancipata</strong></span> <span class='ocrx_word' id='word_1_127' title='bbox 472 1091 543 1129; x_wconf 86' lang='lat' dir='ltr'><strong>suit</strong></span> <span class='ocrx_word' id='word_1_128' title='bbox 561 1099 650 1129; x_wconf 88' lang='lat' dir='ltr'><strong>ante</strong></span> <span class='ocrx_word' id='word_1_129' title='bbox 669 1104 811 1128; x_wconf 88' lang='lat' dir='ltr'><strong>annum</strong></span> <span class='ocrx_word' id='word_1_130' title='bbox 837 1091 926 1137; x_wconf 77' lang='lat'><strong>133,</strong></span> <span class='ocrx_word' id='word_1_131' title='bbox 947 1103 1027 1141; x_wconf 86' lang='lat' dir='ltr'><strong>quo</strong></span> <span class='ocrx_word' id='word_1_132' title='bbox 1048 1090 1273 1141; x_wconf 80' lang='lat' dir='ltr'><strong>Pergameni</strong></span> <span class='ocrx_word' id='word_1_133' title='bbox 1293 1091 1397 1142; x_wconf 78' lang='lat' dir='ltr'><strong>regni</strong></span> <span class='ocrx_word' id='word_1_134' title='bbox 1420 1089 1566 1128; x_wconf 77' lang='lat' dir='ltr'><strong>heredi-</strong></span> 
     </span>
     <span class='ocr_line' id='line_1_15' title="bbox 94 1155 1564 1206; baseline -0.004 -7"><span class='ocrx_word' id='word_1_135' title='bbox 94 1169 202 1199; x_wconf 85' lang='lat' dir='ltr'><strong>tatem</strong></span> <span class='ocrx_word' id='word_1_136' title='bbox 229 1171 277 1196; x_wconf 77' lang='lat' dir='ltr'><strong>ex</strong></span> <span class='ocrx_word' id='word_1_137' title='bbox 308 1165 535 1196; x_wconf 89' lang='lat' dir='ltr'><strong>testamento</strong></span> <span class='ocrx_word' id='word_1_138' title='bbox 566 1156 755 1194; x_wconf 86' lang='lat' dir='ltr'><strong>adierunt.</strong></span> <span class='ocrx_word' id='word_1_139' title='bbox 789 1155 901 1196; x_wconf 86' lang='lat' dir='ltr'><strong>Unde</strong></span> <span class='ocrx_word' id='word_1_140' title='bbox 929 1155 1049 1206; x_wconf 81' lang='lat' dir='ltr'><strong>igitur</strong></span> <span class='ocrx_word' id='word_1_141' title='bbox 1067 1156 1168 1193; x_wconf 85' lang='lat' dir='ltr'><strong>circa</strong></span> <span class='ocrx_word' id='word_1_142' title='bbox 1198 1169 1340 1193; x_wconf 80' lang='lat' dir='ltr'><strong>aunum</strong></span> <span class='ocrx_word' id='word_1_143' title='bbox 1365 1169 1443 1203; x_wconf 52' lang='lat'><strong>¹¹7⁰*</strong></span> <span class='ocrx_word' id='word_1_144' title='bbox 1468 1155 1564 1194; x_wconf 89' lang='lat' dir='ltr'><strong>illud</strong></span> 
     </span>
     <span class='ocr_line' id='line_1_16' title="bbox 92 1219 1566 1271; baseline -0.004 -8"><span class='ocrx_word' id='word_1_145' title='bbox 92 1227 137 1264; x_wconf 87' lang='lat' dir='ltr'><strong>de</strong></span> <span class='ocrx_word' id='word_1_146' title='bbox 155 1224 240 1263; x_wconf 79' lang='lat' dir='ltr'><strong>Asia</strong></span> <span class='ocrx_word' id='word_1_147' title='bbox 259 1230 445 1261; x_wconf 82' lang='lat' dir='ltr'><strong>manasset</strong></span> <span class='ocrx_word' id='word_1_148' title='bbox 460 1220 657 1259; x_wconf 86' lang='lat' dir='ltr'><strong>oraculum</strong></span> <span class='ocrx_word' id='word_1_149' title='bbox 669 1250 679 1269; x_wconf 88' lang='lat'><strong>,</strong></span> <span class='ocrx_word' id='word_1_150' title='bbox 695 1220 765 1258; x_wconf 86' lang='lat' dir='ltr'><strong>nisi</strong></span> <span class='ocrx_word' id='word_1_151' title='bbox 790 1219 839 1258; x_wconf 88' lang='lat' dir='ltr'><strong>ab</strong></span> <span class='ocrx_word' id='word_1_152' title='bbox 853 1220 985 1271; x_wconf 82' lang='lat' dir='ltr'><strong>aliquo</strong></span> <span class='ocrx_word' id='word_1_153' title='bbox 1000 1220 1185 1271; x_wconf 80' lang='lat' dir='ltr'><strong>Syrorum</strong></span> <span class='ocrx_word' id='word_1_154' title='bbox 1203 1233 1331 1271; x_wconf 81' lang='lat' dir='ltr'><strong>regum</strong></span> <span class='ocrx_word' id='word_1_155' title='bbox 1353 1220 1566 1268; x_wconf 82' lang='lat' dir='ltr'><strong>adulatore,</strong></span> 
     </span>
     <span class='ocr_line' id='line_1_17' title="bbox 92 1285 1566 1340; baseline -0.003 -13"><span class='ocrx_word' id='word_1_156' title='bbox 92 1305 111 1328; x_wconf 90' lang='lat' dir='ltr'><strong>a</strong></span> <span class='ocrx_word' id='word_1_157' title='bbox 129 1302 202 1340; x_wconf 80' lang='lat' dir='ltr'><strong>qua</strong></span> <span class='ocrx_word' id='word_1_158' title='bbox 222 1301 314 1326; x_wconf 82' lang='lat' dir='ltr'><strong>sane</strong></span> <span class='ocrx_word' id='word_1_159' title='bbox 337 1286 553 1339; x_wconf 81' lang='lat' dir='ltr'><strong>suspicione</strong></span> <span class='ocrx_word' id='word_1_160' title='bbox 568 1286 748 1324; x_wconf 85' lang='lat' dir='ltr'><strong>immunis</strong></span> <span class='ocrx_word' id='word_1_161' title='bbox 763 1294 818 1323; x_wconf 88' lang='lat' dir='ltr'><strong>est</strong></span> <span class='ocrx_word' id='word_1_162' title='bbox 835 1286 984 1323; x_wconf 86' lang='lat' dir='ltr'><strong>Noster.</strong></span> <span class='ocrx_word' id='word_1_163' title='bbox 1003 1286 1136 1335; x_wconf 80' lang='lat' dir='ltr'><strong>ltaque</strong></span> <span class='ocrx_word' id='word_1_164' title='bbox 1157 1285 1213 1323; x_wconf 88' lang='lat' dir='ltr'><strong>vel</strong></span> <span class='ocrx_word' id='word_1_165' title='bbox 1232 1285 1305 1323; x_wconf 85' lang='lat' dir='ltr'><strong>boc</strong></span> <span class='ocrx_word' id='word_1_166' title='bbox 1322 1285 1433 1323; x_wconf 80' lang='lat' dir='ltr'><strong>nobis</strong></span> <span class='ocrx_word' id='word_1_167' title='bbox 1452 1299 1566 1336; x_wconf 78' lang='lat' dir='ltr'><strong>argu-</strong></span> 
     </span>
     <span class='ocr_line' id='line_1_18' title="bbox 94 1349 1563 1403; baseline -0.003 -10"><span class='ocrx_word' id='word_1_168' title='bbox 94 1362 220 1394; x_wconf 87' lang='lat' dir='ltr'><strong>mento</strong></span> <span class='ocrx_word' id='word_1_169' title='bbox 237 1361 308 1401; x_wconf 91' lang='lat' dir='ltr'><strong>est,</strong></span> <span class='ocrx_word' id='word_1_170' title='bbox 328 1365 404 1390; x_wconf 90' lang='lat' dir='ltr'><strong>non</strong></span> <span class='ocrx_word' id='word_1_171' title='bbox 427 1352 597 1403; x_wconf 83' lang='lat' dir='ltr'><strong>potuisse</strong></span> <span class='ocrx_word' id='word_1_172' title='bbox 613 1351 684 1389; x_wconf 90' lang='lat' dir='ltr'><strong>ista</strong></span> <span class='ocrx_word' id='word_1_173' title='bbox 700 1350 828 1398; x_wconf 84' lang='lat' dir='ltr'><strong>scribi,</strong></span> <span class='ocrx_word' id='word_1_174' title='bbox 850 1350 938 1402; x_wconf 90' lang='lat' dir='ltr'><strong>nisi,</strong></span> <span class='ocrx_word' id='word_1_175' title='bbox 958 1350 1064 1402; x_wconf 87' lang='lat' dir='ltr'><strong>quod</strong></span> <span class='ocrx_word' id='word_1_176' title='bbox 1086 1350 1202 1401; x_wconf 87' lang='lat' dir='ltr'><strong>paulo</strong></span> <span class='ocrx_word' id='word_1_177' title='bbox 1222 1360 1310 1388; x_wconf 86' lang='lat' dir='ltr'><strong>ante</strong></span> <span class='ocrx_word' id='word_1_178' title='bbox 1329 1349 1563 1396; x_wconf 80' lang='lat' dir='ltr'><strong>dicebamus,</strong></span> 
     </span>
     <span class='ocr_line' id='line_1_19' title="bbox 94 1415 1567 1471; baseline -0.002 -15"><span class='ocrx_word' id='word_1_179' title='bbox 94 1418 214 1471; x_wconf 86' lang='lat' dir='ltr'><strong>primo</strong></span> <span class='ocrx_word' id='word_1_180' title='bbox 233 1418 366 1456; x_wconf 84' lang='lat' dir='ltr'><strong>saltem</strong></span> <span class='ocrx_word' id='word_1_181' title='bbox 381 1426 470 1454; x_wconf 89' lang='lat' dir='ltr'><strong>ante</strong></span> <span class='ocrx_word' id='word_1_182' title='bbox 487 1416 683 1455; x_wconf 83' lang='lat' dir='ltr'><strong>Christum</strong></span> <span class='ocrx_word' id='word_1_183' title='bbox 703 1415 859 1463; x_wconf 74' lang='lat' dir='ltr'><strong>saeculo,</strong></span> <span class='ocrx_word' id='word_1_184' title='bbox 877 1415 1254 1466; x_wconf 79' lang='lat' dir='ltr'><strong>‹lominantibnsjam</strong></span> <span class='ocrx_word' id='word_1_185' title='bbox 1272 1415 1310 1453; x_wconf 89' lang='lat' dir='ltr'><strong>in</strong></span> <span class='ocrx_word' id='word_1_186' title='bbox 1329 1415 1414 1454; x_wconf 79' lang='lat' dir='ltr'><strong>Asia</strong></span> <span class='ocrx_word' id='word_1_187' title='bbox 1435 1416 1567 1454; x_wconf 78' lang='lat' dir='ltr'><strong>Roma-</strong></span> 
     </span>
     <span class='ocr_line' id='line_1_20' title="bbox 94 1480 810 1533; baseline -0.007 -11"><span class='ocrx_word' id='word_1_188' title='bbox 94 1485 169 1530; x_wconf 86' lang='lat' dir='ltr'><strong>nis,</strong></span> <span class='ocrx_word' id='word_1_189' title='bbox 189 1482 304 1533; x_wconf 84' lang='lat' dir='ltr'><strong>Syllae</strong></span> <span class='ocrx_word' id='word_1_190' title='bbox 318 1482 375 1520; x_wconf 86' lang='lat' dir='ltr'><strong>vel</strong></span> <span class='ocrx_word' id='word_1_191' title='bbox 394 1481 544 1520; x_wconf 85' lang='lat' dir='ltr'><strong>Luculli</strong></span> <span class='ocrx_word' id='word_1_192' title='bbox 562 1480 810 1532; x_wconf 84' lang='lat' dir='ltr'><strong>temporibus.</strong></span> 
     </span>
    </p>

    <p class='ocr_par' dir='ltr' id='par_1_5' title="bbox 93 1544 1568 1926">
     <span class='ocr_line' id='line_1_21' title="bbox 142 1544 1564 1598; baseline -0.003 -12"><span class='ocrx_word' id='word_1_193' title='bbox 142 1552 191 1587; x_wconf 84' lang='lat' dir='ltr'><strong>At</strong></span> <span class='ocrx_word' id='word_1_194' title='bbox 211 1561 257 1585; x_wconf 90' lang='lat' dir='ltr'><strong>ne</strong></span> <span class='ocrx_word' id='word_1_195' title='bbox 278 1546 352 1585; x_wconf 83' lang='lat' dir='ltr'><strong>hoc</strong></span> <span class='ocrx_word' id='word_1_196' title='bbox 377 1546 533 1598; x_wconf 87' lang='lat' dir='ltr'><strong>quidem</strong></span> <span class='ocrx_word' id='word_1_197' title='bbox 556 1545 646 1584; x_wconf 85' lang='lat' dir='ltr'><strong>satis</strong></span> <span class='ocrx_word' id='word_1_198' title='bbox 667 1554 740 1585; x_wconf 89' lang='lat' dir='ltr'><strong>est.</strong></span> <span class='ocrx_word' id='word_1_199' title='bbox 763 1545 857 1584; x_wconf 80' lang='lat' dir='ltr'><strong>Num</strong></span> <span class='ocrx_word' id='word_1_200' title='bbox 884 1545 916 1583; x_wconf 87' lang='lat' dir='ltr'><strong>si</strong></span> <span class='ocrx_word' id='word_1_201' title='bbox 937 1545 1017 1583; x_wconf 71' lang='lat' dir='ltr'><strong>l&#39;iaec</strong></span> <span class='ocrx_word' id='word_1_202' title='bbox 1042 1545 1153 1584; x_wconf 83' lang='lat' dir='ltr'><strong>tertia</strong></span> <span class='ocrx_word' id='word_1_203' title='bbox 1183 1558 1271 1596; x_wconf 86' lang='lat' dir='ltr'><strong>pars</strong></span> <span class='ocrx_word' id='word_1_204' title='bbox 1296 1560 1317 1583; x_wconf 76' lang='lat' dir='ltr'><strong>a</strong></span> <span class='ocrx_word' id='word_1_205' title='bbox 1341 1545 1477 1584; x_wconf 88' lang='lat' dir='ltr'><strong>ceteris</strong></span> <span class='ocrx_word' id='word_1_206' title='bbox 1503 1544 1564 1583; x_wconf 87' lang='lat' dir='ltr'><strong>di·-</strong></span> 
     </span>
     <span class='ocr_line' id='line_1_22' title="bbox 93 1610 1566 1661; baseline -0.002 -10"><span class='ocrx_word' id='word_1_207' title='bbox 93 1612 263 1651; x_wconf 81' lang='lat' dir='ltr'><strong>vellenda</strong></span> <span class='ocrx_word' id='word_1_208' title='bbox 280 1620 336 1650; x_wconf 91' lang='lat' dir='ltr'><strong>est</strong></span> <span class='ocrx_word' id='word_1_209' title='bbox 354 1620 391 1649; x_wconf 90' lang='lat' dir='ltr'><strong>et</strong></span> <span class='ocrx_word' id='word_1_210' title='bbox 415 1611 454 1649; x_wconf 88' lang='lat' dir='ltr'><strong>in</strong></span> <span class='ocrx_word' id='word_1_211' title='bbox 487 1619 637 1648; x_wconf 85' lang='lat' dir='ltr'><strong>aetatem</strong></span> <span class='ocrx_word' id='word_1_212' title='bbox 664 1611 918 1661; x_wconf 86' lang='lat' dir='ltr'><strong>posteriorem</strong></span> <span class='ocrx_word' id='word_1_213' title='bbox 941 1610 1179 1658; x_wconf 87' lang='lat' dir='ltr'><strong>disserenda,</strong></span> <span class='ocrx_word' id='word_1_214' title='bbox 1207 1610 1341 1661; x_wconf 89' lang='lat' dir='ltr'><strong>quidni</strong></span> <span class='ocrx_word' id='word_1_215' title='bbox 1370 1611 1498 1661; x_wconf 87' lang='lat' dir='ltr'><strong>potius</strong></span> <span class='ocrx_word' id='word_1_216' title='bbox 1519 1610 1566 1648; x_wconf 83' lang='lat' dir='ltr'><strong>ad</strong></span> 
     </span>
     <span class='ocr_line' id='line_1_23' title="bbox 95 1674 1568 1729; baseline -0.003 -13"><span class='ocrx_word' id='word_1_217' title='bbox 95 1677 242 1729; x_wconf 80' lang='lat' dir='ltr'><strong>imperii</strong></span> <span class='ocrx_word' id='word_1_218' title='bbox 258 1685 433 1728; x_wconf 85' lang='lat' dir='ltr'><strong>tempora</strong></span> <span class='ocrx_word' id='word_1_219' title='bbox 445 1676 708 1723; x_wconf 80' lang='lat' dir='ltr'><strong>transferatur,</strong></span> <span class='ocrx_word' id='word_1_220' title='bbox 723 1683 761 1713; x_wconf 86' lang='lat' dir='ltr'><strong>et</strong></span> <span class='ocrx_word' id='word_1_221' title='bbox 775 1675 820 1713; x_wconf 85' lang='lat' dir='ltr'><strong>ad</strong></span> <span class='ocrx_word' id='word_1_222' title='bbox 835 1674 929 1713; x_wconf 90' lang='lat' dir='ltr'><strong>illud</strong></span> <span class='ocrx_word' id='word_1_223' title='bbox 946 1675 1154 1713; x_wconf 87' lang='lat' dir='ltr'><strong>secundum</strong></span> <span class='ocrx_word' id='word_1_224' title='bbox 1171 1689 1190 1713; x_wconf 86' lang='lat' dir='ltr'><strong>a</strong></span> <span class='ocrx_word' id='word_1_225' title='bbox 1208 1675 1363 1713; x_wconf 83' lang='lat' dir='ltr'><strong>Christo</strong></span> <span class='ocrx_word' id='word_1_226' title='bbox 1376 1676 1568 1722; x_wconf 85' lang='lat' dir='ltr'><strong>saeculum,</strong></span> 
     </span>
     <span class='ocr_line' id='line_1_24' title="bbox 95 1739 1566 1794; baseline -0.003 -14"><span class='ocrx_word' id='word_1_227' title='bbox 95 1756 167 1794; x_wconf 87' lang='lat' dir='ltr'><strong>quo</strong></span> <span class='ocrx_word' id='word_1_228' title='bbox 186 1741 326 1780; x_wconf 83' lang='lat' dir='ltr'><strong>scimus</strong></span> <span class='ocrx_word' id='word_1_229' title='bbox 348 1741 532 1792; x_wconf 88' lang='lat' dir='ltr'><strong>pleraque</strong></span> <span class='ocrx_word' id='word_1_230' title='bbox 549 1739 826 1790; x_wconf 82' lang='lat' dir='ltr'><strong>Sibyllinorum</strong></span> <span class='ocrx_word' id='word_1_231' title='bbox 851 1752 932 1777; x_wconf 84' lang='lat' dir='ltr'><strong>esse</strong></span> <span class='ocrx_word' id='word_1_232' title='bbox 958 1739 1122 1790; x_wconf 80' lang='lat' dir='ltr'><strong>scripta?</strong></span> <span class='ocrx_word' id='word_1_233' title='bbox 1145 1740 1269 1778; x_wconf 86' lang='lat' dir='ltr'><strong>Porro</strong></span> <span class='ocrx_word' id='word_1_234' title='bbox 1299 1739 1416 1776; x_wconf 89' lang='lat' dir='ltr'><strong>multa</strong></span> <span class='ocrx_word' id='word_1_235' title='bbox 1439 1752 1508 1777; x_wconf 84' lang='lat' dir='ltr'><strong>nos</strong></span> <span class='ocrx_word' id='word_1_236' title='bbox 1528 1739 1566 1776; x_wconf 90' lang='lat' dir='ltr'><strong>in</strong></span> 
     </span>
     <span class='ocr_line' id='line_1_25' title="bbox 96 1802 1566 1856; baseline -0.003 -10"><span class='ocrx_word' id='word_1_237' title='bbox 96 1820 172 1846; x_wconf 89' lang='lat' dir='ltr'><strong>eam</strong></span> <span class='ocrx_word' id='word_1_238' title='bbox 202 1806 429 1844; x_wconf 80' lang='lat' dir='ltr'><strong>sententiam</strong></span> <span class='ocrx_word' id='word_1_239' title='bbox 454 1814 585 1856; x_wconf 77' lang='lat' dir='ltr'><strong>agunt.</strong></span> <span class='ocrx_word' id='word_1_240' title='bbox 618 1805 710 1843; x_wconf 88' lang='lat' dir='ltr'><strong>Nam</strong></span> <span class='ocrx_word' id='word_1_241' title='bbox 746 1804 782 1841; x_wconf 91' lang='lat' dir='ltr'><strong>in</strong></span> <span class='ocrx_word' id='word_1_242' title='bbox 812 1802 906 1854; x_wconf 85' lang='lat' dir='ltr'><strong>ipsis</strong></span> <span class='ocrx_word' id='word_1_243' title='bbox 940 1804 1057 1841; x_wconf 87' lang='lat' dir='ltr'><strong>modo</strong></span> <span class='ocrx_word' id='word_1_244' title='bbox 1090 1803 1212 1841; x_wconf 84' lang='lat' dir='ltr'><strong>allatis</strong></span> <span class='ocrx_word' id='word_1_245' title='bbox 1250 1817 1271 1841; x_wconf 94' lang='lat' dir='ltr'><strong>e</strong></span> <span class='ocrx_word' id='word_1_246' title='bbox 1302 1802 1447 1854; x_wconf 87' lang='lat' dir='ltr'><strong>Sibylla</strong></span> <span class='ocrx_word' id='word_1_247' title='bbox 1476 1804 1566 1842; x_wconf 89' lang='lat' dir='ltr'><strong>locis</strong></span> 
     </span>
     <span class='ocr_line' id='line_1_26' title="bbox 96 1871 1404 1926; baseline -0.002 -14"><span class='ocrx_word' id='word_1_248' title='bbox 96 1873 261 1926; x_wconf 84' lang='lat' dir='ltr'><strong>quaedam</strong></span> <span class='ocrx_word' id='word_1_249' title='bbox 285 1881 374 1911; x_wconf 82' lang='lat' dir='ltr'><strong>sunt</strong></span> <span class='ocrx_word' id='word_1_250' title='bbox 394 1872 551 1911; x_wconf 87' lang='lat' dir='ltr'><strong>omnino</strong></span> <span class='ocrx_word' id='word_1_251' title='bbox 573 1871 862 1910; x_wconf 78' lang='lat' dir='ltr'><strong>consideranda.</strong></span> <span class='ocrx_word' id='word_1_252' title='bbox 884 1871 981 1909; x_wconf 83' lang='lat' dir='ltr'><strong>Illud</strong></span> <span class='ocrx_word' id='word_1_253' title='bbox 1004 1872 1214 1923; x_wconf 82' lang='lat' dir='ltr'><strong>praecipue,</strong></span> <span class='ocrx_word' id='word_1_254' title='bbox 1243 1885 1280 1911; x_wconf 87' lang='lat' dir='ltr'><strong>v.</strong></span> <span class='ocrx_word' id='word_1_255' title='bbox 1301 1874 1374 1918; x_wconf 69' lang='grc'><strong>464</strong></span> <span class='ocrx_word' id='word_1_256' title='bbox 1394 1885 1404 1911; x_wconf 73' lang='lat' dir='ltr'><strong>e</strong></span> 
     </span>
    </p>

    <p class='ocr_par' dir='ltr' id='par_1_6' title="bbox 97 1935 1568 2374">
     <span class='ocr_line' id='line_1_27' title="bbox 249 1935 1053 1988; baseline -0.005 -12"><span class='ocrx_word' id='word_1_257' title='bbox 249 1937 383 1984; x_wconf 81' lang='grc' dir='ltr'>Ἰταλίη</span> <span class='ocrx_word' id='word_1_258' title='bbox 395 1965 405 1984; x_wconf 82' lang='grc'><strong><em>,</em></strong></span> <span class='ocrx_word' id='word_1_259' title='bbox 425 1937 480 1976; x_wconf 76' lang='grc' dir='ltr'><strong>σοὶ</strong></span> <span class='ocrx_word' id='word_1_260' title='bbox 499 1936 530 1974; x_wconf 87' lang='grc' dir='ltr'><strong>δ’</strong></span> <span class='ocrx_word' id='word_1_261' title='bbox 549 1935 639 1979; x_wconf 84' lang='grc' dir='ltr'>οὔτις</span> <span class='ocrx_word' id='word_1_262' title='bbox 661 1935 746 1988; x_wconf 80' lang='grc' dir='ltr'>ἄρης</span> <span class='ocrx_word' id='word_1_263' title='bbox 763 1935 940 1986; x_wconf 77' lang='grc' dir='ltr'>ἀλλότριος</span> <span class='ocrx_word' id='word_1_264' title='bbox 960 1935 1053 1983; x_wconf 80' lang='grc' dir='ltr'>ἥξει,</span> 
     </span>
     <span class='ocr_line' id='line_1_28' title="bbox 100 1999 1568 2055; baseline -0.001 -14"><span class='ocrx_word' id='word_1_265' title='bbox 100 2011 244 2055; x_wconf 86' lang='lat' dir='ltr'><strong>tempus</strong></span> <span class='ocrx_word' id='word_1_266' title='bbox 264 2002 424 2040; x_wconf 87' lang='lat' dir='ltr'><strong>innuere</strong></span> <span class='ocrx_word' id='word_1_267' title='bbox 445 1999 558 2038; x_wconf 89' lang='lat' dir='ltr'><strong>nobis</strong></span> <span class='ocrx_word' id='word_1_268' title='bbox 578 1999 732 2038; x_wconf 81' lang='lat' dir='ltr'><strong>videtur</strong></span> <span class='ocrx_word' id='word_1_269' title='bbox 752 2013 829 2051; x_wconf 89' lang='lat' dir='ltr'><strong>quo</strong></span> <span class='ocrx_word' id='word_1_270' title='bbox 848 1999 1017 2038; x_wconf 80' lang='lat' dir='ltr'><strong>Romana</strong></span> <span class='ocrx_word' id='word_1_271' title='bbox 1040 2013 1130 2050; x_wconf 78' lang='lat' dir='ltr'><strong>gens</strong></span> <span class='ocrx_word' id='word_1_272' title='bbox 1150 2000 1232 2039; x_wconf 84' lang='lat' dir='ltr'><strong>sola</strong></span> <span class='ocrx_word' id='word_1_273' title='bbox 1250 2013 1293 2038; x_wconf 82' lang='lat' dir='ltr'><strong>ac</strong></span> <span class='ocrx_word' id='word_1_274' title='bbox 1325 2000 1406 2038; x_wconf 88' lang='lat' dir='ltr'><strong>sine</strong></span> <span class='ocrx_word' id='word_1_275' title='bbox 1424 2000 1568 2039; x_wconf 82' lang='lat' dir='ltr'><strong>aemulis</strong></span> 
     </span>
     <span class='ocr_line' id='line_1_29' title="bbox 97 2064 1568 2121; baseline -0.003 -16"><span class='ocrx_word' id='word_1_276' title='bbox 97 2066 313 2119; x_wconf 84' lang='lat' dir='ltr'><strong>imperabat.</strong></span> <span class='ocrx_word' id='word_1_277' title='bbox 338 2065 485 2105; x_wconf 87' lang='lat' dir='ltr'><strong>Deinde</strong></span> <span class='ocrx_word' id='word_1_278' title='bbox 505 2065 570 2103; x_wconf 90' lang='lat' dir='ltr'><strong>illa</strong></span> <span class='ocrx_word' id='word_1_279' title='bbox 587 2064 808 2115; x_wconf 89' lang='lat' dir='ltr'><strong>nuptiarum</strong></span> <span class='ocrx_word' id='word_1_280' title='bbox 824 2064 1086 2121; x_wconf 68' lang='lat' dir='ltr'><strong>metaphora,</strong></span> <span class='ocrx_word' id='word_1_281' title='bbox 1108 2078 1145 2104; x_wconf 91' lang='lat' dir='ltr'><strong>v.</strong></span> <span class='ocrx_word' id='word_1_282' title='bbox 1167 2064 1259 2112; x_wconf 78' lang='lat'><strong>357.</strong></span> <span class='ocrx_word' id='word_1_283' title='bbox 1291 2078 1366 2116; x_wconf 86' lang='lat' dir='ltr'><strong>sq..</strong></span> <span class='ocrx_word' id='word_1_284' title='bbox 1384 2064 1568 2115; x_wconf 84' lang='grc' dir='ltr'>πολυμνή-</span> 
     </span>
     <span class='ocr_line' id='line_1_30' title="bbox 99 2128 1567 2183; baseline -0.001 -13"><span class='ocrx_word' id='word_1_285' title='bbox 99 2147 204 2170; x_wconf 86' lang='grc' dir='ltr'>στοισι</span> <span class='ocrx_word' id='word_1_286' title='bbox 233 2131 377 2183; x_wconf 78' lang='grc' dir='ltr'>γάμοισι</span> <span class='ocrx_word' id='word_1_287' title='bbox 403 2130 697 2182; x_wconf 65' lang='grc' dir='ltr'>νυμφεύσεαιιούκ</span> <span class='ocrx_word' id='word_1_288' title='bbox 725 2130 774 2167; x_wconf 84' lang='grc' dir='ltr'><strong>ἐνὶ</strong></span> <span class='ocrx_word' id='word_1_289' title='bbox 802 2128 952 2182; x_wconf 81' lang='grc' dir='ltr'>κόσμῳ,</span> <span class='ocrx_word' id='word_1_290' title='bbox 974 2130 1075 2180; x_wconf 87' lang='lat' dir='ltr'><strong>quod</strong></span> <span class='ocrx_word' id='word_1_291' title='bbox 1112 2130 1209 2168; x_wconf 79' lang='lat' dir='ltr'><strong>infra</strong></span> <span class='ocrx_word' id='word_1_292' title='bbox 1233 2129 1394 2173; x_wconf 85' lang='lat' dir='ltr'><strong>redibit,</strong></span> <span class='ocrx_word' id='word_1_293' title='bbox 1421 2144 1455 2168; x_wconf 87' lang='lat' dir='ltr'><strong>v.</strong></span> <span class='ocrx_word' id='word_1_294' title='bbox 1475 2131 1567 2178; x_wconf 70' lang='lat'><strong>413,</strong></span> 
     </span>
     <span class='ocr_line' id='line_1_31' title="bbox 99 2186 1568 2249; baseline -0.001 -15"><span class='ocrx_word' id='word_1_295' title='bbox 99 2196 152 2235; x_wconf 67' lang='grc' dir='ltr'><strong>ἐπὶ</strong></span> <span class='ocrx_word' id='word_1_296' title='bbox 170 2195 397 2249; x_wconf 82' lang='grc' dir='ltr'>ἀνθρώποισιν</span> <span class='ocrx_word' id='word_1_297' title='bbox 418 2196 601 2248; x_wconf 82' lang='grc' dir='ltr'><strong>ἐρασταῖς,</strong></span> <span class='ocrx_word' id='word_1_298' title='bbox 617 2186 658 2232; x_wconf 66' lang='grc' dir='ltr'><strong>ἐἰ</strong></span> <span class='ocrx_word' id='word_1_299' title='bbox 678 2194 790 2241; x_wconf 86' lang='lat' dir='ltr'><strong>illud,</strong></span> <span class='ocrx_word' id='word_1_300' title='bbox 815 2207 847 2231; x_wconf 87' lang='lat' dir='ltr'><strong>v.</strong></span> <span class='ocrx_word' id='word_1_301' title='bbox 865 2194 956 2245; x_wconf 81' lang='lat'><strong>358,</strong></span> <span class='ocrx_word' id='word_1_302' title='bbox 980 2194 1126 2232; x_wconf 83' lang='lat' dir='ltr'><strong>ancillae</strong></span> <span class='ocrx_word' id='word_1_303' title='bbox 1142 2207 1280 2244; x_wconf 77' lang='lat' dir='ltr'><strong>nomen</strong></span> <span class='ocrx_word' id='word_1_304' title='bbox 1303 2194 1435 2233; x_wconf 82' lang='lat' dir='ltr'><strong>Romae</strong></span> <span class='ocrx_word' id='word_1_305' title='bbox 1463 2194 1568 2233; x_wconf 86' lang='lat' dir='ltr'><strong>iudi-</strong></span> 
     </span>
     <span class='ocr_line' id='line_1_32' title="bbox 100 2258 1568 2312; baseline -0.001 -14"><span class='ocrx_word' id='word_1_306' title='bbox 100 2270 185 2307; x_wconf 88' lang='lat' dir='ltr'><strong>tum‚</strong></span> <span class='ocrx_word' id='word_1_307' title='bbox 196 2262 375 2299; x_wconf 83' lang='grc' dir='ltr'>οἷνωθεῖσα</span> <span class='ocrx_word' id='word_1_308' title='bbox 387 2260 517 2312; x_wconf 79' lang='grc' dir='ltr'>λάτρις,</span> <span class='ocrx_word' id='word_1_309' title='bbox 531 2260 663 2297; x_wconf 83' lang='lat' dir='ltr'><strong>melius</strong></span> <span class='ocrx_word' id='word_1_310' title='bbox 676 2258 975 2298; x_wconf 86' lang='lat' dir='ltr'><strong>videturseriori</strong></span> <span class='ocrx_word' id='word_1_311' title='bbox 992 2260 1093 2297; x_wconf 84' lang='lat' dir='ltr'><strong>aetati</strong></span> <span class='ocrx_word' id='word_1_312' title='bbox 1110 2259 1333 2308; x_wconf 79' lang='lat' dir='ltr'><strong>convenire,</strong></span> <span class='ocrx_word' id='word_1_313' title='bbox 1351 2269 1430 2297; x_wconf 89' lang='lat' dir='ltr'><strong>tum</strong></span> <span class='ocrx_word' id='word_1_314' title='bbox 1447 2273 1568 2310; x_wconf 90' lang='lat' dir='ltr'><strong>quum</strong></span> 
     </span>
     <span class='ocr_line' id='line_1_33' title="bbox 99 2323 1030 2374; baseline -0.002 -9"><span class='ocrx_word' id='word_1_315' title='bbox 99 2326 211 2365; x_wconf 81' lang='lat' dir='ltr'><strong>Roma</strong></span> <span class='ocrx_word' id='word_1_316' title='bbox 229 2326 417 2374; x_wconf 85' lang='lat' dir='ltr'><strong>dominos,</strong></span> <span class='ocrx_word' id='word_1_317' title='bbox 430 2339 508 2364; x_wconf 85' lang='lat' dir='ltr'><strong>non</strong></span> <span class='ocrx_word' id='word_1_318' title='bbox 525 2325 643 2364; x_wconf 89' lang='lat' dir='ltr'><strong>duces</strong></span> <span class='ocrx_word' id='word_1_319' title='bbox 663 2332 823 2372; x_wconf 86' lang='lat' dir='ltr'><strong>tantum,</strong></span> <span class='ocrx_word' id='word_1_320' title='bbox 843 2323 1030 2363; x_wconf 86' lang='lat' dir='ltr'><strong>mutabat.</strong></span> 
     </span>
    </p>

    <p class='ocr_par' dir='ltr' id='par_1_7' title="bbox 150 2389 1571 2443">
     <span class='ocr_line' id='line_1_34' title="bbox 150 2389 1571 2443; baseline -0.001 -13"><span class='ocrx_word' id='word_1_321' title='bbox 150 2395 227 2443; x_wconf 81' lang='lat' dir='ltr'><strong>Age</strong></span> <span class='ocrx_word' id='word_1_322' title='bbox 248 2405 350 2429; x_wconf 90' lang='lat' dir='ltr'><strong>nunc</strong></span> <span class='ocrx_word' id='word_1_323' title='bbox 372 2391 495 2429; x_wconf 90' lang='lat' dir='ltr'><strong>locum</strong></span> <span class='ocrx_word' id='word_1_324' title='bbox 517 2390 653 2437; x_wconf 86' lang='lat' dir='ltr'><strong>alium,</strong></span> <span class='ocrx_word' id='word_1_325' title='bbox 681 2391 853 2429; x_wconf 82' lang='lat' dir='ltr'><strong>nondum</strong></span> <span class='ocrx_word' id='word_1_326' title='bbox 878 2389 926 2427; x_wconf 89' lang='lat' dir='ltr'><strong>ad</strong></span> <span class='ocrx_word' id='word_1_327' title='bbox 947 2402 1103 2428; x_wconf 84' lang='lat' dir='ltr'><strong>examen</strong></span> <span class='ocrx_word' id='word_1_328' title='bbox 1128 2399 1332 2441; x_wconf 82' lang='lat' dir='ltr'><strong>vocatum,</strong></span> <span class='ocrx_word' id='word_1_329' title='bbox 1355 2389 1571 2442; x_wconf 86' lang='lat' dir='ltr'><strong>perpenda-</strong></span> 
     </span>
    </p>

    <p class='ocr_par' dir='ltr' id='par_1_8' title="bbox 103 2456 1188 2700">
     <span class='ocr_line' id='line_1_35' title="bbox 103 2456 997 2507; baseline -0.001 -12"><span class='ocrx_word' id='word_1_330' title='bbox 103 2469 198 2504; x_wconf 88' lang='lat' dir='ltr'><strong>mus,</strong></span> <span class='ocrx_word' id='word_1_331' title='bbox 215 2471 261 2495; x_wconf 84' lang='lat' dir='ltr'><strong>ex</strong></span> <span class='ocrx_word' id='word_1_332' title='bbox 280 2457 412 2495; x_wconf 85' lang='lat' dir='ltr'><strong>eadem</strong></span> <span class='ocrx_word' id='word_1_333' title='bbox 435 2456 543 2494; x_wconf 88' lang='lat' dir='ltr'><strong>tertia</strong></span> <span class='ocrx_word' id='word_1_334' title='bbox 561 2465 692 2507; x_wconf 86' lang='lat' dir='ltr'><strong>parte,</strong></span> <span class='ocrx_word' id='word_1_335' title='bbox 716 2469 752 2494; x_wconf 90' lang='lat' dir='ltr'><strong>v.</strong></span> <span class='ocrx_word' id='word_1_336' title='bbox 771 2456 862 2502; x_wconf 71' lang='lat'><strong>324,</strong></span> <span class='ocrx_word' id='word_1_337' title='bbox 879 2468 965 2505; x_wconf 89' lang='lat' dir='ltr'><strong>sqq.</strong></span> <span class='ocrx_word' id='word_1_338' title='bbox 987 2469 997 2493; x_wconf 71' lang='grc' dir='ltr'><strong><em>ε</em></strong></span> 
     </span>
     <span class='ocr_line' id='line_1_36' title="bbox 252 2513 1188 2575; baseline -0.002 -16"><span class='ocrx_word' id='word_1_339' title='bbox 252 2520 450 2575; x_wconf 83' lang='grc' dir='ltr'>Θυγατέρες</span> <span class='ocrx_word' id='word_1_340' title='bbox 470 2522 609 2570; x_wconf 81' lang='grc' dir='ltr'>δυσμῶν</span> <span class='ocrx_word' id='word_1_341' title='bbox 622 2550 634 2571; x_wconf 83' lang='grc'>,</span> <span class='ocrx_word' id='word_1_342' title='bbox 649 2521 694 2562; x_wconf 82' lang='grc' dir='ltr'><strong>ὡς</strong></span> <span class='ocrx_word' id='word_1_343' title='bbox 709 2519 808 2567; x_wconf 80' lang='grc' dir='ltr'>ἥξετε</span> <span class='ocrx_word' id='word_1_344' title='bbox 827 2519 950 2571; x_wconf 80' lang='grc' dir='ltr'>πικρὸν</span> <span class='ocrx_word' id='word_1_345' title='bbox 967 2520 1000 2563; x_wconf 84' lang='grc' dir='ltr'><strong>ἐς</strong></span> <span class='ocrx_word' id='word_1_346' title='bbox 1019 2513 1134 2572; x_wconf 75' lang='grc' dir='ltr'>ἦμαρ.</span> <span class='ocrx_word' id='word_1_347' title='bbox 1152 2547 1162 2557; x_wconf 91' lang='grc'><strong>.</strong></span> <span class='ocrx_word' id='word_1_348' title='bbox 1178 2547 1188 2558; x_wconf 87' lang='grc'>.</span> 
     </span>
     <span class='ocr_line' id='line_1_37' title="bbox 254 2579 1022 2636; baseline -0.004 -11"><span class='ocrx_word' id='word_1_349' title='bbox 254 2586 340 2625; x_wconf 73' lang='lat' dir='ltr'>’Avo’</span> <span class='ocrx_word' id='word_1_350' title='bbox 354 2579 401 2624; x_wconf 71' lang='grc' dir='ltr'><strong>ὧν</strong></span> <span class='ocrx_word' id='word_1_351' title='bbox 422 2585 621 2625; x_wconf 78' lang='grc' dir='ltr'>Ἃθανάτοιο</span> <span class='ocrx_word' id='word_1_352' title='bbox 640 2584 751 2636; x_wconf 82' lang='grc' dir='ltr'><strong>μέγαν</strong></span> <span class='ocrx_word' id='word_1_353' title='bbox 770 2584 1022 2631; x_wconf 75' lang='grc' dir='ltr'>διεδηλήσασθε</span> 
     </span>
     <span class='ocr_line' id='line_1_38' title="bbox 253 2642 1140 2700; baseline -0.001 -12"><span class='ocrx_word' id='word_1_354' title='bbox 253 2642 386 2700; x_wconf 73' lang='grc' dir='ltr'>Οἶκον,</span> <span class='ocrx_word' id='word_1_355' title='bbox 406 2650 523 2687; x_wconf 73' lang='grc' dir='ltr'>ὀδοῦσι</span> <span class='ocrx_word' id='word_1_356' title='bbox 539 2648 720 2699; x_wconf 84' lang='grc' dir='ltr'>σιδηρείοις</span> <span class='ocrx_word' id='word_1_357' title='bbox 742 2648 774 2686; x_wconf 84' lang='grc' dir='ltr'><strong>δ’</strong></span> <span class='ocrx_word' id='word_1_358' title='bbox 790 2646 990 2698; x_wconf 76' lang='grc' dir='ltr'>ἐμασήσατε</span> <span class='ocrx_word' id='word_1_359' title='bbox 1010 2647 1140 2691; x_wconf 75' lang='grc' dir='ltr'>δεινῶς.</span> 
     </span>
    </p>
   </div>
   <div class='ocr_carea' id='block_1_5' title="bbox 153 2704 1646 2765">
    <p class='ocr_par' dir='ltr' id='par_1_9' title="bbox 153 2704 1646 2765">
     <span class='ocr_line' id='line_1_39' title="bbox 153 2704 1646 2765; baseline -0.001 -13"><span class='ocrx_word' id='word_1_360' title='bbox 153 2713 319 2752; x_wconf 85' lang='lat' dir='ltr'><strong>Primum</strong></span> <span class='ocrx_word' id='word_1_361' title='bbox 336 2714 398 2751; x_wconf 84' lang='lat' dir='ltr'><strong>hic</strong></span> <span class='ocrx_word' id='word_1_362' title='bbox 416 2713 601 2765; x_wconf 87' lang='lat' dir='ltr'><strong>templum</strong></span> <span class='ocrx_word' id='word_1_363' title='bbox 621 2712 818 2764; x_wconf 86' lang='lat' dir='ltr'><strong>deplorari</strong></span> <span class='ocrx_word' id='word_1_364' title='bbox 836 2712 1010 2750; x_wconf 86' lang='lat' dir='ltr'><strong>videmus</strong></span> <span class='ocrx_word' id='word_1_365' title='bbox 1025 2712 1161 2750; x_wconf 89' lang='lat' dir='ltr'><strong>misere</strong></span> <span class='ocrx_word' id='word_1_366' title='bbox 1179 2711 1350 2750; x_wconf 87' lang='lat' dir='ltr'><strong>dirutum</strong></span> <span class='ocrx_word' id='word_1_367' title='bbox 1372 2720 1489 2764; x_wconf 90' lang='lat' dir='ltr'><strong>atque</strong></span> <span class='ocrx_word' id='word_1_368' title='bbox 1507 2711 1570 2751; x_wconf 89' lang='lat' dir='ltr'><strong>de·</strong></span> <span class='ocrx_word' id='word_1_369' title='bbox 1626 2704 1646 2757; x_wconf 32' lang='lat'><strong>³,</strong></span> 
     </span>
    </p>
   </div>
   <div class='ocr_carea' id='block_1_6' title="bbox 105 2776 1578 2894">
    <p class='ocr_par' dir='ltr' id='par_1_10' title="bbox 105 2776 1578 2894">
     <span class='ocr_line' id='line_1_40' title="bbox 105 2776 1569 2830; baseline 0.001 -17"><span class='ocrx_word' id='word_1_370' title='bbox 105 2776 229 2825; x_wconf 87' lang='lat' dir='ltr'><strong>letum,</strong></span> <span class='ocrx_word' id='word_1_371' title='bbox 248 2778 351 2829; x_wconf 89' lang='lat' dir='ltr'><strong>quod</strong></span> <span class='ocrx_word' id='word_1_372' title='bbox 372 2778 546 2830; x_wconf 87' lang='lat' dir='ltr'><strong>quidem,</strong></span> <span class='ocrx_word' id='word_1_373' title='bbox 563 2791 680 2829; x_wconf 87' lang='lat' dir='ltr'><strong>quum</strong></span> <span class='ocrx_word' id='word_1_374' title='bbox 699 2777 813 2828; x_wconf 85' lang='lat' dir='ltr'><strong>hujus</strong></span> <span class='ocrx_word' id='word_1_375' title='bbox 830 2777 917 2815; x_wconf 86' lang='lat' dir='ltr'><strong>libri</strong></span> <span class='ocrx_word' id='word_1_376' title='bbox 936 2790 1022 2827; x_wconf 84' lang='lat' dir='ltr'><strong>pars</strong></span> <span class='ocrx_word' id='word_1_377' title='bbox 1038 2778 1204 2815; x_wconf 86' lang='lat' dir='ltr'><strong>secunda</strong></span> <span class='ocrx_word' id='word_1_378' title='bbox 1221 2776 1466 2825; x_wconf 84' lang='lat' dir='ltr'><strong>scriberetur,</strong></span> <span class='ocrx_word' id='word_1_379' title='bbox 1483 2777 1569 2815; x_wconf 76' lang='lat' dir='ltr'><strong>licet</strong></span> 
     </span>
     <span class='ocr_line' id='line_1_41' title="bbox 107 2839 1578 2894; baseline 0.001 -17"><span class='ocrx_word' id='word_1_380' title='bbox 107 2839 151 2877; x_wconf 87' lang='lat' dir='ltr'><strong>ab</strong></span> <span class='ocrx_word' id='word_1_381' title='bbox 182 2842 381 2893; x_wconf 86' lang='lat' dir='ltr'><strong>Epiphane</strong></span> <span class='ocrx_word' id='word_1_382' title='bbox 410 2842 676 2893; x_wconf 81' lang='lat' dir='ltr'><strong>profanatum,</strong></span> <span class='ocrx_word' id='word_1_383' title='bbox 702 2842 894 2894; x_wconf 84' lang='lat' dir='ltr'><strong>integrum</strong></span> <span class='ocrx_word' id='word_1_384' title='bbox 928 2841 1053 2880; x_wconf 85' lang='lat' dir='ltr'><strong>adhuc</strong></span> <span class='ocrx_word' id='word_1_385' title='bbox 1074 2840 1218 2890; x_wconf 83' lang='lat' dir='ltr'><strong>stabat,</strong></span> <span class='ocrx_word' id='word_1_386' title='bbox 1249 2842 1330 2893; x_wconf 87' lang='lat' dir='ltr'><strong>ipsa</strong></span> <span class='ocrx_word' id='word_1_387' title='bbox 1353 2840 1578 2880; x_wconf 84' lang='lat' dir='ltr'><strong>declarante-</strong></span> 
     </span>
    </p>
   </div>
   <div class='ocr_carea' id='block_1_7' title="bbox 108 2903 529 2958">
    <p class='ocr_par' dir='ltr' id='par_1_11' title="bbox 108 2903 529 2958">
     <span class='ocr_line' id='line_1_42' title="bbox 108 2903 529 2958; baseline 0.01 -18"><span class='ocrx_word' id='word_1_388' title='bbox 108 2903 260 2956; x_wconf 80' lang='lat' dir='ltr'><strong>Sibylla,</strong></span> <span class='ocrx_word' id='word_1_389' title='bbox 282 2920 317 2946; x_wconf 87' lang='lat' dir='ltr'><strong>v.</strong></span> <span class='ocrx_word' id='word_1_390' title='bbox 335 2908 424 2955; x_wconf 74' lang='lat'><strong>213,</strong></span> <span class='ocrx_word' id='word_1_391' title='bbox 448 2920 529 2958; x_wconf 81' lang='lat' dir='ltr'><strong>sq.:</strong></span> 
     </span>
    </p>
   </div>
  </div>
 </body>
</html>
