1686 3500
95 211 189 257 548
463 208 545 254 AD
576 204 920 253 SlBYLLINOS
958 205 1161 251 LlBROS

45 321 50 328 ·
91 308 164 347 sibi
174 307 412 359 complacere
423 306 604 354 sinamus,
624 305 714 344 satis
727 305 981 356 redarguente
999 303 1164 349 Sustine,
1180 301 1279 342 Dial.
1302 315 1386 340 cum
1402 298 1554 354 Tryplr.

92 377 112 420 ς
141 380 212 424 41,
252 385 351 419 ¹17,
391 378 465 411 ete.
502 370 580 409 Nos
615 370 768 409 interim
798 379 969 408 veterum
997 367 1298 408 Christianorum
1332 379 1457 404 mores
1492 367 1558 405 hie

90 448 340 488 agnoscamus
366 434 574 486 hospitales
599 444 746 472 etcum
779 434 997 486 frugalitate
1026 445 1070 470 ac
1103 429 1309 470 sobrietate
1340 430 1556 470 munificos,

89 500 203 546 Quod
220 500 251 538 si
276 500 484 537 incruentae
503 497 619 549 dapes
638 486 974 544 commendantur,
993 495 1031 534 id
1050 494 1317 546 imputandum
1347 503 1403 532 est
1430 503 1556 532 auste-

89 565 182 603 riori
204 563 456 615 quorumdam
480 571 568 600 tunc
591 562 800 601 viventium
821 562 1044 612 disciplinae,
1063 559 1184 610 qualis
1204 558 1275 597 fuit
1293 559 1556 610 Therapeusa-

88 642 190 678 rum,
213 628 279 679 qui
310 628 347 665 in
372 627 534 678 AEgypto
554 629 772 666 monasticae
793 629 878 666 vitae
900 626 1141 664 fundamenta
1157 626 1354 676 jecerunt,
1374 638 1394 662 a
1414 624 1558 675 quibus

87 693 236 731 initium
254 692 407 730 duxisse
424 691 648 742 Sibyllinam
665 692 768 745 apud
788 692 1019 731 Christianos
1038 689 1367 736 vaticinationem,
1383 697 1470 726 sunt
1487 688 1554 739 qui

87 771 155 796 nec
174 757 254 795 sine
273 770 385 795 causa
405 757 659 808 crediderint3
687 758 751 795 sed
772 771 839 795 nos
863 757 910 794 de
934 769 976 793 ea
999 769 1039 793 re
1064 754 1179 806 paulo
1195 754 1306 792 iufra.

137 821 264 860 Ceteri
284 820 480 859 christiani
500 822 597 859 ritus
613 851 624 869 ,
641 822 706 872 qui
722 822 798 859 rari
818 824 856 858 in
875 820 1071 871 Sibyllinis
1090 826 1365 864 memorantur,
1385 825 1489 866 sunt,
1512 825 1552 854 ut

83 886 208 936 quivis
228 887 331 924 ultro
363 894 567 937 sperasset,
592 885 870 936 simplicissimi,
890 895 927 923 et
950 884 1078 935 quales
1110 884 1146 920 iu
1177 883 1360 933 primaeva
1383 882 1552 920 Ecclesia

83 964 166 989 esse
197 950 334 988 decuit.
364 951 438 998 Qui
466 963 598 988 omnes
626 951 704 988 sere
732 949 791 987 his
828 948 1000 988 versibus
1030 947 1297 995 continentur,
1340 945 1410 986 lib.
1443 947 1552 993 vul,

82 1027 118 1054 V·
141 1021 232 1064 1597,
254 1028 362 1065 sqq-²

240 1078 332 1118 Ἀλλ’
349 1079 470 1130 ἁγναῖς
488 1078 699 1132 πραπίδεσσι
719 1077 901 1129 γεγηθότες
919 1076 1056 1131 εὔφρονι
1077 1079 1196 1130 θυμῷ,

238 1142 406 1196 Ἀφνειαῖς
419 1145 451 1183 τ’
470 1143 627 1195 ἀγάπῃσι
639 1171 650 1190 ,
673 1142 732 1181 καὶ
749 1141 908 1195 εὗδώροις
926 1142 1132 1194 παλάμῃσι,

237 1207 432 1260 Μειλιχίοις
449 1209 637 1261 ψαλμοῖσι,
658 1206 903 1258 θεοπρεπέεσσί
926 1222 962 1244 τε
981 1209 1131 1258 μολπαῖς

236 1271 393 1325 Ἄφθιτον
413 1271 567 1323 ἐξυμνεῐν
588 1287 627 1311 σε
645 1271 704 1309 καὶ
723 1271 892 1323 ἄψευστον
915 1272 1130 1322 κελόμεσθα,

235 1338 484 1389 Παγγενετῆρα
504 1335 594 1376 Θεόν
608 1366 618 1383 ,
640 1351 676 1376 κ.
696 1350 728 1374 τ.
749 1336 782 1373 λ.

78 1396 251 1448 Quattuor
282 1402 346 1439 hic
376 1401 569 1452 religionis
601 1401 727 1439 officia
762 1400 1082 1438 commendantur
1108 1416 1117 1438 z
1151 1405 1192 1438 1⁰
1229 1414 1380 1453 agapae,
1407 1400 1548 1452 quibus

74 1465 278 1505 Christiani
304 1475 515 1503 conventus
539 1478 629 1503 suos
656 1464 919 1512 celebrabaut;
946 1470 988 1502 2⁰
1020 1466 1270 1516 eleemosynae
1300 1466 1404 1516 larga
1432 1478 1545 1503 manu

78 1529 333 1577 conserendae,
358 1538 396 1568 et
415 1530 567 1581 quidem
587 1530 686 1567 inter
707 1531 788 1580 ipsa
806 1543 1009 1581 agaparum
1035 1529 1232 1576 sodalitia3
1252 1530 1294 1567 3⁰
1314 1529 1546 1580 psalmorum

74 1604 207 1633 cantus
222 1595 302 1646 jam
320 1593 368 1632 ab
381 1595 474 1645 ipsis
492 1595 695 1646 Apostolis,
710 1595 862 1633 Christo
878 1595 1124 1646 praecipieute
1139 1608 1182 1633 ac
1201 1593 1441 1645 praesideute,
1459 1601 1546 1645 post

72 1673 218 1698 coenam
244 1659 416 1698 inchoari
443 1659 588 1710 solitos,
615 1659 752 1700 Matth.
776 1673 861 1712 cap.
885 1660 956 1707 26,
979 1673 1014 1697 v.
1037 1660 1106 1706 3o;
1128 1663 1170 1704 4⁰
1197 1659 1342 1697 cantica
1366 1659 1431 1711 (ea
1452 1671 1545 1696 vero

71 1737 94 1763 a
111 1724 263 1776 psalmis
284 1724 447 1771 diversa,
463 1724 536 1762 nisi
556 1724 742 1776 fallimur)
766 1725 887 1762 modis
912 1724 1111 1762 decantata
1126 1723 1309 1775 jucundis
1333 1723 1488 1774 quidem
1507 1730 1546 1761 et

71 1788 264 1835 suavibus,
287 1788 486 1840 μειλιχίοις,
506 1787 572 1827 sed
590 1788 700 1827 simul
723 1788 904 1839 gravibus
923 1797 962 1827 et
977 1789 1189 1840 religiosis,
1209 1787 1465 1841 θεοπρεπέεσσι.
1488 1814 1491 1817 ⁴

123 1854 301 1892 Ceterum
334 1852 432 1891 liber
459 1854 573 1892 etiam
602 1858 657 1902 V,
686 1854 862 1905 judaicus
893 1863 958 1892 aut
987 1854 1064 1892 sere
1087 1853 1284 1905 judaicus,
1312 1853 1544 1904 hymnorum

71 1918 242 1956 meminit
260 1919 298 1956 in
317 1918 510 1956 sacrificiis
529 1919 630 1956 circa
650 1932 794 1957 sacram
817 1932 983 1956 mensam
1008 1918 1252 1968 usitatorum,
1272 1932 1311 1958 v.
1335 1918 1437 1956 266:

227 1982 298 2021 Καὶ
319 1980 462 2031 μούσαις
483 1981 635 2031 ἇγίαισιν
656 1981 884 2029 ἐπιστήσουσι
903 1981 1091 2034 τράπεζαν.

69 2045 142 2084 Sed
163 2046 217 2084 ibi
237 2046 285 2084 de
305 2047 458 2098 psalmis
477 2048 567 2085 solis
585 2048 646 2099 agi
669 2048 883 2096 credimus,
912 2048 1106 2086 Davidicis
1128 2061 1267 2099 nempe
1287 2047 1419 2085 aliisve
1437 2059 1543 2084 sacra

70 2110 267 2162 Scriptura
297 2111 469 2156 inclusis,
501 2125 588 2162 quae
615 2113 693 2150 sola
718 2112 937 2150 Judaeorum
967 2112 1161 2150 literatura
1187 2113 1272 2152 fuit.
1303 2112 1542 2151 Christianos

70 2189 161 2213 vero
184 2190 282 2213 nova
301 2176 447 2214 cantica
468 2185 583 2227 atque
607 2177 775 2214 carmina
797 2177 988 2215 veteribus
1007 2176 1201 2215 addidisse
1220 2177 1310 2215 ideo
1337 2177 1541 2221 credimus,

71 2241 160 2290 quia
188 2253 265 2278 non
290 2242 371 2279 Deo
401 2249 546 2278 tantum
567 2238 698 2289 Patri,
725 2241 790 2280 sed
813 2243 926 2279 etiam
949 2242 1105 2280 Christo
1125 2243 1326 2280 decantata
1347 2242 1463 2280 suisse
1484 2250 1544 2278 tea

71 2313 219 2343 stantur
238 2306 309 2357 ipsi
324 2306 502 2357 gentileS,
523 2306 668 2345 Plinius
683 2307 859 2358 inprimis
879 2307 944 2345 lib.
961 2309 1007 2356 X,
1027 2308 1140 2359 epist.
1161 2322 1226 2358 97,
1245 2306 1293 2345 ad
1309 2306 1542 2357 'l'rajauutnz

71 2387 85 2401 α
112 2370 219 2407 Stato
247 2369 309 2407 die
336 2379 422 2408 ante
447 2371 570 2408 lucem
596 2373 820 2418 convenire,
845 2385 1074 2423 carmenque
1108 2372 1285 2418 Christo,
1310 2371 1418 2421 quasi
1443 2371 1540 2416 Deo,

73 2433 237 2472 «dicere
265 2448 391 2473 secum
422 2435 598 2474 invicem.
622 2453 637 2469 υ
664 2435 706 2474 ld
729 2436 840 2487 plane
865 2437 1064 2474 confirmat
1084 2436 1291 2483 Eusebius,
1319 2436 1414 2475 nist.
1441 2434 1537 2474 eccl.

73 2497 142 2537 lib.
163 2499 207 2545 V,
226 2511 311 2550 cap.
334 2501 382 2538 ἰδ
405 2512 416 2539 ;
437 2500 590 2550 Ψαλμοὶ
609 2498 644 2537 δὲ
664 2499 737 2538 ὅσοι
759 2501 817 2539 καὶ
837 2500 923 2554 ᾠδαὶ
942 2501 1098 2553 ἀδελφῶν
1119 2501 1178 2538 ἀπ’
1197 2502 1306 2554 ἀρχῆς
1322 2499 1388 2538 ὑπὸ
1405 2501 1540 2537 πιστῶν

71 2565 259 2616 γραφεῖσαι
282 2562 339 2601 τὸν
372 2563 484 2615 Λόγον
509 2567 569 2603 τοῦ
591 2565 684 2603 Θεοῦ
707 2564 764 2603 τὸν
794 2565 942 2618 Χριστὸν
974 2567 1117 2616 ὑμνοῦσι
1145 2566 1395 2616 θεολογοῦντες.
1425 2563 1540 2601 Vides

74 2627 135 2665 hic
165 2628 461 2678 antiquissimam
496 2629 647 2667 illorum
682 2629 892 2668 carminum
925 2629 1109 2681 originem
1142 2631 1340 2681 repetitam
1371 2628 1419 2668 ab
1448 2629 1542 2680 ipsis

74 2700 216 2729 uostrae
238 2692 433 2742 religionis
461 2693 719 2739 incunabulis,
748 2694 808 2731 ἀπ’
825 2695 947 2745 ἀρχῆς.
964 2694 1078 2732 Vides
1105 2703 1141 2732 et
1158 2694 1363 2732 solemnem
1384 2693 1540 2730 illorum

73 2757 293 2804 materiam,
314 2756 454 2794 Christi
482 2756 633 2804 laudes,
653 2766 831 2808 tanquam
848 2758 964 2796 Verbi
981 2767 1016 2796 et
1033 2758 1116 2797 nui.
1133 2757 1242 2797 Unde
1256 2766 1292 2796 et
1307 2756 1446 2795 Paulus
1467 2756 1539 2793 Sa-

75 2829 312 2868 mosatenus,
337 2821 478 2860 Christi
503 2821 693 2860 divinitati
724 2823 913 2870 infensus,
943 2823 1076 2861 tollere
1106 2823 1211 2860 illum
1243 2835 1352 2860 usum
1379 2829 1541 2859 conatus

54 2895 178 2933 ι«ητα,
206 2886 404 2924 damnatus
427 2886 477 2924 ol)
503 2887 575 2924 hoc
606 2888 642 2924 in
673 2887 819 2938 synodo
847 2887 1107 2934 Antiochena,
1140 2900 1239 2926 anno
1265 2887 1354 2934 264.
1390 2886 1538 2924 Horum
