1686 3500
164 163 260 209 556
547 165 631 209 AD
663 163 1012 210 SlBYLLlNOS
1044 162 1251 207 LIBROS

164 259 398 300 Prooemium
417 259 520 299 haud
543 260 660 300 dubie
676 263 831 314 respicit
851 261 899 301 ad
921 260 1087 313 ejusdem
1106 259 1290 310 evangelii
1318 255 1444 308 initia,
1472 262 1628 313 quando

159 324 212 363 ‹le
229 323 357 364 divina
381 325 527 364 cunctis
543 326 774 366 innata'luce
793 328 847 366 sic
862 326 1047 378 loquitur,
1067 338 1107 364 v.
1128 323 1165 373 5,
1186 336 1265 375 sq.:

655 388 783 434 ’Ὅστις
801 389 909 444 γλυκὺ
929 388 1063 439 Πνεῧμ’
1080 389 1114 426 ἐν
1133 387 1244 426 ἅπασι

371 452 541 502 Κᾶτθετο,
557 455 744 509 χήγητῆρα
762 457 892 509 βροτῶν
912 455 1050 494 πάντων
1068 452 1243 501 ἐποίησεν.

212 517 360 557 Veteris
380 519 493 557 etiam
511 519 742 558 Testamenti
765 520 883 560 libros
904 533 979 558 non
998 519 1187 558 Mosa'icos
1211 518 1341 568 modo,
1361 518 1428 557 sed
1447 527 1485 559 et
1509 520 1628 560 histo·

159 580 260 620 ricos
278 591 315 620 et
343 583 611 634 propheticos,
631 584 833 636 Sibyllistis
861 597 935 622 non
958 583 1082 620 minus
1115 582 1331 621 christianis
1349 596 1462 634 quam
1489 583 1628 635 judaeis

158 646 366 686 innotuisse
380 660 425 685 ac
438 661 538 700 saepe
553 662 686 687 eorum
703 649 818 688 menti
835 648 1055 687 obversatos
1071 646 1184 685 fuisse
1201 647 1380 693 diximus,
1395 647 1497 699 quod
1515 648 1628 699 plane

155 724 289 750 verum
317 719 388 752 est.
417 713 542 751 Etiam
572 714 672 752 libro
704 716 717 754 Ι
748 723 823 752 tota
857 714 934 751 sere
962 725 1154 751 sacrarum
1183 712 1429 751 historiarum
1462 714 1578 752 series
1605 728 1627 753 e

156 776 288 816 Bibliis
313 779 452 817 sanctis
476 778 690 819 deducitur.
711 782 936 830 Quanquam
954 778 1001 817 ab
1021 779 1102 816 aliis
1130 787 1218 816 ante
1234 792 1316 828 nos,
1336 778 1399 817 sed
1418 780 1626 829 praesertim

155 855 177 878 a
197 840 372 880 Fabricio
385 851 422 880 et
437 843 603 892 Bleekio‚
622 842 862 882 observatum
881 840 952 892 est,
975 842 1151 881 nonnihil
1167 843 1205 880 in
1219 855 1264 881 eo
1278 842 1377 899 libro
1397 855 1416 880 a
1434 844 1626 881 canonicae

151 905 361 958 Scripturae
378 908 533 946 veritate
555 908 688 959 passim
715 908 948 959 discrepare,
972 915 1012 945 ut
1030 921 1148 959 quum
1171 907 1209 945 in
1230 907 1364 945 diluvii
1385 908 1624 956 nari-atione,

153 983 192 1010 v.
212 977 300 1019 242,
317 985 415 1023 sqq.,
429 972 643 1011 columbam
661 972 836 1024 primam,
857 971 994 1010 deinde
1013 985 1169 1010 corvum
1187 971 1325 1010 emittit
1345 980 1471 1023 poeta,
1492 980 1625 1011 contra

150 1035 342 1074 Geneseos
362 1036 566 1088 indicium3
585 1037 676 1075 item
693 1050 810 1087 quum
830 1035 982 1083 deinde,
1002 1049 1037 1073 v.
1059 1036 1148 1083 281,
1163 1049 1238 1086 sq„
1256 1037 1440 1075 Noemum
1462 1036 1569 1087 fingit
1584 1037 1623 1074 in

150 1113 238 1138 arca
271 1101 450 1147 mansisse
478 1101 557 1139 dies
596 1111 743 1139 tantum
773 1115 838 1139 xu
863 1101 967 1138 :imo
994 1114 1135 1139 annum
1169 1101 1254 1152 plus
1289 1114 1403 1151 quam
1434 1101 1622 1152 integrum

148 1164 277 1203 dicere
295 1164 500 1204 debuisset.
528 1165 602 1204 Sed
632 1165 710 1203 lnaec
738 1165 836 1203 levia
852 1174 954 1216 sunt,
977 1165 1014 1203 in
1043 1165 1182 1217 quibus
1201 1164 1308 1204 facile
1325 1165 1543 1203 memoriter
1563 1165 1622 1204 ci-

149 1238 232 1267 tans
251 1243 378 1267 errare
398 1229 525 1280 potuit
544 1230 693 1269 Noster.

196 1295 336 1332 Verum
373 1294 478 1345 quod
510 1294 584 1333 illis
615 1293 853 1346 temporibus
882 1293 1136 1332 necessarium
1176 1306 1284 1345 paene
1316 1293 1412 1338 fuit,
1446 1292 1618 1331 nondum

143 1359 353 1397 constituto
372 1372 533 1406 canone,
552 1359 794 1411 apocryphas
816 1371 973 1410 quoque
993 1358 1204 1410 scripturas
1231 1358 1410 1409 legitimis
1431 1358 1619 1396 admixtas

143 1424 181 1461 in
211 1437 320 1461 usum
349 1437 425 1462 suae
459 1424 740 1462 vaticinationis
766 1423 952 1461 admisere
990 1437 1069 1461 non
1103 1436 1180 1460 uno
1204 1423 1290 1461 loco
1311 1422 1529 1473 Sibyllistae.
1558 1423 1615 1462 Ita

142 1490 314 1539 quaedam
352 1488 553 1539 desumpta
584 1489 802 1526 notavimus
841 1501 889 1525 ex
919 1487 1120 1539 evangelio
1159 1487 1370 1525 secundum
1402 1487 1613 1538 AEgyptios,

141 1552 211 1592 lib.
236 1553 286 1599 11,
307 1566 341 1590 v.
363 1553 451 1601 163,
472 1566 556 1603 sqq.
572 1567 581 1596 ;
596 1552 661 1591 lib.
678 1553 744 1598 Vt,
759 1566 793 1590 v.
810 1553 849 1599 6,
875 1561 915 1590 et
938 1552 1018 1598 Vll,
1038 1565 1075 1591 v.
1098 1554 1158 1596 84.
1189 1551 1370 1598 Quaedam
1387 1558 1433 1589 ex
1457 1566 1616 1603 apocry-

142 1617 217 1668 pha
245 1617 381 1656 Noemi
408 1617 693 1668 praedicatione,
723 1616 790 1656 lib.
822 1617 851 1661 l,
879 1630 913 1654 v.
946 1615 1032 1667 150,
1055 1630 1139 1667 sqq.
1174 1616 1358 1662 Quaedam
1385 1630 1432 1655 ex
1463 1618 1610 1655 Enoclii

140 1682 299 1730 visione,
317 1681 386 1722 lib.
405 1683 433 1730 l,
451 1695 483 1719 v.
502 1683 564 1732 98,
581 1695 665 1733 sqq.
686 1681 868 1729 Quaedam
887 1682 1003 1719 etiam
1021 1681 1191 1720 fortassis
1207 1695 1254 1720 ex
1269 1683 1421 1720 llermae
1434 1685 1607 1730 Pastore,

139 1747 206 1787 lib.
230 1747 311 1794 vlt,
331 1761 369 1786 v.
389 1761 456 1796 71,
476 1760 559 1798 sqq.

193 1812 238 1850 Et
267 1812 370 1863 quod
401 1812 629 1860 notandum,
650 1812 687 1850 in
714 1811 806 1864 ipsis
831 1811 1025 1850 canonicis
1053 1810 1161 1850 libris
1184 1811 1259 1850 boc
1279 1811 1353 1850 sibi
1385 1811 1524 1863 passim
1546 1811 1607 1849 in-

135 1877 291 1928 dulgent
308 1876 520 1928 Sibyllistae,
544 1885 584 1915 ut
601 1890 746 1915 sacram
772 1877 1006 1930 Scripturam
1027 1890 1112 1914 cum
1133 1877 1303 1928 profanis
1333 1876 1606 1914 traditionibus

137 1942 341 1980 conciliare
362 1942 556 1980 nitantur:
577 1955 656 1994 quo
689 1941 881 1980 referendi
904 1949 993 1979 sunt
1027 1941 1107 1979 duo
1134 1941 1215 1993 jam
1242 1956 1262 1979 a
1286 1940 1397 1979 nobis
1421 1940 1606 1992 designati

135 2007 223 2058 luci,
243 2006 309 2046 lib.
329 2007 375 2052 ll,
400 2020 437 2046 v.
458 2008 545 2055 232,
561 2020 657 2058 sqq„
682 2016 719 2044 et
743 2007 808 2054 111,
841 2019 873 2045 ν.
897 2019 961 2056 97,
990 2018 1087 2056 sqq..
1111 2014 1149 2043 et
1167 2018 1419 2056 quaecumque
1436 2003 1500 2042 lib.
1520 2005 1536 2042 1
1557 2004 1605 2041 (le

133 2071 266 2120 primis
281 2071 412 2109 mundi
430 2069 740 2122 generationibus
758 2084 804 2108 ex
824 2069 1012 2109 Hesiodea
1034 2069 1140 2120 poesi
1157 2082 1242 2107 cum
1262 2069 1428 2107 Mosai'ca
1444 2066 1604 2105 historia

131 2135 289 2174 confusa
327 2135 548 2183 traduntur3
575 2135 652 2173 sive
687 2135 736 2173 id*
764 2134 951 2186 putabant
978 2134 1016 2171 in
1047 2133 1191 2185 Sibylla
1220 2132 1463 2184 semi-gentili
1495 2132 1602 2169 facile

131 2200 303 2238 excusari
331 2213 461 2252 posse,
490 2200 569 2238 sive
599 2201 651 2238 ita
673 2199 881 2238 lectoribus
909 2198 1126 2250 approbare
1147 2197 1354 2236 studebant
1382 2197 1601 2248 ambiguam

130 2265 211 2313 ejus
229 2265 377 2303 seminae
394 2273 566 2303 naturam
585 2278 632 2303 ex
651 2278 756 2303 sacra
779 2265 1017 2316 profanaque
1037 2264 1206 2301 mixtam.

289 2347 311 2370 δ

483 2474 612 2512 PARS
642 2475 835 2511 TERTIA
870 2473 991 2510 SIVE
1018 2472 1230 2510 ETHICA.

178 2570 402 2608 Transimus
424 2571 470 2609 ad
491 2581 635 2622 partem
656 2572 853 2622 Sibyllinae
864 2571 1047 2610 doctrinae
1060 2571 1229 2610 ultimam
1242 2581 1280 2610 et
1298 2572 1374 2611 sere
1391 2572 1590 2624 optimam,

126 2649 213 2687 quae
234 2634 282 2673 ad
303 2648 450 2673 morum
471 2646 663 2687 praecepta
684 2637 864 2687 pertinet,
882 2650 996 2687 qnam
1026 2637 1075 2674 ita
1101 2636 1327 2685 dividemus,
1352 2647 1393 2675 ut
1422 2637 1591 2689 primum

124 2699 330 2750 Sibyllinos
344 2714 483 2747 mores,
498 2714 572 2752 qua
588 2709 779 2738 merentur
797 2710 917 2751 parte,
935 2702 1255 2750 commendemus,
1274 2701 1414 2740 deinde
1437 2701 1597 2753 objecta.

124 2763 325 2815 Sibyllistis
343 2765 500 2804 crimina
522 2766 580 2803 vel
596 2764 741 2803 diluere
761 2765 820 2802 vel
836 2765 968 2804 saltem
989 2774 1185 2805 attenuare
1205 2780 1397 2805 conemur.
