1686 3500
130 247 223 292 454
511 244 592 288 AD
626 243 969 290 SIBYLLINOS
1003 241 1211 287 LIBROS

126 344 332 392 montibus,
351 351 393 381 ut
411 343 591 388 Celaenae,
610 343 650 388 1,
673 344 765 389 261,
787 343 847 382 vel
865 342 948 381 aliis
963 338 1197 391 quibuslibet
1216 338 1381 385 indiciis,
1401 348 1443 378 ut
1463 339 1596 379 Hiera·

103 407 223 461 'polis
238 407 467 448 aurifodinis
484 407 585 458 suis,
605 407 652 455 V‚‚
676 408 765 455 317,
781 419 863 457 sqq.
880 405 1177 456 Syriagquoque
1196 403 1311 442 urbes
1327 404 1523 442 nonnullae
1539 406 1594 443 ci-

125 481 264 520 tantur,
281 482 323 511 ut
335 471 537 511 Antiochia
555 484 654 522 saepe
674 471 834 509 diversis
859 470 975 519 locis;
1000 469 1151 518 Beroea,
1174 467 1280 517 tht,
1305 481 1400 518 ¹293
1422 469 1593 508 Seleucia

121 537 169 575 ad
183 537 330 588 Tigrim
346 536 458 587 (salso
474 544 599 574 tamen
621 534 821 581 Σεληναίων
840 532 1103 584 cognomine),
1128 532 1214 571 Xllt
1231 561 1249 578 ,.
1265 533 1328 579 56,
1350 536 1421 583 963
1441 543 1478 571 et
1499 536 1593 572 Ara-

121 601 195 640 biae
224 601 462 639 contermina
491 599 661 650 oppida,
696 600 830 636 Bostra
856 596 1242 648 Philippopolisque,
1273 596 1386 644 Xlll,
1418 599 1481 643 64,
1511 610 1594 648 sqq.

120 665 318 705 Phoenices
330 663 432 702 haud
449 677 532 701 rara
547 664 588 701 fit
603 663 763 707 mentio,
775 660 884 711 cujus
899 659 1013 698 urbes
1027 660 1248 698 indicantur
1265 661 1443 709 Berytus,
1459 660 1592 703 Sidon.

120 731 259 781 Tyrus.
287 730 496 769 Palaestinae
517 743 582 767 seu
613 727 773 772 Judaeae,
805 735 943 777 praeter
968 725 1231 775 Hierosolyma
1251 738 1351 776 saepe
1375 725 1527 763 laudata
1555 734 1592 764 et

118 794 328 834 Jordanem
346 793 586 841 amnem,Vl,
610 792 630 829 5
648 805 659 838 ;
683 791 771 836 Vll,
792 791 858 839 67,
878 789 1026 827 mireris
1046 789 1146 840 apud
1161 798 1337 827 auctores
1356 789 1513 827 ,ludaeos
1529 799 1594 828 aut

117 858 385 897 semi-Judaeos
402 871 486 895 rara
501 855 703 895 admodum
726 855 880 892 nomina
900 867 1125 901 occurrere,
1145 855 1318 905 Joppen,
1339 854 1383 900 V,
1406 854 1505 899 250:
1525 854 1593 891 'ri-

117 923 338 969 beriadem,
355 923 444 967 xn,
467 927 535 965 rol,
550 933 561 971 3
579 920 792 967 Bethleem,
808 919 892 958 vul
907 947 916 965 ‚
939 923 1035 969 ‘⁸793
1056 919 1128 956 alia
1150 919 1214 956 vix
1239 918 1327 957 ulla.

170 989 229 1028 Ex
245 989 330 1026 Assa
350 987 505 1038 egressis
520 993 726 1022 occurrunt
743 985 874 1022 insulae
893 985 1110 1035 complures
1126 984 1263 1021 interni
1280 984 1405 1030 maris,
1423 982 1587 1034 Cyprus,

117 1054 250 1103 Creta,
277 1051 454 1098 Rhodus,
485 1049 649 1098 Lesbos,
667 1049 824 1095 Samos,
843 1049 976 1095 Delos,
997 1058 1068 1087 etc.
1092 1048 1134 1086 lu
1155 1049 1313 1086 Gra’riae
1335 1062 1491 1100 quoque
1515 1049 1591 1086 Eu-

119 1131 245 1170 ropaea
264 1124 370 1168 parte
389 1128 465 1153 non
487 1116 598 1166 plane
613 1114 783 1166 hospites
798 1114 951 1153 fuerunt
968 1113 1191 1164 Sibyllistae,
1219 1113 1320 1164 apud
1340 1126 1437 1162 quos
1463 1121 1500 1150 et
1515 1115 1591 1151 Pe-

118 1180 315 1234 lopounesi
330 1188 368 1217 et
384 1179 591 1217 Thessaliae
609 1187 645 1215 et
663 1177 842 1216 Phocidis
858 1178 940 1215 loca
960 1176 1140 1214 nonnulla
1160 1185 1442 1214 memorantur:
1461 1175 1507 1214 de
1521 1176 1592 1214 Co-

118 1246 246 1285 rintho
266 1243 477 1296 praesertim
498 1243 657 1294 ejusque
680 1242 822 1280 isthmo
845 1242 935 1280 satis
960 1241 1078 1279 multa
1106 1250 1312 1291 canuntur,
1334 1249 1494 1292 propter
1518 1242 1590 1280 Ne-

117 1314 217 1348 ronis
237 1317 459 1361 praesentem
480 1308 534 1346 ibi
556 1307 793 1346 memoriam.
811 1306 940 1344 Sicilia
969 1306 1082 1343 semel
1102 1315 1167 1343 aut
1187 1305 1245 1343 bis
1268 1306 1504 1355 nominatur,
1524 1305 1589 1351 lv,

86 1391 90 1394 >
115 1380 184 1422 803
205 1375 295 1420 vlt,
320 1375 363 1417 53
379 1374 427 1412 de
450 1373 558 1424 cujus
579 1373 692 1411 etiam
723 1379 853 1409 monte
877 1371 986 1409 AEtua
1006 1370 1121 1408 semel
1138 1371 1275 1421 agitur,
1301 1370 1365 1413 lv.
1388 1371 1452 1408 80.
1476 1373 1522 1407 At
1543 1370 1590 1407 de

114 1440 233 1484 ltalia,
255 1446 394 1491 praeter
426 1439 583 1476 Romam
609 1449 710 1488 saepe
738 1449 759 1474 a
785 1434 991 1486 Sibyllistis
1018 1434 1279 1479 decantatam,
1302 1443 1340 1472 et
1367 1433 1588 1472 Ravennam

111 1504 251 1543 alicubi
270 1503 523 1548 nominatam,
543 1504 585 1548 V,
602 1506 693 1549 204,
721 1510 757 1539 et
774 1499 1021 1551 Sybarim(
1044 1499 1107 1547 lv,
1125 1513 1188 1550 99,
1209 1508 1245 1537 et
1267 1500 1498 1544 Crotonem,
1518 1498 1584 1544 lv,

111 1571 181 1618 82,
203 1568 358 1620 (quibus
384 1568 482 1606 addc
511 1565 698 1606 Vesevum
730 1574 912 1611 montem,
935 1565 996 1614 lV,
1023 1578 1093 1613 127
1125 1564 1250 1617 (130),
1269 1578 1353 1615 sqq.
1346 1565 1393 1614 .,)
1418 1572 1588 1601 ceterum

111 1647 231 1685 pauca
254 1633 460 1671 admodum
483 1631 665 1670 invenias.
697 1632 737 1669 ln
756 1630 814 1669 his
843 1631 981 1682 passim
1010 1644 1160 1668 errores
1191 1631 1340 1681 aliquos
1364 1643 1587 1680 occurrere,

109 1712 186 1737 non
215 1707 271 1737 est
301 1697 404 1749 quod
432 1697 518 1748 quis
548 1697 728 1743 miretur,
757 1695 962 1748 plerosque
995 1705 1119 1734 tamen
1146 1695 1384 1734 excusandos
1408 1703 1446 1733 et
1478 1696 1586 1733 venia

109 1763 260 1815 dignos.
293 1763 423 1814 Neque
447 1762 548 1800 enim
567 1774 638 1799 nos
654 1761 814 1799 nimium
831 1760 996 1799 offendit
1016 1760 1118 1811 quod
1150 1760 1295 1799 Lesbus
1317 1760 1356 1797 iu
1378 1760 1586 1799 Eridanum

109 1827 381 1880 praecipitetur,
402 1829 448 1875 V,
469 1827 563 1874 315;
585 1827 682 1864 sumi
704 1834 831 1877 potest
851 1826 912 1863 hic
931 1825 1119 1864 Eridanus
1139 1839 1209 1876 pro
1232 1825 1348 1870 mari,
1368 1824 1532 1875 ‚poetico
1551 1832 1589 1862 et

107 1894 286 1931 archaico
303 1906 421 1930 more.
442 1892 536 1930 ltem
551 1891 750 1942 AEthiopas
764 1890 866 1929 Indis
885 1890 1151 1936 anumnerari,
1167 1889 1236 1929 lib.
1251 1889 1296 1936 V,
1313 1889 1404 1926 locis
1422 1889 1503 1934 cit.,
1519 1900 1588 1925 au-

111 1957 236 2008 tiquus
255 1965 313 1994 est
330 1964 367 1994 et
383 1956 563 2006 gravibus
582 1956 697 1993 etiam
720 1955 912 1994 historicis
928 1955 1142 1993 communis
1162 1968 1283 1992 error.
1297 1953 1411 2001 Quod
1429 1953 1460 1991 si
1478 1965 1587 1990 mons

109 2026 245 2060 Ararat
258 2022 296 2058 in
311 2020 479 2072 Phrygia
495 2020 596 2058 circa
617 2020 787 2058 Celaenas
807 2020 976 2071 ponitur,
992 2021 1020 2069 1,
1034 2021 1233 2071 261·,sqq.‚
1255 2018 1293 2056 id
1313 2018 1585 2069 ignoscendum

106 2087 221 2125 veteri
237 2086 340 2138 apud
356 2087 527 2136 Phrygas
544 2085 740 2123 traditioni
753 2101 764 2133 ;
775 2094 842 2123 aut
854 2087 884 2123 si
899 2085 984 2137 Gog
997 2093 1033 2123 et
1047 2085 1184 2135 Magog
1197 2084 1234 2121 in
1249 2083 1444 2133 AEthiopia
1462 2082 1584 2120 collo-

105 2159 254 2199 cantur,
279 2151 351 2198 111,
381 2151 472 2200 319,
500 2164 572 2201 sq.,
593 2150 852 2188 excusandum
877 2150 950 2187 hoc
978 2163 1135 2200 quoque
1164 2148 1201 2185 iu
1231 2147 1408 2201 AEgyptio
1430 2146 1586 2184 homine

106 2217 196 2253 fines
225 2223 417 2254 extremos
447 2214 553 2253 orbis
581 2224 770 2253 terrarum
798 2214 844 2253 ad
876 2213 1074 2253 meridiem
1107 2212 1345 2265 potissimum
1377 2219 1584 2262 quaerente.

106 2281 178 2320 Sed
199 2281 246 2319 de
263 2280 420 2332 siugulis
434 2280 654 2331 hujusmodi
674 2280 844 2332 lapsibus
871 2280 1004 2318 confer
1021 2286 1202 2316 annotata
1223 2277 1268 2315 ad
1291 2290 1380 2315 suos
1401 2277 1521 2316 locos.

157 2346 373 2385 Notandum
395 2346 514 2384 libros
531 2346 705 2394 >tt-xlv,
722 2354 763 2384 ut
779 2354 911 2396 aetate,
926 2346 979 2383 ita
994 2344 1121 2396 pretio
1139 2344 1294 2381 ultimos
1306 2372 1316 2390 ,
1333 2341 1422 2379 rudi
1439 2341 1584 2391 quippe

104 2419 142 2448 et
159 2411 342 2448 crassiore
361 2411 532 2448 Minerva
551 2411 736 2462 scriptos,
757 2419 881 2448 tamen
900 2413 1027 2461 geogr·
1020 2408 1167 2460 ψίιίυἰ5
1190 2406 1412 2445 nominibus
1431 2406 1510 2443 fere
1528 2406 1585 2443 lo-

104 2474 381 2526 cupletissimos
399 2488 498 2522 esse,
518 2475 588 2512 etsi
611 2474 705 2512 nihil
721 2475 810 2512 novi
828 2483 894 2512 aut
913 2486 1156 2524 summopere
1174 2470 1329 2509 notandi
1350 2470 1460 2508 facile
1478 2484 1522 2507 ex
1538 2470 1582 2507 iis

104 2538 280 2590 depromi
296 2539 441 2589 possit.
460 2539 526 2577 sed
543 2540 864 2590 qualemcumque
880 2536 1031 2576 doctrin
1037 2550 1098 2574 un
1123 2534 1403 2581 suam,1udem
1425 2535 1527 2571 illam
1545 2541 1582 2570 ct

102 2603 150 2641 de
181 2602 314 2653 trivio,
343 2602 572 2649 debuerunt,
594 2604 664 2640 nisi
696 2603 883 2648 sillimur,
901 2602 974 2651 ,isti
998 2600 1100 2649 libri
1116 2599 1300 2637 diffusis
1291 2613 1329 2636 1n
1357 2598 1437 2636 dies
1464 2598 1584 2649 magis

104 2668 299 2719 magisque
318 2666 578 2705 Romanorum
599 2681 685 2704 cum
711 2666 868 2706 subdito
892 2645 985 2703 orbe
1006 2663 1254 2702 commerciis.
1276 2663 1369 2701 lnde
1387 2663 1557 2701 suetiam
1571 2690 1581 2708 ,

104 2743 145 2771 ut
168 2733 271 2772 inter
289 2734 403 2770 urbes
416 2746 438 2770 a
453 2731 607 2782 sibyllis
625 2732 780 2782 citatas,
798 2730 1006 2783 praesertim
1026 2738 1134 2767 extra
1163 2729 1368 2780 AEgyptum
1392 2736 1430 2765 et
1453 2727 1578 2765 Asiam

106 2799 309 2844 minorem,
329 2798 606 2835 maritimarum
622 2809 709 2847 pars
729 2797 776 2834 sit
800 2797 911 2847 longe
928 2795 1106 2834 maxima.

152 2862 266 2909 Quod
278 2862 308 2899 si
323 2860 413 2912 quid
429 2861 664 2899 astronomia
681 2860 727 2898 ad
747 2859 1018 2912 geographiam
1035 2858 1219 2910 pettinet,
1233 2856 1447 2895 affectatam
1463 2855 1579 2905 hujus

98 2927 264 2966 scicntiae
279 2927 467 2965 luxuriem
486 2926 621 2978 quinto
642 2926 850 2977 praesertim
869 2925 967 2964 libro
988 2923 1199 2977 reperias,
1196 2924 1240 2970 V,
1264 2924 1351 2970 206,
1372 2935 1453 2972 sqq.
1448 2950 1470 2969 .‚
1489 2920 1530 2958 51
1546 2933 1578 2965 ι,
