1686 3500
155 191 246 237 494
411 209 413 211 ·
539 189 620 232 AD
653 188 1003 233 SlBYLLlNOS
1036 186 1090 231 Ll
1101 186 1245 231 BROS

150 305 167 320 ι
182 286 402 325 seductores
421 286 596 324 exierunt
612 285 651 323 in
670 284 850 323 mundum
864 315 875 334 ,
895 285 959 336 qni
975 298 1050 323 uon
1070 284 1298 339 confitentur
1317 284 1450 323 Jesum
1466 287 1611 326 venisse

152 369 166 384 ι
182 351 220 388 ἰιι
231 363 404 397 carnem;
420 348 482 388 hic
498 357 554 388 est
573 349 752 388 seductor
768 357 806 388 et
822 349 1111 388 Antichristus».
1125 348 1167 386 In
1180 347 1237 386 his
1252 361 1344 399 ergo
1354 361 1492 387 nomen
1511 349 1609 388 istud

151 420 310 464 usurpat
323 411 370 450 de
384 412 504 463 impio
517 413 654 462 quovis
669 419 735 449 aut
748 411 944 460 haeretico,
963 410 1170 462 pra-sertim
1189 410 1254 461 qui
1271 411 1341 449 Dei
1358 410 1474 449 [ilium
1491 410 1611 450 iucar-

151 486 281 516 natum
296 477 499 529 negaverit.
519 475 593 516 Sed
609 488 699 514 cave
718 475 808 514 inde
825 476 978 526 colligas
999 475 1035 513 in
1056 475 1288 526 Apocalypsi
1305 488 1461 526 quoque
1475 488 1612 526 perso-

124 539 131 546 “
149 555 236 580 nam
259 541 482 581 Antichristi
498 542 576 580 sive
596 540 951 593 Pseudoprophetae
970 552 1072 577 mere
1092 540 1291 590 figuratam
1311 548 1348 578 et
1371 540 1610 590 allegoricam

147 619 241 644 esse.
259 607 351 645 Nam
372 606 409 643 in
426 620 467 644 re
484 605 698 657 theologica
720 606 870 643 minime
885 617 1010 642 secum
1027 612 1215 656 pugnant,
1235 604 1288 641 uti
1306 603 1419 642 modo
1436 604 1612 653 diximus,

150 671 330 722 proprius
351 680 389 709 et
409 672 590 722 figuratus
619 684 708 709 usus
736 669 906 719 ejusdem
929 669 1047 710 vocis.
1075 668 1211 720 ltaque
1234 668 1326 706 nibil
1349 676 1456 719 agat,
1476 669 1507 706 si
1530 671 1613 720 quis

146 736 334 775 Joanncm
350 736 511 786 Joanni,
534 734 763 787 Apocalypsi
777 734 958 785 epistolas
975 733 1143 784 objicere
1164 734 1267 773 velit.

202 798 251 837 Et
269 799 438 837 Joannes
457 812 550 850 ergo
571 808 609 837 et
627 799 767 839 Paulus
788 806 876 836 ante
895 798 1007 836 finem
1028 811 1157 835 rerum
1178 806 1380 836 venturum
1402 797 1614 836 docuerunt

149 862 440 913 Antichristum,
460 876 534 914 qua
555 863 602 901 de
620 876 661 901 re
680 872 754 900 tam
773 869 950 900 constans
969 862 1038 900 suit
1058 863 1194 899 veteris
1217 862 1395 900 Ecclesiae
1414 863 1614 908 sententia,

149 936 189 965 ut
208 927 304 965 nihil
320 926 554 965 dubitaverit
568 927 676 965 divus
690 926 926 977 Augustinus
940 955 950 974 ,
973 940 1088 978 quum
1109 926 1158 964 de
1176 927 1248 965 fine
1271 939 1401 964 rerum
1418 939 1462 964 ac
1483 927 1612 965 futuro

142 991 294 1043 judicio
311 992 481 1043 quaedam
503 991 754 1043 disputationi
774 991 1033 1042 permitteret,
1054 990 1227 1042 quaedam
1247 990 1295 1029 ab
1321 991 1425 1028 omni
1453 999 1612 1028 contro-

148 1057 271 1096 versia
293 1057 506 1108 exciperet,
530 1056 604 1094 hoc
624 1056 723 1094 inter
746 1057 834 1105 alia,
856 1065 1035 1106 tanquam
1057 1055 1194 1107 dogma
1214 1055 1490 1102 certissimum,
1511 1055 1612 1094 fide-

147 1120 248 1159 libus
264 1120 449 1159 universis
468 1133 705 1172 proponere,
726 1119 772 1158 de
797 1119 880 1160 Civ.
905 1120 993 1166 Dei,
1026 1119 1089 1158 lib.
1110 1119 1199 1165 XX,
1224 1132 1307 1170 cap.
1339 1119 1388 1157 30
1410 1133 1417 1158 :
1448 1138 1462 1153 ι
1480 1119 1523 1157 ln
1550 1119 1614 1157 illo

148 1203 163 1221 ι
179 1186 308 1238 itaque
323 1186 472 1237 judicio
499 1186 558 1224 vel
581 1185 681 1224 circa
703 1185 794 1224 illud
818 1185 1005 1235 judicium
1028 1185 1096 1224 has
1115 1198 1175 1223 res
1192 1184 1398 1223 didicimus
1422 1198 1503 1223 esse
1521 1197 1614 1222 ven-

144 1268 162 1287 «
183 1260 313 1290 turas':
335 1251 453 1289 Elium
470 1250 695 1297 Thesbiten,
715 1249 826 1288 fidem
844 1250 1082 1298 Judaeorum,
1105 1250 1378 1289 Antichristum
1395 1259 1616 1301 persecutu-

147 1329 282 1362 crum,
307 1343 316 1352 .
332 1344 342 1353 .
359 1327 463 1365 .quae
482 1314 610 1352 onmia
634 1313 787 1364 quidem
814 1324 971 1352 ventura
992 1329 1073 1353 esse
1096 1315 1327 1353 credendum
1357 1325 1458 1355 est».
1483 1314 1555 1353 Sed
1575 1323 1616 1352 ut
1667 1308 1671 1313 ’

145 1379 193 1417 de
211 1378 324 1416 rebus
339 1378 430 1429 ipsis
447 1378 604 1416 minime
618 1376 872 1415 dubitandum
895 1380 1058 1429 putavit,
1076 1380 1129 1417 ita
1148 1379 1195 1418 de
1213 1379 1327 1418 modo
1350 1393 1480 1418 earum
1501 1388 1538 1417 et
1551 1393 1615 1417 or-

143 1443 233 1481 dine
256 1451 294 1480 et
319 1452 491 1494 tempore
510 1442 670 1480 liberam
690 1442 777 1480 sivit
796 1456 877 1480 esse
897 1443 1173 1494 conjecturam,
1193 1443 1304 1491 ibid„
1328 1444 1398 1482 loc.
1419 1445 1482 1483 cit.
1502 1447 1618 1482 Juvat

144 1507 259 1559 igitur
277 1520 323 1546 ex
345 1506 544 1558 Sibyllinis
559 1506 666 1545 libris
686 1508 895 1558 inquirere,
916 1521 1002 1560 quae
1026 1510 1159 1560 primis
1177 1509 1354 1548 Ecclesiae
1372 1510 1517 1548 saeculis
1533 1509 1616 1547 vul-

144 1572 308 1622 gatiores
324 1571 464 1609 fuerint
482 1571 528 1609 de
550 1571 788 1610 Antichristo
807 1573 1018 1612 sententiae.

197 1636 351 1674 Certum
372 1644 428 1674 est
448 1636 605 1674 multum
623 1635 670 1675 de
687 1636 761 1674 hoe
775 1646 1000 1688 argumento
1021 1638 1187 1676 variasse
1205 1647 1376 1677 veterum
1397 1638 1612 1689 opiniones,

145 1699 233 1738 licet
251 1709 467 1738 sanctorum
486 1701 645 1739 Patrum
666 1701 913 1752 gravissimus
939 1703 1102 1753 quisque
1128 1716 1170 1740 ac
1191 1703 1301 1753 graeci
1322 1703 1514 1754 praecipue
1540 1704 1615 1741 Pa·

146 1774 241 1813 tres,
263 1764 540 1804 Antichristum
562 1765 736 1817 plerique
758 1779 834 1804 uon
856 1767 1006 1814 statim,
1027 1766 1095 1805 sed
1115 1767 1154 1804 in
1177 1767 1250 1805 [ine
1271 1780 1398 1805 rerum
1419 1775 1616 1819 exspecta-

146 1831 285 1877 verint,
303 1830 368 1881 qui
388 1830 436 1868 ad
453 1830 699 1869 evertendam
721 1845 847 1869 veram
869 1831 1090 1883 religionem
1103 1860 1113 1879 ‚
1135 1841 1314 1883 tanquam
1331 1832 1418 1870 mali
1435 1832 1616 1870 daemonis

146 1904 318 1934 extremo
336 1904 476 1934 conatu
490 1925 500 1943 ,
519 1896 556 1934 in
576 1905 693 1935 terras
715 1906 899 1935 venturus
919 1906 1031 1937 esset.
1049 1899 1126 1936 Nec
1142 1897 1251 1936 aliter
1272 1898 1483 1948 loquuntur
1501 1898 1618 1936 Justi·

146 1973 218 1998 nus
233 1968 271 1998 et
291 1961 453 1999 lrenaeus
471 1970 509 1999 et
524 1961 767 2012 Hippolytus.
780 1963 827 2000 At
842 1962 975 2012 vulgus
995 1962 1193 2000 indoctum
1208 1992 1218 2009 ,
1240 1963 1276 2000 in
1299 1962 1505 2002 Occidente
1524 1975 1617 2014 prae·

146 2025 272 2077 cipue,
289 2025 355 2063 sed
376 2026 464 2064 etin
488 2026 649 2078 AEgypto
669 2035 705 2064 et
724 2028 760 2065 in
776 2028 862 2065 Asia
882 2029 1043 2074 minore,
1060 2027 1122 2065 ubi
1138 2028 1414 2080 Sibyllinorum
1431 2029 1616 2077 maximus

148 2098 359 2141 proventus
394 2090 484 2138 fuit,
517 2091 791 2131 Antichristum
819 2091 1054 2143 jamjamque
1088 2102 1289 2131 venturum
1324 2093 1614 2144 exspectabant,

146 2154 272 2205 ipsum
288 2167 426 2205 nempe
445 2155 633 2193 Neronem
654 2169 698 2192 ex
718 2150 890 2202 Parthia,
913 2155 977 2193 ubi
997 2156 1115 2194 latere
1135 2155 1378 2203 credebatur,
1400 2171 1484 2194 eum
1507 2170 1618 2195 exer-

145 2219 226 2256 citu
247 2218 472 2265 rediturum,
492 2233 623 2257 rursus
641 2219 757 2257 Roma
777 2221 1003 2271 potiturum,
1018 2220 1245 2272 justosque,
1271 2222 1434 2260 maxime
1461 2221 1616 2260 Judaeos

147 2291 184 2321 et
216 2282 473 2330 Christianos,
504 2296 794 2335 oppressurum.
823 2285 914 2323 Eam
941 2285 1164 2323 senteutiam
1196 2285 1420 2336 Sibyllistae,
1445 2286 1616 2324 homines

149 2347 321 2399 plerique
341 2347 388 2386 de
409 2348 522 2399 vulgo
541 2357 578 2386 et
597 2349 635 2386 in
656 2349 760 2400 vulgi
777 2350 936 2400 gratiam
963 2349 1195 2398 scribentes,
1215 2351 1383 2389 unanimi
1411 2351 1491 2389 sere
1508 2365 1616 2389 sensu

149 2412 314 2462 amplexi
330 2421 428 2459 sunt,
442 2413 551 2464 cujus
577 2413 650 2460 rei,
668 2422 869 2465 antequam
893 2414 1002 2465 plura
1031 2415 1220 2466 prodeant
1235 2416 1486 2467 plenioraque
1509 2416 1614 2454 testi-

151 2476 295 2522 monia,
325 2476 474 2514 interim
495 2488 615 2527 pauca
632 2476 710 2516 haec
728 2486 765 2516 et
784 2478 981 2516 decurtata
999 2479 1186 2517 sufficiant
1208 2495 1216 2517 :

205 2539 368 2586 Lib.1v,
389 2553 427 2579 v.
453 2540 523 2577 135
543 2541 665 2592 (138),
683 2555 765 2593 sq.:

305 2602 408 2648 Ἥξει
423 2603 482 2641 καὶ
500 2603 645 2655 Ῥώμης
661 2607 678 2644 ὁ
700 2604 808 2659 φυγὰς
827 2605 917 2658 μέγα
941 2605 1041 2658 ἔγχος
1062 2606 1186 2660 ἀείρων
1200 2637 1210 2655 ,
1226 2623 1259 2647 κ.
1276 2623 1308 2647 τ.
1331 2609 1367 2648 λ.

206 2666 289 2706 Lib.
310 2667 354 2715 V,
374 2681 408 2706 v.
434 2669 526 2716 362,
545 2683 628 2721 sqq,
649 2685 658 2708 ς

307 2730 408 2777 ’Ἥξει
429 2732 457 2770 δ’
475 2734 514 2772 ἐκ
532 2734 689 2787 περάτων
706 2735 807 2787 γαίης
827 2736 1060 2789 μητροκτόνος
1074 2737 1160 2790 ἀνήρ
1175 2769 1183 2786 ,
1206 2753 1239 2777 κ.
1255 2753 1286 2778 τ.
1306 2739 1340 2779 λ.

206 2795 288 2835 Lib.
306 2797 414 2845 Vlll,
435 2798 456 2848 §
479 2811 511 2844 ι,
535 2811 570 2836 v.
596 2799 680 2848 153,
701 2813 783 2852 sqq.
804 2815 813 2839 ε

308 2861 470 2919 Κώμιζ,
485 2864 513 2900 εἰ
535 2862 649 2914 βούλει
665 2863 725 2912 σὺ,
744 2864 801 2903 τὸν
817 2864 1032 2919 ἕγκρυφίαισι
1050 2865 1203 2920 λοχείαις
