1752 3495
599 197 904 243 EXCURSUS
936 199 1014 243 111.
1422 265 1429 275 κ
1455 203 1544 249 163

89 302 183 338 iuter
202 293 355 333 Atilium
372 282 410 330 et
429 291 613 335 Acilium.
635 291 872 330 notissimum
897 300 1105 342 utrumque,
1131 305 1291 345 nomen3
1308 295 1416 334 Atilii
1436 295 1546 334 nobi-

91 365 167 407 lius,
180 358 358 410 quoniam
389 370 411 395 a
430 356 538 395 Livio
556 356 704 404 XXXV,
723 357 744 407 §
763 361 826 404 24,
846 356 1002 395 Aciliam
1023 365 1191 405 geutetm·
1206 367 1270 396 aut
1290 359 1544 400 Glabrionum

88 433 184 465 certe
210 422 249 460 in
270 434 312 459 ea
330 428 441 471 gente
461 420 660 467 familiam,
680 420 867 471 plebeiam
891 419 1004 457 fuisse
1025 419 1216 458 discimus.

137 485 253 537 llujus
268 498 361 522 vero
377 484 481 522 Atilii
494 484 637 521 crimen
653 483 804 534 parcius
820 483 1003 521 iudicavit
1018 483 1222 533 Dionysius
1238 497 1247 521 ε
1265 476 1335 523 ’Ὧν
1353 485 1412 524 τὸν
1431 487 1545 542 ἕτερον

90 552 223 604 Μάρκον
247 546 398 586 Ἀτύλιον
422 545 586 601 [Ἀτίλιον
603 545 682 597 jam
702 548 810 598 lege],
841 548 971 585 ἀδικεῖν
999 562 1032 586 τι
1066 545 1210 591 δόξαντα
1229 548 1307 600 περὶ
1329 549 1393 595 τὴν
1408 550 1546 599 πίστιν,

89 615 141 654 καὶ
165 611 355 664 μηνυθέντα
381 612 437 664 ὑφ’
469 610 544 654 ’ἑνὸς
576 613 644 648 τῶν
676 611 890 660 δημοσίων...
909 611 1063 649 Plenior
1079 619 1115 647 et
1140 612 1356 662 expressior
1375 614 1546 654 Valerius

90 681 264 719 Maximus
283 690 292 714 :
314 693 329 710 α
349 675 581 726 'Parquinius
603 688 670 713 rex
701 676 751 714 M.
776 675 943 714 Tullium
973 673 1069 728 [lege
1095 675 1269 726 Atilium]
1292 677 1548 724 duumvirum,

91 763 104 778 u
128 741 226 793 quod
251 738 390 777 librum
413 747 557 776 secreta
576 739 744 777 civilium
768 752 962 777 sacrorum
983 739 1242 776 continentem
1271 739 1455 778 custodiae
1473 754 1549 779 suae

94 826 106 844 α
130 805 384 847 commissum,
429 812 635 854 corruptus
684 805 863 842 Petronio
899 803 1043 841 Sabino
1084 802 1376 841 describendum
1421 804 1551 842 dedis-

93 888 107 908 «
127 879 193 916 set,
213 876 284 906 etc.
307 885 323 900 »
348 869 377 906 Α
409 869 548 906 Tzetze
582 868 677 906 nihil
717 868 867 906 discas:
892 867 998 913 ‘'On,
1030 868 1175 918 inquit,
1209 867 1292 920 πρὸς
1324 867 1549 923 μεταγραφὴν

91 935 198 979 Semo,
219 931 406 969 necaliud
427 931 651 982 quidquam.
686 933 854 970 Zonaras
879 932 941 982 (an
972 945 1018 969 ex
1049 932 1172 969 Dione
1184 933 1212 982 Ρ)
1241 932 1387 983 aliquid
1417 933 1549 973 addit:

87 999 130 1036 Οἱ
148 996 180 1034 δὲ
199 995 364 1045 περίοικοι
398 998 519 1046 μαθεῖν
554 994 776 1041 ἐθελήσαντες
799 993 852 1033 ὅτι
881 995 963 1034 ποτὲ
981 995 1021 1034 τὸ
1038 994 1093 1034 διὰ
1112 998 1181 1034 τῶν
1204 996 1332 1047 βίὸλων
1353 997 1404 1043 εἴη
1428 996 1552 1044 δηλού-

91 1076 193 1112 μενον,
214 1059 271 1097 τὸν
289 1058 403 1111 ἕτερον
421 1061 490 1096 τῶν
513 1059 759 1112 φυλασσόντων
781 1060 867 1098 αὐτὰ
882 1059 1026 1113 Μάρκον
1050 1059 1215 1098 Ἀκίλλιον
1250 1060 1428 1113 χρήμασιν
1464 1063 1550 1098 ἀνα-

88 1126 279 1171 πείσαντες,
311 1122 571 1175 μετεγροὶψαντό
588 1139 676 1162 τινα.
700 1126 781 1162 lloc
801 1125 831 1161 si
851 1138 935 1162 cum
958 1124 1096 1161 Valerii
1121 1126 1337 1162 testimonio
1357 1126 1548 1175 conseras»,

90 1189 279 1240 suspiceris
301 1203 451 1226 necesse
474 1198 529 1226 est
547 1190 772 1228 Petronium
800 1189 920 1238 illum,
941 1189 987 1226 de
1008 1202 1085 1240 quo
1102 1190 1296 1239 Valerius,
1313 1203 1388 1228 non
1411 1205 1552 1242 cogno-

91 1256 178 1293 mine
196 1263 353 1303 tantum,
371 1254 436 1291 sed
458 1263 495 1291 et
517 1267 655 1305 genere
685 1254 868 1292 Sabinum
899 1254 1035 1301 fuisse,
1055 1256 1121 1305 qui
1153 1268 1224 1305 pro
1244 1264 1368 1293 vetere
1387 1255 1549 1293 duarum

89 1321 241 1369 ¹flentium
265 1319 506 1356 aemutatione
537 1333 716 1357 arcanum
744 1319 926 1357 Romanae
961 1320 1141 1368 potentiae
1168 1319 1459 1370 deprehendere
1480 1335 1550 1359 vo-

92 1385 189 1422 luerit
216 1398 225 1420 τ
246 1382 296 1420 ab
329 1397 375 1421 eo
406 1391 629 1434 corruptum
653 1384 808 1421 Atilium
839 1397 914 1420 non
937 1384 1055 1421 libros
1078 1383 1264 1434 integros,
1287 1385 1353 1422 sed
1378 1385 1550 1436 ipsorum

92 1457 219 1499 partem
241 1449 408 1498 aliquam
430 1448 717 1486 describendam
744 1449 904 1486 dedisse.

133 1515 251 1552 Grave
267 1526 370 1561 saue,
390 1516 419 1550 si
439 1526 571 1550 verum
591 1513 676 1560 suit,
697 1513 891 1563 delictum,
912 1513 1023 1551 nimis
1043 1522 1166 1551 tamen
1178 1514 1298 1551 atroci
1316 1527 1424 1566 poena
1440 1523 1478 1553 et
1499 1524 1553 1566 ty-

92 1577 185 1614 rauui
202 1577 352 1627 ingenio
373 1576 489 1627 digna
512 1578 712 1628 punitum,
735 1590 847 1627 quam
866 1578 920 1615 sic
941 1578 1058 1614 refert
1086 1578 1314 1627 Dionysius:
1336 1577 1400 1621 Ὡς
1416 1593 1550 1632 πατρο·

90 1643 207 1690 κτόνον,
223 1643 268 1683 εἰς
285 1640 390 1679 ἀσκὸν
410 1641 557 1694 ἐνράψας
574 1640 698 1692 βόειον,
715 1640 854 1694 ἔρῤιψεν
866 1642 911 1683 εἰς
921 1641 961 1680 τὸ
973 1641 1135 1692 πέλαγος.
1151 1643 1324 1680 Valerius
1338 1643 1526 1681 Maximus
1541 1657 1552 1681 ε

91 1724 102 1738 ιι
119 1705 228 1742 Culeo
247 1705 414 1742 insutum
447 1704 487 1742 in
509 1718 613 1742 mare
632 1705 747 1753 abjici
762 1704 891 1755 jussit.
913 1722 927 1738 ν
943 1705 1123 1751 Tzetzes‚
1153 1706 1292 1744 omissa
1312 1707 1426 1744 man-is
1447 1721 1551 1745 men-

92 1770 177 1807 tione
195 1784 202 1807 :
223 1770 347 1808 Ζῶντα
375 1768 410 1807 δὲ
431 1773 550 1807 τοῦτον
581 1770 627 1811 εἷς
647 1770 758 1821 δέρμα
780 1769 855 1821 βοὸς
875 1769 1123 1817 ἐκδοίλλοντες,
1147 1771 1291 1808 ἀνεῖλον.
1318 1771 1390 1808 Sed
1421 1771 1549 1809 Zona·

91 1847 151 1879 ras,
171 1847 230 1872 seu
255 1834 329 1871 Dio
349 1834 496 1885 potius,
527 1834 756 1885 supplicium
791 1835 1007 1872 accuratius
1026 1834 1209 1872 describit
1236 1848 1244 1871 :
1274 1834 1490 1879 Γνωσθέντος
1511 1835 1547 1874 δὲ

89 1903 137 1937 τοῦ
158 1899 251 1952 ἔργου
271 1901 289 1937 ὃ
310 1899 453 1952 Μάρκος
473 1898 532 1937 δύο
552 1899 694 1952 βύρσαις
713 1899 957 1952 συῤῥαφείσαις
973 1898 1156 1949 ἐμὸληθεὶς
1174 1899 1418 1947 κατεποντώθη
1433 1929 1444 1947 ,
1473 1900 1491 1939 ὃ
1511 1900 1546 1946 ἐξ

90 1964 202 2002 ἐκείνου
221 1964 406 2014 μετέπειτα
427 1963 518 2002 κατὰ
537 1965 606 2001 τῶν
626 1963 869 2015 πατροκτόνων
890 1964 1103 2016 ἐπεκράτησε
1123 1963 1300 2013 γίνεσθαι,
1327 1963 1384 2002 ἵνα
1407 1963 1496 2015 μήτε
1521 1969 1544 2013 ἡ

89 2031 124 2079 γῆ
143 2028 224 2079 μήτε
241 2028 281 2067 τὸ
301 2029 392 2079 ὕδωρ
424 2027 512 2079 μήτε
532 2031 550 2066 ὁ
570 2027 664 2074 ἥλιος
685 2031 812 2080 μιανθῇ
835 2029 937 2066 αὐτοῦ
971 2027 1184 2074 θνήσκοντος.
1205 2029 1388 2078 Agnoscis
1412 2030 1449 2066 in
1471 2029 1545 2068 fine

89 2093 408 2131 celebratissimum
443 2095 546 2131 illum
568 2093 616 2130 de
648 2093 926 2144 parricidarum
960 2106 1070 2143 poena
1095 2093 1293 2131 Ciceronis
1327 2094 1474 2142 locum,
1495 2094 1544 2132 ab

89 2167 223 2195 oratore
238 2156 382 2209 juvene
412 2159 523 2196 nimis
556 2158 715 2195 fortasse
746 2158 964 2208 petulanter
993 2158 1268 2206 declamatum,
1296 2171 1367 2208 pro
1406 2159 1543 2197 Roscio

91 2223 263 2268 Amerino,
283 2227 301 2268 g
324 2225 387 2268 26,
407 2236 428 2260 a
458 2223 608 2260 seniore
631 2223 800 2260 severius
820 2222 1016 2272 aliquanto
1049 2222 1288 2269 damnatum,
1306 2222 1345 2259 in
1371 2224 1545 2271 Oratore,

89 2289 187 2333 530,
220 2287 408 2338 siquidem
439 2287 673 2324 verissimam
700 2286 883 2337 supplicii
914 2287 1101 2324 rationem
1133 2295 1170 2324 et
1205 2287 1328 2337 ipsam
1356 2287 1542 2338 majorum

90 2360 234 2389 mentem
254 2352 472 2402 exponebat
492 2366 500 2389 ε
521 2368 536 2385 α
561 2352 594 2390 Ο
622 2352 850 2401 singularem
870 2351 1113 2402 sapientiam,
1134 2351 1303 2402 judices!
1326 2352 1461 2390 Nonne
1478 2353 1543 2390 vi-

88 2430 98 2445 «
119 2415 246 2452 deutur
266 2417 368 2453 hune
389 2416 583 2453 homiuem
605 2429 650 2452 ex
669 2429 796 2452 rerum
827 2424 961 2452 natura
980 2416 1176 2453 sustulisse
1195 2424 1232 2453 et
1257 2417 1462 2468 eripuisse,
1480 2418 1542 2455 cui

87 2489 261 2529 «repente
290 2481 449 2526 coelum,
471 2481 609 2523 solem,
640 2494 776 2530 aquam
814 2488 1031 2531 terramque
1051 2480 1324 2527 ademerunt»,
1353 2489 1390 2519 et
1417 2491 1541 2519 cetera

86 2553 156 2591 quae
183 2545 291 2582 etiam
330 2546 438 2595 pueri
480 2553 636 2581 norunt.
669 2543 843 2582 Dubitari
871 2553 994 2581 tamen
1026 2553 1149 2595 potest
1180 2554 1305 2581 utrum
1336 2554 1436 2583 recte
1457 2557 1541 2583 sen-

86 2608 161 2643 serit
187 2609 415 2659 Dionysius,
442 2609 637 2659 parricidii
659 2622 807 2659 poeuam
831 2617 921 2646 tunc
957 2610 1071 2646 fuisse
1097 2610 1280 2659 sacrilego
1301 2610 1540 2660 impositam,

86 2683 123 2705 aa
150 2673 269 2721 potius
303 2673 453 2710 inventa
482 2673 663 2710 adversus
694 2673 899 2723 sacrilegos
929 2687 1061 2724 poena,
1095 2674 1233 2712 deiude
1256 2674 1302 2712 ad
1330 2674 1538 2725 parricidas

86 2737 244 2774 translata
265 2739 395 2775 suerit.
426 2738 547 2775 Multo
576 2737 678 2774 euim
701 2738 837 2784 serius,
867 2752 935 2776 nec
955 2747 1042 2776 aute
1059 2739 1206 2777 Marsici
1230 2738 1320 2776 belli
1345 2748 1537 2789 tempora,

86 2796 281 2838 Malleotum
317 2802 518 2851 quemdam
555 2802 751 2851 parricidii
779 2803 945 2853 primum
985 2804 1099 2840 fuisse
1135 2802 1356 2841 ‹laumutum
1393 2804 1536 2853 illoque

86 2865 254 2911 supplicio
278 2866 460 2904 afflictum
494 2868 664 2902 referunt
689 2865 784 2902 Livii
811 2867 1044 2916 epitomatur
1077 2866 1142 2904 lib.
1178 2867 1350 2913 Xl.Vlll;
1381 2867 1459 2905 Cic.
1489 2869 1533 2903 ad

1302 2953 1370 2981 ll.
