1686 3500
97 204 190 250 536
479 204 560 247 AD
595 191 943 248 SIBYLLINOS
977 200 1188 246 Llssssos

90 302 138 340 Et
152 315 232 353 quo
246 302 371 340 nullus
390 309 447 340 est
464 301 512 339 de
527 296 571 340 ea
590 315 631 340 re
647 302 844 354 disertior,
859 301 958 341 liber
971 298 1160 339 secundus
1177 296 1383 337 horribiles
1401 299 1560 338 damua-

90 374 215 404 torum
237 379 367 418 poenas
383 366 436 404 itu
454 365 654 414 describit,
671 380 708 408 v.
735 380 917 418 291‚sqq.
940 379 949 405 ε

125 421 132 428 .
481 428 634 468 Ἔπειτα
652 428 688 468 δὲ
708 430 828 475 νυκτὸς
841 430 986 482 ἀμολγῷ

245 493 310 532 Ἐν
327 491 434 546 Γεένῃ
455 492 578 546 θηρσὶν
596 492 663 533 ὑπὸ
681 494 900 548 ταρταρίοισι
917 493 1123 545 βαλοῧνται,

246 558 411 604 Πολλοῖς,
428 556 661 609 δειμαλέοισιν
673 589 685 611 ‚
701 557 787 598 ὅπου
806 558 925 600 σκότος
943 556 1034 595 ἐστὶν
1050 554 1212 609 ἄμετρον.
1270 557 1276 563 ’

253 649 925 665 ..........................
936 620 1038 674 Ἀτὰρ
1056 620 1195 672 ὕστερον
1216 614 1298 658 α’ὗτε
1351 638 1362 650 1

243 687 309 727 Ἐκ
327 691 486 739 ποταμοῦ
505 688 658 740 μεγάλου
678 688 816 742 πύρινος
830 686 951 740 τροχὸς
970 683 1238 738 ἀμφικατέρξει.
1255 712 1264 723 .
1282 714 1291 724 .

239 751 445 806 Τειρόμενοι
462 753 634 804 βώσονται
646 765 656 776 ·
678 753 732 790 ἐπ’
751 753 817 804 οὐχ
829 751 954 790 δσίοισι
976 749 1011 788 δὲ
1025 749 1150 803 χώροις

238 817 388 855 Τίσουσι
409 817 483 869 τρὶς
498 817 622 856 τόσσον
635 815 714 856 ὅσον
731 816 836 855 κακὸν
852 815 970 862 ἤλιτον
984 814 1083 867 ἔργον
1095 844 1107 864 ,

241 880 431 932 Δαιόμενοι
446 880 527 934 πυρὶ
543 882 681 933 πολλῷ.
700 909 709 919 .
727 908 736 919 .

83 946 172 984 uaec
191 946 323 983 omnia
342 959 419 983 non
446 944 524 996 jam
553 946 592 983 in
621 944 708 1001 ᾍδη
737 945 846 992 fient,
874 943 1068 982 communi
1093 943 1156 981 illa
1183 950 1423 980 mortuorum
1450 942 1564 990 sede,

83 1009 149 1048 sed
175 1009 214 1047 in
247 1007 354 1061 Γεένῃ
379 1009 471 1058 sive,
492 1018 534 1047 ut
552 1009 644 1047 alius
663 1008 766 1060 apud
791 1007 947 1060 Sibyll„
975 1005 1108 1059 Γέννῃ,
1135 1007 1222 1045 loco
1248 1005 1447 1058 suppliciis
1475 1017 1562 1057 post

78 1072 268 1123 judicium
290 1072 502 1111 subeundis
530 1082 746 1123 reservato,
767 1074 832 1123 qui
857 1086 879 1110 a
909 1072 1063 1112 justino
1087 1079 1254 1122 martyre
1286 1070 1339 1108 ita
1366 1070 1562 1118 definitur,

85 1139 202 1190 Apol.
233 1138 273 1185 I,
297 1138 318 1187 §
347 1151 418 1187 19:
447 1137 563 1179 Τόπος
591 1137 671 1176 ἔνθα
700 1137 904 1182 κολάζεσθαι
927 1137 1110 1186 μέλλουσιν
1136 1137 1168 1175 οἱ
1197 1135 1325 1180 ἀδίκως
1356 1134 1560 1187 βιώσαντες.

84 1203 183 1242 Nota
203 1201 322 1239 futuri
345 1202 492 1252 signum
514 1201 720 1252 μέλλουσιν,
750 1210 793 1239 ut
810 1201 996 1252 intelligas
1019 1214 1041 1238 a
1067 1208 1240 1250 tempore
1258 1199 1411 1237 demum
1433 1199 1562 1238 novis-

84 1267 181 1306 simo
201 1279 332 1318 poenas
349 1266 544 1304 Gehennae
560 1266 635 1316 (sic
653 1266 717 1304 ille
736 1266 908 1317 quidem)
927 1266 1161 1317 incepturus.

137 1332 243 1370 lllam
265 1344 358 1369 vero
374 1339 460 1383 post
473 1329 662 1382 judicium
681 1330 831 1382 piorum
848 1330 1132 1381 impiorumque
1149 1341 1287 1367 novam
1305 1328 1444 1377 vitam,
1464 1342 1560 1380 qua-

83 1397 322 1447 lemcumque
341 1396 496 1433 demum
512 1403 550 1433 et
565 1394 868 1446 quibuscumque
885 1395 925 1432 in
943 1395 1035 1432 locis
1051 1394 1251 1446 agendam,
1267 1395 1342 1431 line
1359 1394 1562 1432 carituram

80 1470 197 1513 atque
218 1470 398 1499 :eternam
416 1460 512 1507 fore,
534 1469 577 1498 ut
594 1459 775 1506 diximus,
791 1459 993 1511 Sibyllistae
1009 1459 1184 1510 plerique
1198 1470 1330 1495 omnes
1347 1471 1433 1495 cum
1457 1458 1564 1496 theo-

82 1523 178 1575 logis
198 1524 452 1562 consentiunt.
474 1523 595 1574 idque
621 1523 678 1561 vel
702 1537 722 1561 e
744 1523 837 1561 locis
857 1536 974 1575 supra
994 1522 1115 1561 allatis
1143 1522 1298 1560 abunde
1323 1522 1474 1560 discere
1493 1531 1563 1568 est,

81 1596 124 1626 ut
146 1589 313 1627 Prooem.
340 1601 374 1625 v.
397 1589 470 1625 82:
499 1585 725 1634 Καυθήσεσθε
745 1587 788 1624 δι’
815 1588 959 1637 αἰῶνος,
985 1586 1207 1638 ibidemque
1233 1600 1269 1625 v.
1289 1586 1352 1631 85,
1374 1599 1430 1637 sq.
1454 1599 1463 1624 t
1490 1585 1565 1625 Τὸν

81 1653 200 1696 αἰῶνος
221 1651 344 1705 χρόνον
367 1652 539 1697 οἰκοῦντες
566 1651 790 1705 Παραδείσου
825 1654 958 1701 κῆπον,
987 1659 1025 1691 et
1050 1651 1115 1690 lib.
1146 1652 1255 1699 Vlll,
1285 1664 1321 1689 V.
1363 1651 1449 1701 169,
1478 1664 1563 1701 §cl-t

79 1715 199 1770 Ἀγνὸς
211 1716 295 1763 ἄναξ
309 1719 472 1770 σκῆπτρα
490 1715 658 1770 κρατήσει
679 1717 727 1760 εἰς
745 1717 872 1760 αἰῶνας
896 1716 1052 1758 ἅπαντας
1067 1746 1077 1765 ,
1097 1725 1134 1754 et
1155 1716 1255 1753 infra
1269 1744 1281 1767 ,
1304 1728 1341 1754 v.
1367 1716 1441 1753 218
1459 1730 1467 1752 :
1483 1715 1562 1752 Ba-

82 1782 198 1828 σιλεὺς
218 1784 339 1821 αἰῶσιν
364 1785 381 1821 ὁ
402 1782 564 1834 μέλλων,
591 1782 814 1834 ibidemque
839 1796 878 1821 v,
914 1782 1013 1820 228:
1030 1781 1192 1833 Ἀνόμους
1218 1779 1254 1819 δὲ
1277 1779 1318 1819 τὸ
1343 1783 1414 1834 πῦρ
1437 1780 1561 1818 αἰῶσιν

82 1848 232 1899 ἐλέγξει,
255 1858 293 1888 et
312 1849 411 1887 infra
430 1862 469 1887 v.
494 1854 582 1897 410,
604 1862 685 1900 sqq.
705 1862 715 1888 :
737 1847 903 1901 Καρποὺς
922 1847 1124 1896 ἀθανάτους,
1147 1847 1207 1885 καὶ
1231 1849 1302 1901 φῶς
1321 1845 1475 1894 αἰώνιον,
1503 1845 1565 1885 καὶ

83 1911 173 1960 ζωὴν
192 1913 411 1965 ἀμάραντον,
441 1921 480 1951 et
500 1911 566 1951 lib.
590 1912 648 1960 Π,
674 1925 710 1951 v.
731 1913 823 1960 255,
851 1927 935 1964 sq.:
960 1911 1110 1955 Ἀσεὲεῖς
1132 1911 1161 1949 δ’
1187 1911 1347 1950 ὀλοῦνται
1363 1911 1410 1954 εἰς
1433 1911 1563 1954 αἰῶνας

79 1976 190 2020 ὅλους.
215 1978 355 2016 Mirum
372 1977 490 2025 igitur
506 1977 543 2014 in
564 1976 637 2014 hoc
655 1975 741 2028 ipso
760 1976 859 2015 libro
877 1977 913 2016 ΙΙ
933 1976 1166 2027 singularem
1187 1989 1393 2014 occurrere
1412 1975 1564 2013 doctri-

85 2056 170 2081 nam
199 2042 247 2081 de
267 2041 458 2097 damnatis
487 2050 573 2093 post
588 2041 774 2093 judicium
793 2056 840 2080 ex
861 2041 1013 2080 inferno
1032 2042 1120 2092 igue
1145 2037 1396 2087 redimendis,
1420 2053 1495 2091 qua
1515 2038 1564 2077 de

87 2120 127 2146 re
145 2107 332 2145 nonnulla
347 2106 565 2157 ‹licerejam
587 2106 776 2157 cogimur.

774 2250 861 2264 -μρ

272 2370 385 2411 CAP.
414 2370 550 2411 XXVI.
580 2373 638 2409 De
657 2371 848 2408 damnatis
863 2379 949 2420 post
959 2370 1142 2418 judicium
1163 2366 1378 2407 liberandis.

137 2499 373 2550 Singularcm
406 2498 506 2537 hanc
540 2497 708 2536 diximus
743 2511 826 2537 esse
857 2497 1097 2545 doctrinam;
1128 2505 1262 2549 estque
1295 2497 1335 2535 in
1366 2495 1566 2548 Sibyllinis

86 2563 181 2615 ipsis
199 2563 412 2614 singularis,
433 2564 496 2601 uni
517 2563 664 2614 quippe
680 2562 781 2600 libro
801 2564 975 2614 propria.
995 2562 1120 2600 Locus
1141 2569 1196 2600 est
1212 2560 1284 2600 sub
1303 2560 1393 2599 libri
1407 2559 1568 2600 secundi

91 2629 220 2677 linem,
240 2628 384 2671 v.-331‚
404 2641 487 2678 sqq.
512 2639 523 2666 ς

250 2692 335 2734 Τοῖς
353 2691 413 2729 καὶ
432 2693 450 2729 ὃ
467 2689 723 2744 παντοκράτωρ
738 2691 827 2734 Θεὸς
845 2691 986 2743 ἄφθιτος
1003 2689 1089 2729 ἄλλο
1107 2683 1247 2743 παρέξει

254 2755 462 2805 Ebosea-w,
480 2755 608 2794 ὁπόταν
628 2754 719 2794 Θεὸν
735 2754 876 2807 ἄφθιτον
897 2755 1129 2801 αἰτήσωνται·

215 2828 219 2835 “
256 2820 320 2860 ’Ex
341 2820 506 2873 μαλεροῖο
526 2819 630 2872 πυρὸς
649 2818 879 2869 μακραι(ι’)νων
897 2818 928 2857 τ’
944 2818 1011 2858 ἀπὸ
1029 2822 1197 2873 βρυγμῶν·

257 2883 466 2938 Ἀνθρώπους
487 2886 598 2923 σῶσαι
615 2882 715 2922 δώσει
731 2899 737 2907 ·
755 2883 813 2922 καὶ
830 2887 926 2923 τοῦτο
950 2883 1101 2932 ποιήσει.
