<?xml version="1.0" encoding="UTF-8"?>
<!DOCTYPE html PUBLIC "-//W3C//DTD XHTML 1.0 Transitional//EN"
    "http://www.w3.org/TR/xhtml1/DTD/xhtml1-transitional.dtd">
<html xmlns="http://www.w3.org/1999/xhtml" xml:lang="en" lang="en">
 <head>
  <title>
</title>
<meta http-equiv="Content-Type" content="text/html;charset=utf-8" />
  <meta name='ocr-system' content='tesseract 3.04.00' />
  <meta name='ocr-capabilities' content='ocr_page ocr_carea ocr_par ocr_line ocrx_word'/>
</head>
<body>
  <div class='ocr_page' id='page_1' title='image "./excursusadsibyll00alexuoft_0355.png"; bbox 0 0 1686 3500; ppageno 0'>
   <div class='ocr_carea' id='block_1_1' title="bbox 98 158 1184 251">
    <p class='ocr_par' dir='ltr' id='par_1_1' title="bbox 98 158 1184 251">
     <span class='ocr_line' id='line_1_1' title="bbox 98 158 1184 251; baseline -0.003 -24"><span class='ocrx_word' id='word_1_1' title='bbox 98 158 205 251; x_wconf 69' lang='lat' dir='ltr'>aie·</span> <span class='ocrx_word' id='word_1_2' title='bbox 484 182 563 226; x_wconf 77' lang='lat' dir='ltr'>An</span> <span class='ocrx_word' id='word_1_3' title='bbox 592 181 941 227; x_wconf 73' lang='lat' dir='ltr'>smmmos</span> <span class='ocrx_word' id='word_1_4' title='bbox 974 179 1184 226; x_wconf 76' lang='lat' dir='ltr'>Ltssssos</span> 
     </span>
    </p>
   </div>
   <div class='ocr_carea' id='block_1_2' title="bbox 46 276 1564 1808">
    <p class='ocr_par' dir='ltr' id='par_1_2' title="bbox 46 276 1564 456">
     <span class='ocr_line' id='line_1_2' title="bbox 98 276 1561 332; baseline 0.001 -15"><span class='ocrx_word' id='word_1_5' title='bbox 98 278 164 317; x_wconf 85' lang='lat' dir='ltr'>dio</span> <span class='ocrx_word' id='word_1_6' title='bbox 191 278 397 326; x_wconf 84' lang='lat' dir='ltr'>canuntur,</span> <span class='ocrx_word' id='word_1_7' title='bbox 420 287 459 317; x_wconf 86' lang='lat' dir='ltr'>et</span> <span class='ocrx_word' id='word_1_8' title='bbox 481 279 600 330; x_wconf 82' lang='lat' dir='ltr'>ipsam</span> <span class='ocrx_word' id='word_1_9' title='bbox 621 279 723 318; x_wconf 83' lang='lat' dir='ltr'>illam</span> <span class='ocrx_word' id='word_1_10' title='bbox 749 279 1034 332; x_wconf 68' lang='lat' dir='ltr'>praedictionem</span> <span class='ocrx_word' id='word_1_11' title='bbox 1055 276 1102 315; x_wconf 86' lang='lat' dir='ltr'>de</span> <span class='ocrx_word' id='word_1_12' title='bbox 1122 276 1305 315; x_wconf 81' lang='lat' dir='ltr'>Mulieris.</span> <span class='ocrx_word' id='word_1_13' title='bbox 1326 277 1507 329; x_wconf 89' lang='lat' dir='ltr'>imperio,</span> <span class='ocrx_word' id='word_1_14' title='bbox 1526 296 1561 323; x_wconf 83' lang='grc' dir='ltr'>ν.</span> 
     </span>
     <span class='ocr_line' id='line_1_3' title="bbox 100 342 1564 396; baseline 0 -14"><span class='ocrx_word' id='word_1_15' title='bbox 100 357 190 390; x_wconf 79' lang='lat' dir='ltr'>aoo,</span> <span class='ocrx_word' id='word_1_16' title='bbox 206 355 308 395; x_wconf 68' lang='lat' dir='ltr'>sqq„</span> <span class='ocrx_word' id='word_1_17' title='bbox 330 355 375 381; x_wconf 86' lang='lat' dir='ltr'>ex</span> <span class='ocrx_word' id='word_1_18' title='bbox 396 342 531 382; x_wconf 92' lang='lat' dir='ltr'>eodem</span> <span class='ocrx_word' id='word_1_19' title='bbox 554 343 693 383; x_wconf 81' lang='lat' dir='ltr'>divinae</span> <span class='ocrx_word' id='word_1_20' title='bbox 712 343 992 396; x_wconf 76' lang='lat' dir='ltr'>Apocalypseos</span> <span class='ocrx_word' id='word_1_21' title='bbox 1010 342 1113 380; x_wconf 84' lang='lat' dir='ltr'>sonte</span> <span class='ocrx_word' id='word_1_22' title='bbox 1131 353 1304 379; x_wconf 80' lang='lat' dir='ltr'>manasse</span> <span class='ocrx_word' id='word_1_23' title='bbox 1324 343 1564 384; x_wconf 81' lang='lat' dir='ltr'><strong>ostendemus</strong></span> 
     </span>
     <span class='ocr_line' id='line_1_4' title="bbox 46 408 324 456; baseline 0.011 -12"><span class='ocrx_word' id='word_1_24' title='bbox 46 448 54 456; x_wconf 37' lang='grc' dir='ltr'>ι</span> <span class='ocrx_word' id='word_1_25' title='bbox 98 410 136 445; x_wconf 84' lang='lat' dir='ltr'>in</span> <span class='ocrx_word' id='word_1_26' title='bbox 155 408 247 446; x_wconf 83' lang='lat' dir='ltr'>Exc.</span> <span class='ocrx_word' id='word_1_27' title='bbox 263 408 324 447; x_wconf 87' lang='lat' dir='ltr'>Vl.</span> 
     </span>
    </p>

    <p class='ocr_par' dir='ltr' id='par_1_3' title="bbox 90 469 1562 1292">
     <span class='ocr_line' id='line_1_5' title="bbox 152 469 1562 524; baseline 0.001 -13"><span class='ocrx_word' id='word_1_28' title='bbox 152 471 392 511; x_wconf 77' lang='lat' dir='ltr'>Christianus</span> <span class='ocrx_word' id='word_1_29' title='bbox 417 485 508 524; x_wconf 82' lang='lat' dir='ltr'>ergo</span> <span class='ocrx_word' id='word_1_30' title='bbox 535 474 694 513; x_wconf 79' lang='lat' dir='ltr'><strong>Noster:</strong></span> <span class='ocrx_word' id='word_1_31' title='bbox 728 485 775 510; x_wconf 89' lang='lat' dir='ltr'>an</span> <span class='ocrx_word' id='word_1_32' title='bbox 805 483 899 509; x_wconf 83' lang='lat' dir='ltr'>vero</span> <span class='ocrx_word' id='word_1_33' title='bbox 926 484 976 509; x_wconf 86' lang='lat' dir='ltr'>ex</span> <span class='ocrx_word' id='word_1_34' title='bbox 1008 470 1053 508; x_wconf 82' lang='lat' dir='ltr'>iis</span> <span class='ocrx_word' id='word_1_35' title='bbox 1073 469 1140 520; x_wconf 84' lang='lat' dir='ltr'>qui</span> <span class='ocrx_word' id='word_1_36' title='bbox 1167 469 1403 521; x_wconf 70' lang='lat' dir='ltr'>judaizantes</span> <span class='ocrx_word' id='word_1_37' title='bbox 1436 476 1562 513; x_wconf 85' lang='lat' dir='ltr'>vocari</span> 
     </span>
     <span class='ocr_line' id='line_1_6' title="bbox 98 534 1561 587; baseline 0.001 -14"><span class='ocrx_word' id='word_1_38' title='bbox 98 536 238 574; x_wconf 83' lang='lat' dir='ltr'>solent?</span> <span class='ocrx_word' id='word_1_39' title='bbox 256 536 502 587; x_wconf 85' lang='lat' dir='ltr'>Suspicamur</span> <span class='ocrx_word' id='word_1_40' title='bbox 528 536 566 575; x_wconf 83' lang='lat' dir='ltr'>id</span> <span class='ocrx_word' id='word_1_41' title='bbox 593 536 711 586; x_wconf 79' lang='lat' dir='ltr'>magis</span> <span class='ocrx_word' id='word_1_42' title='bbox 732 548 846 586; x_wconf 86' lang='lat' dir='ltr'>quam</span> <span class='ocrx_word' id='word_1_43' title='bbox 873 543 979 572; x_wconf 90' lang='lat' dir='ltr'>certo</span> <span class='ocrx_word' id='word_1_44' title='bbox 1000 534 1166 574; x_wconf 84' lang='lat' dir='ltr'>scimus:</span> <span class='ocrx_word' id='word_1_45' title='bbox 1193 535 1307 572; x_wconf 82' lang='lat' dir='ltr'>semel</span> <span class='ocrx_word' id='word_1_46' title='bbox 1335 535 1435 573; x_wconf 88' lang='lat' dir='ltr'>enim</span> <span class='ocrx_word' id='word_1_47' title='bbox 1462 539 1561 587; x_wconf 81' lang='lat' dir='ltr'>apud</span> 
     </span>
     <span class='ocr_line' id='line_1_7' title="bbox 98 599 1562 651; baseline 0 -13"><span class='ocrx_word' id='word_1_48' title='bbox 98 601 222 651; x_wconf 83' lang='lat' dir='ltr'>ipsum</span> <span class='ocrx_word' id='word_1_49' title='bbox 260 602 401 640; x_wconf 89' lang='lat' dir='ltr'>mentio</span> <span class='ocrx_word' id='word_1_50' title='bbox 437 603 477 639; x_wconf 81' lang='lat' dir='ltr'>fit</span> <span class='ocrx_word' id='word_1_51' title='bbox 516 601 780 647; x_wconf 75' lang='lat' dir='ltr'>Hebraeorum,</span> <span class='ocrx_word' id='word_1_52' title='bbox 814 613 933 650; x_wconf 90' lang='lat' dir='ltr'>quum</span> <span class='ocrx_word' id='word_1_53' title='bbox 964 599 1219 638; x_wconf 73' lang='lat' dir='ltr'>Antichristus</span> <span class='ocrx_word' id='word_1_54' title='bbox 1244 600 1368 646; x_wconf 85' lang='lat' dir='ltr'>Nero,</span> <span class='ocrx_word' id='word_1_55' title='bbox 1402 614 1440 640; x_wconf 84' lang='lat' dir='ltr'>v.</span> <span class='ocrx_word' id='word_1_56' title='bbox 1472 609 1536 647; x_wconf 74' lang='lat'>¹41</span> <span class='ocrx_word' id='word_1_57' title='bbox 1553 633 1562 650; x_wconf 86' lang='lat'>,</span> 
     </span>
     <span class='ocr_line' id='line_1_8' title="bbox 93 661 1560 719; baseline 0 -16"><span class='ocrx_word' id='word_1_58' title='bbox 93 663 273 717; x_wconf 65' lang='lat' dir='ltr'>‘E6paiwv</span> <span class='ocrx_word' id='word_1_59' title='bbox 303 664 422 719; x_wconf 71' lang='grc' dir='ltr'>ἐχθρὸς</span> <span class='ocrx_word' id='word_1_60' title='bbox 439 666 496 703; x_wconf 88' lang='lat' dir='ltr'>vel</span> <span class='ocrx_word' id='word_1_61' title='bbox 513 663 649 716; x_wconf 76' lang='grc' dir='ltr'>ὄλεθρος</span> <span class='ocrx_word' id='word_1_62' title='bbox 676 671 858 702; x_wconf 86' lang='lat' dir='ltr'>vocatur:</span> <span class='ocrx_word' id='word_1_63' title='bbox 883 664 937 700; x_wconf 86' lang='lat' dir='ltr'>sic</span> <span class='ocrx_word' id='word_1_64' title='bbox 964 663 1063 700; x_wconf 90' lang='lat' dir='ltr'>enim</span> <span class='ocrx_word' id='word_1_65' title='bbox 1089 661 1291 712; x_wconf 80' lang='lat' dir='ltr'>legendum</span> <span class='ocrx_word' id='word_1_66' title='bbox 1310 663 1534 714; x_wconf 74' lang='lat' dir='ltr'>conjicimus</span> <span class='ocrx_word' id='word_1_67' title='bbox 1551 697 1560 714; x_wconf 86' lang='lat'>,</span> 
     </span>
     <span class='ocr_line' id='line_1_9' title="bbox 97 726 1561 781; baseline 0.003 -16"><span class='ocrx_word' id='word_1_68' title='bbox 97 742 190 777; x_wconf 89' lang='lat' dir='ltr'>non,</span> <span class='ocrx_word' id='word_1_69' title='bbox 205 738 245 767; x_wconf 89' lang='lat' dir='ltr'>ut</span> <span class='ocrx_word' id='word_1_70' title='bbox 263 730 391 781; x_wconf 78' lang='lat' dir='ltr'>vulgo,</span> <span class='ocrx_word' id='word_1_71' title='bbox 407 728 584 780; x_wconf 71' lang='grc' dir='ltr'>Ἐὅραίων</span> <span class='ocrx_word' id='word_1_72' title='bbox 603 727 706 770; x_wconf 76' lang='grc' dir='ltr'>ἔθνος.</span> <span class='ocrx_word' id='word_1_73' title='bbox 723 728 780 766; x_wconf 88' lang='lat' dir='ltr'>Ex</span> <span class='ocrx_word' id='word_1_74' title='bbox 795 727 912 765; x_wconf 81' lang='lat' dir='ltr'>dubia</span> <span class='ocrx_word' id='word_1_75' title='bbox 927 735 1052 764; x_wconf 86' lang='lat' dir='ltr'>autem</span> <span class='ocrx_word' id='word_1_76' title='bbox 1068 726 1231 764; x_wconf 88' lang='lat' dir='ltr'>lectione</span> <span class='ocrx_word' id='word_1_77' title='bbox 1253 727 1346 765; x_wconf 89' lang='lat' dir='ltr'>nihil</span> <span class='ocrx_word' id='word_1_78' title='bbox 1369 729 1462 765; x_wconf 69' lang='lat' dir='ltr'>certi</span> <span class='ocrx_word' id='word_1_79' title='bbox 1484 731 1561 769; x_wconf 87' lang='lat' dir='ltr'>erui</span> 
     </span>
     <span class='ocr_line' id='line_1_10' title="bbox 95 791 1562 845; baseline 0.001 -14"><span class='ocrx_word' id='word_1_80' title='bbox 95 802 230 843; x_wconf 82' lang='lat' dir='ltr'>potest.</span> <span class='ocrx_word' id='word_1_81' title='bbox 265 794 383 845; x_wconf 80' lang='lat' dir='ltr'>Magis</span> <span class='ocrx_word' id='word_1_82' title='bbox 415 794 523 833; x_wconf 86' lang='lat' dir='ltr'>nobis</span> <span class='ocrx_word' id='word_1_83' title='bbox 542 806 588 830; x_wconf 89' lang='lat' dir='ltr'>eo</span> <span class='ocrx_word' id='word_1_84' title='bbox 608 793 764 830; x_wconf 89' lang='lat' dir='ltr'>nomine</span> <span class='ocrx_word' id='word_1_85' title='bbox 777 794 976 843; x_wconf 81' lang='lat' dir='ltr'>suspectus</span> <span class='ocrx_word' id='word_1_86' title='bbox 1005 799 1086 839; x_wconf 81' lang='lat' dir='ltr'>est,</span> <span class='ocrx_word' id='word_1_87' title='bbox 1108 791 1212 841; x_wconf 87' lang='lat' dir='ltr'>quod</span> <span class='ocrx_word' id='word_1_88' title='bbox 1233 804 1254 829; x_wconf 91' lang='lat' dir='ltr'>e</span> <span class='ocrx_word' id='word_1_89' title='bbox 1273 791 1480 830; x_wconf 82' lang='lat' dir='ltr'>christiana</span> <span class='ocrx_word' id='word_1_90' title='bbox 1509 807 1562 832; x_wconf 89' lang='lat' dir='ltr'>re-</span> 
     </span>
     <span class='ocr_line' id='line_1_11' title="bbox 95 854 1561 910; baseline 0 -15"><span class='ocrx_word' id='word_1_91' title='bbox 95 858 238 910; x_wconf 85' lang='lat' dir='ltr'>ligione</span> <span class='ocrx_word' id='word_1_92' title='bbox 266 858 327 896; x_wconf 88' lang='lat' dir='ltr'>vix</span> <span class='ocrx_word' id='word_1_93' title='bbox 346 857 449 896; x_wconf 88' lang='lat' dir='ltr'>aliud</span> <span class='ocrx_word' id='word_1_94' title='bbox 480 858 686 909; x_wconf 84' lang='lat' dir='ltr'>sumpsisse</span> <span class='ocrx_word' id='word_1_95' title='bbox 715 855 888 894; x_wconf 81' lang='lat' dir='ltr'>videatur</span> <span class='ocrx_word' id='word_1_96' title='bbox 918 868 1032 906; x_wconf 88' lang='lat' dir='ltr'>quam</span> <span class='ocrx_word' id='word_1_97' title='bbox 1056 854 1283 894; x_wconf 84' lang='lat' dir='ltr'>Antichristi</span> <span class='ocrx_word' id='word_1_98' title='bbox 1303 863 1341 892; x_wconf 91' lang='lat' dir='ltr'>ct</span> <span class='ocrx_word' id='word_1_99' title='bbox 1360 855 1505 893; x_wconf 77' lang='lat' dir='ltr'>Messiae</span> <span class='ocrx_word' id='word_1_100' title='bbox 1527 866 1561 895; x_wconf 84' lang='lat' dir='ltr'>et</span> 
     </span>
     <span class='ocr_line' id='line_1_12' title="bbox 90 918 1560 973; baseline -0.001 -13"><span class='ocrx_word' id='word_1_101' title='bbox 90 923 224 972; x_wconf 87' lang='lat' dir='ltr'>judieii</span> <span class='ocrx_word' id='word_1_102' title='bbox 244 923 578 973; x_wconf 72' lang='lat' dir='ltr'>exspectationem.</span> <span class='ocrx_word' id='word_1_103' title='bbox 603 922 733 961; x_wconf 80' lang='lat' dir='ltr'>Fuerit</span> <span class='ocrx_word' id='word_1_104' title='bbox 751 935 863 973; x_wconf 83' lang='lat' dir='ltr'>ergo,</span> <span class='ocrx_word' id='word_1_105' title='bbox 885 929 927 958; x_wconf 89' lang='lat' dir='ltr'>ut</span> <span class='ocrx_word' id='word_1_106' title='bbox 953 919 1061 958; x_wconf 88' lang='lat' dir='ltr'>multi</span> <span class='ocrx_word' id='word_1_107' title='bbox 1080 918 1385 970; x_wconf 78' lang='lat' dir='ltr'>Sibyllistarum,</span> <span class='ocrx_word' id='word_1_108' title='bbox 1408 919 1560 958; x_wconf 75' lang='lat' dir='ltr'>Judaeus</span> 
     </span>
     <span class='ocr_line' id='line_1_13' title="bbox 94 982 1557 1036; baseline -0.002 -11"><span class='ocrx_word' id='word_1_109' title='bbox 94 986 140 1025; x_wconf 91' lang='lat' dir='ltr'>ad</span> <span class='ocrx_word' id='word_1_110' title='bbox 159 996 286 1024; x_wconf 84' lang='lat' dir='ltr'>nostra</span> <span class='ocrx_word' id='word_1_111' title='bbox 305 999 412 1025; x_wconf 84' lang='lat' dir='ltr'>sacra</span> <span class='ocrx_word' id='word_1_112' title='bbox 426 999 633 1024; x_wconf 76' lang='lat' dir='ltr'>conversus</span> <span class='ocrx_word' id='word_1_113' title='bbox 651 994 689 1024; x_wconf 90' lang='lat' dir='ltr'>et</span> <span class='ocrx_word' id='word_1_114' title='bbox 707 984 852 1036; x_wconf 83' lang='lat' dir='ltr'>aliquid</span> <span class='ocrx_word' id='word_1_115' title='bbox 872 984 921 1023; x_wconf 90' lang='lat' dir='ltr'>de</span> <span class='ocrx_word' id='word_1_116' title='bbox 936 984 1083 1035; x_wconf 79' lang='lat' dir='ltr'>origine</span> <span class='ocrx_word' id='word_1_117' title='bbox 1099 997 1166 1020; x_wconf 89' lang='lat' dir='ltr'>sua</span> <span class='ocrx_word' id='word_1_118' title='bbox 1187 982 1365 1020; x_wconf 85' lang='lat' dir='ltr'>retinens.</span> <span class='ocrx_word' id='word_1_119' title='bbox 1386 982 1557 1022; x_wconf 85' lang='lat' dir='ltr'>Ceterum</span> 
     </span>
     <span class='ocr_line' id='line_1_14' title="bbox 95 1047 1558 1099; baseline 0 -13"><span class='ocrx_word' id='word_1_120' title='bbox 95 1050 186 1087; x_wconf 79' lang='lat' dir='ltr'>niliil</span> <span class='ocrx_word' id='word_1_121' title='bbox 219 1063 238 1087; x_wconf 86' lang='lat' dir='ltr'>a</span> <span class='ocrx_word' id='word_1_122' title='bbox 274 1049 348 1088; x_wconf 86' lang='lat' dir='ltr'>fide</span> <span class='ocrx_word' id='word_1_123' title='bbox 376 1049 570 1088; x_wconf 85' lang='lat' dir='ltr'>dissonum</span> <span class='ocrx_word' id='word_1_124' title='bbox 599 1050 636 1087; x_wconf 90' lang='lat' dir='ltr'>in</span> <span class='ocrx_word' id='word_1_125' title='bbox 665 1049 746 1099; x_wconf 87' lang='lat' dir='ltr'>ejus</span> <span class='ocrx_word' id='word_1_126' title='bbox 781 1049 948 1087; x_wconf 82' lang='lat' dir='ltr'>carmine</span> <span class='ocrx_word' id='word_1_127' title='bbox 981 1047 1326 1099; x_wconf 80' lang='lat' dir='ltr'>deprehendimus,</span> <span class='ocrx_word' id='word_1_128' title='bbox 1355 1047 1426 1084; x_wconf 88' lang='lat' dir='ltr'>nisi</span> <span class='ocrx_word' id='word_1_129' title='bbox 1459 1048 1558 1097; x_wconf 90' lang='lat' dir='ltr'>quod</span> 
     </span>
     <span class='ocr_line' id='line_1_15' title="bbox 95 1110 1558 1164; baseline -0.001 -14"><span class='ocrx_word' id='word_1_130' title='bbox 95 1114 346 1152; x_wconf 82' lang='lat' dir='ltr'>millenarium</span> <span class='ocrx_word' id='word_1_131' title='bbox 369 1113 416 1151; x_wconf 90' lang='lat' dir='ltr'>ad</span> <span class='ocrx_word' id='word_1_132' title='bbox 441 1127 608 1164; x_wconf 87' lang='lat' dir='ltr'>sensum,</span> <span class='ocrx_word' id='word_1_133' title='bbox 637 1114 667 1151; x_wconf 92' lang='lat' dir='ltr'>si</span> <span class='ocrx_word' id='word_1_134' title='bbox 689 1122 791 1151; x_wconf 85' lang='lat' dir='ltr'>recte</span> <span class='ocrx_word' id='word_1_135' title='bbox 807 1114 888 1161; x_wconf 88' lang='lat' dir='ltr'>ejus</span> <span class='ocrx_word' id='word_1_136' title='bbox 908 1120 1071 1149; x_wconf 80' lang='lat' dir='ltr'>mentem</span> <span class='ocrx_word' id='word_1_137' title='bbox 1100 1110 1351 1161; x_wconf 84' lang='lat' dir='ltr'>assequimur,</span> <span class='ocrx_word' id='word_1_138' title='bbox 1371 1110 1558 1161; x_wconf 75' lang='lat' dir='ltr'>duplicem</span> 
     </span>
     <span class='ocr_line' id='line_1_16' title="bbox 94 1168 1561 1228; baseline -0.001 -13"><span class='ocrx_word' id='word_1_139' title='bbox 94 1168 409 1215; x_wconf 71' lang='lat' dir='ltr'>resurrectionem</span> <span class='ocrx_word' id='word_1_140' title='bbox 427 1205 436 1223; x_wconf 91' lang='lat'>,</span> <span class='ocrx_word' id='word_1_141' title='bbox 453 1177 724 1228; x_wconf 85' lang='lat' dir='ltr'>justorumque</span> <span class='ocrx_word' id='word_1_142' title='bbox 739 1185 918 1214; x_wconf 82' lang='lat' dir='ltr'>terrestre</span> <span class='ocrx_word' id='word_1_143' title='bbox 935 1188 1094 1226; x_wconf 82' lang='lat' dir='ltr'>regnum</span> <span class='ocrx_word' id='word_1_144' title='bbox 1115 1188 1296 1225; x_wconf 85' lang='lat' dir='ltr'>supremo</span> <span class='ocrx_word' id='word_1_145' title='bbox 1311 1175 1460 1225; x_wconf 88' lang='lat' dir='ltr'>judicio</span> <span class='ocrx_word' id='word_1_146' title='bbox 1474 1189 1561 1226; x_wconf 76' lang='lat' dir='ltr'>prre-</span> 
     </span>
     <span class='ocr_line' id='line_1_17' title="bbox 93 1240 1275 1292; baseline 0.003 -15"><span class='ocrx_word' id='word_1_147' title='bbox 93 1241 194 1279; x_wconf 88' lang='lat' dir='ltr'>vium</span> <span class='ocrx_word' id='word_1_148' title='bbox 211 1241 364 1279; x_wconf 85' lang='lat' dir='ltr'>videtur</span> <span class='ocrx_word' id='word_1_149' title='bbox 376 1241 588 1291; x_wconf 75' lang='lat' dir='ltr'>agnovisse,</span> <span class='ocrx_word' id='word_1_150' title='bbox 605 1256 682 1292; x_wconf 83' lang='lat' dir='ltr'>qua</span> <span class='ocrx_word' id='word_1_151' title='bbox 701 1241 749 1279; x_wconf 93' lang='lat' dir='ltr'>de</span> <span class='ocrx_word' id='word_1_152' title='bbox 766 1255 807 1279; x_wconf 82' lang='lat' dir='ltr'>re</span> <span class='ocrx_word' id='word_1_153' title='bbox 829 1241 941 1292; x_wconf 84' lang='lat' dir='ltr'>plura</span> <span class='ocrx_word' id='word_1_154' title='bbox 959 1255 1026 1278; x_wconf 89' lang='lat' dir='ltr'>nos</span> <span class='ocrx_word' id='word_1_155' title='bbox 1047 1241 1084 1278; x_wconf 91' lang='lat' dir='ltr'>in</span> <span class='ocrx_word' id='word_1_156' title='bbox 1104 1241 1193 1278; x_wconf 78' lang='lat' dir='ltr'>Exc.</span> <span class='ocrx_word' id='word_1_157' title='bbox 1211 1240 1275 1280; x_wconf 85' lang='lat' dir='ltr'>VI.</span> 
     </span>
    </p>

    <p class='ocr_par' dir='ltr' id='par_1_4' title="bbox 89 1304 1560 1602">
     <span class='ocr_line' id='line_1_18' title="bbox 144 1304 1560 1356; baseline 0 -13"><span class='ocrx_word' id='word_1_158' title='bbox 144 1306 193 1344; x_wconf 88' lang='lat' dir='ltr'>Et</span> <span class='ocrx_word' id='word_1_159' title='bbox 222 1319 323 1344; x_wconf 88' lang='lat' dir='ltr'>nunc</span> <span class='ocrx_word' id='word_1_160' title='bbox 345 1306 496 1355; x_wconf 79' lang='lat' dir='ltr'>cognita</span> <span class='ocrx_word' id='word_1_161' title='bbox 530 1306 698 1344; x_wconf 84' lang='lat' dir='ltr'>hominis</span> <span class='ocrx_word' id='word_1_162' title='bbox 723 1315 833 1344; x_wconf 84' lang='lat' dir='ltr'>aetate</span> <span class='ocrx_word' id='word_1_163' title='bbox 853 1319 896 1343; x_wconf 84' lang='lat' dir='ltr'>ac</span> <span class='ocrx_word' id='word_1_164' title='bbox 929 1306 1138 1356; x_wconf 79' lang='lat' dir='ltr'>religione,</span> <span class='ocrx_word' id='word_1_165' title='bbox 1164 1305 1254 1356; x_wconf 88' lang='lat' dir='ltr'>quid</span> <span class='ocrx_word' id='word_1_166' title='bbox 1289 1304 1336 1342; x_wconf 88' lang='lat' dir='ltr'>de</span> <span class='ocrx_word' id='word_1_167' title='bbox 1359 1304 1480 1355; x_wconf 85' lang='lat' dir='ltr'>patria</span> <span class='ocrx_word' id='word_1_168' title='bbox 1499 1318 1560 1343; x_wconf 85' lang='lat' dir='ltr'>seu</span> 
     </span>
     <span class='ocr_line' id='line_1_19' title="bbox 89 1367 1560 1420; baseline -0.001 -13"><span class='ocrx_word' id='word_1_169' title='bbox 89 1369 282 1408; x_wconf 87' lang='lat' dir='ltr'>domicilio</span> <span class='ocrx_word' id='word_1_170' title='bbox 306 1371 504 1409; x_wconf 78' lang='lat' dir='ltr'>dicemus?</span> <span class='ocrx_word' id='word_1_171' title='bbox 532 1373 674 1410; x_wconf 77' lang='lat' dir='ltr'>Rursus</span> <span class='ocrx_word' id='word_1_172' title='bbox 697 1370 942 1420; x_wconf 77' lang='lat' dir='ltr'>conjectura,</span> <span class='ocrx_word' id='word_1_173' title='bbox 970 1370 1033 1407; x_wconf 83' lang='lat' dir='ltr'>sed</span> <span class='ocrx_word' id='word_1_174' title='bbox 1067 1383 1175 1420; x_wconf 88' lang='lat' dir='ltr'>paene</span> <span class='ocrx_word' id='word_1_175' title='bbox 1199 1368 1361 1419; x_wconf 75' lang='lat' dir='ltr'>gratuita</span> <span class='ocrx_word' id='word_1_176' title='bbox 1376 1398 1385 1414; x_wconf 88' lang='lat'>‚</span> <span class='ocrx_word' id='word_1_177' title='bbox 1417 1367 1560 1406; x_wconf 86' lang='lat' dir='ltr'>divina-</span> 
     </span>
     <span class='ocr_line' id='line_1_20' title="bbox 91 1433 1559 1486; baseline -0.001 -13"><span class='ocrx_word' id='word_1_178' title='bbox 91 1448 174 1473; x_wconf 88' lang='lat' dir='ltr'>mus</span> <span class='ocrx_word' id='word_1_179' title='bbox 197 1435 312 1473; x_wconf 85' lang='lat' dir='ltr'>suisse</span> <span class='ocrx_word' id='word_1_180' title='bbox 337 1436 444 1474; x_wconf 80' lang='lat' dir='ltr'>illuni</span> <span class='ocrx_word' id='word_1_181' title='bbox 467 1436 765 1474; x_wconf 74' lang='lat' dir='ltr'>Alexandrinum</span> <span class='ocrx_word' id='word_1_182' title='bbox 781 1464 790 1482; x_wconf 88' lang='lat'><strong>‚</strong></span> <span class='ocrx_word' id='word_1_183' title='bbox 816 1448 892 1472; x_wconf 91' lang='lat' dir='ltr'>non</span> <span class='ocrx_word' id='word_1_184' title='bbox 918 1435 991 1472; x_wconf 83' lang='lat' dir='ltr'>alia</span> <span class='ocrx_word' id='word_1_185' title='bbox 1011 1447 1149 1486; x_wconf 85' lang='lat' dir='ltr'>nempe</span> <span class='ocrx_word' id='word_1_186' title='bbox 1169 1434 1216 1471; x_wconf 89' lang='lat' dir='ltr'>de</span> <span class='ocrx_word' id='word_1_187' title='bbox 1237 1447 1351 1472; x_wconf 86' lang='lat' dir='ltr'>causa</span> <span class='ocrx_word' id='word_1_188' title='bbox 1375 1446 1487 1484; x_wconf 86' lang='lat' dir='ltr'>quam</span> <span class='ocrx_word' id='word_1_189' title='bbox 1512 1433 1559 1471; x_wconf 90' lang='lat' dir='ltr'>ob</span> 
     </span>
     <span class='ocr_line' id='line_1_21' title="bbox 89 1499 1559 1551; baseline -0.001 -14"><span class='ocrx_word' id='word_1_190' title='bbox 89 1508 282 1551; x_wconf 88' lang='lat' dir='ltr'>comptum</span> <span class='ocrx_word' id='word_1_191' title='bbox 304 1501 392 1538; x_wconf 88' lang='lat' dir='ltr'>satis</span> <span class='ocrx_word' id='word_1_192' title='bbox 419 1508 457 1539; x_wconf 88' lang='lat' dir='ltr'>et</span> <span class='ocrx_word' id='word_1_193' title='bbox 475 1500 626 1551; x_wconf 78' lang='lat' dir='ltr'>elegans</span> <span class='ocrx_word' id='word_1_194' title='bbox 645 1499 795 1538; x_wconf 87' lang='lat' dir='ltr'>dicendi</span> <span class='ocrx_word' id='word_1_195' title='bbox 817 1512 938 1550; x_wconf 77' lang='lat' dir='ltr'>genus</span> <span class='ocrx_word' id='word_1_196' title='bbox 951 1527 961 1544; x_wconf 97' lang='lat'>,</span> <span class='ocrx_word' id='word_1_197' title='bbox 981 1499 1043 1536; x_wconf 94' lang='lat' dir='ltr'>cui</span> <span class='ocrx_word' id='word_1_198' title='bbox 1062 1499 1221 1536; x_wconf 81' lang='lat' dir='ltr'>forsitan</span> <span class='ocrx_word' id='word_1_199' title='bbox 1243 1506 1470 1550; x_wconf 80' lang='lat' dir='ltr'>argumento</span> <span class='ocrx_word' id='word_1_200' title='bbox 1488 1511 1559 1536; x_wconf 90' lang='lat' dir='ltr'>non</span> 
     </span>
     <span class='ocr_line' id='line_1_22' title="bbox 90 1564 596 1602; baseline 0 -1"><span class='ocrx_word' id='word_1_201' title='bbox 90 1565 250 1601; x_wconf 89' lang='lat' dir='ltr'>multum</span> <span class='ocrx_word' id='word_1_202' title='bbox 271 1565 468 1602; x_wconf 79' lang='lat' dir='ltr'>immorari</span> <span class='ocrx_word' id='word_1_203' title='bbox 499 1564 596 1602; x_wconf 90' lang='lat' dir='ltr'>licet.</span> 
     </span>
    </p>

    <p class='ocr_par' dir='ltr' id='par_1_5' title="bbox 87 1625 1558 1808">
     <span class='ocr_line' id='line_1_23' title="bbox 140 1625 1558 1678; baseline -0.004 -11"><span class='ocrx_word' id='word_1_204' title='bbox 140 1627 197 1667; x_wconf 91' lang='lat' dir='ltr'>Sit</span> <span class='ocrx_word' id='word_1_205' title='bbox 217 1628 335 1678; x_wconf 82' lang='lat' dir='ltr'>igitur</span> <span class='ocrx_word' id='word_1_206' title='bbox 350 1628 433 1664; x_wconf 83' lang='lat' dir='ltr'>finis</span> <span class='ocrx_word' id='word_1_207' title='bbox 453 1626 606 1665; x_wconf 91' lang='lat' dir='ltr'>dicendi</span> <span class='ocrx_word' id='word_1_208' title='bbox 621 1627 669 1664; x_wconf 87' lang='lat' dir='ltr'>de</span> <span class='ocrx_word' id='word_1_209' title='bbox 687 1627 808 1678; x_wconf 85' lang='lat' dir='ltr'>prima</span> <span class='ocrx_word' id='word_1_210' title='bbox 823 1626 912 1665; x_wconf 88' lang='lat' dir='ltr'>libri</span> <span class='ocrx_word' id='word_1_211' title='bbox 932 1626 1057 1665; x_wconf 89' lang='lat' dir='ltr'>octavi</span> <span class='ocrx_word' id='word_1_212' title='bbox 1080 1635 1207 1678; x_wconf 51' lang='grc' dir='ltr'>ραι-[εκ</span> <span class='ocrx_word' id='word_1_213' title='bbox 1228 1625 1357 1677; x_wconf 86' lang='lat' dir='ltr'>etjam</span> <span class='ocrx_word' id='word_1_214' title='bbox 1380 1625 1426 1664; x_wconf 88' lang='lat' dir='ltr'>ad</span> <span class='ocrx_word' id='word_1_215' title='bbox 1449 1625 1558 1663; x_wconf 84' lang='lat' dir='ltr'>alium</span> 
     </span>
     <span class='ocr_line' id='line_1_24' title="bbox 87 1684 1558 1743; baseline -0.003 -13"><span class='ocrx_word' id='word_1_216' title='bbox 87 1705 256 1730; x_wconf 88' lang='lat' dir='ltr'>coaevum</span> <span class='ocrx_word' id='word_1_217' title='bbox 290 1705 397 1742; x_wconf 86' lang='lat' dir='ltr'>paene</span> <span class='ocrx_word' id='word_1_218' title='bbox 428 1691 567 1729; x_wconf 87' lang='lat' dir='ltr'>librum</span> <span class='ocrx_word' id='word_1_219' title='bbox 583 1721 593 1740; x_wconf 93' lang='lat'>,</span> <span class='ocrx_word' id='word_1_220' title='bbox 613 1684 684 1729; x_wconf 86' lang='lat' dir='ltr'>nec</span> <span class='ocrx_word' id='word_1_221' title='bbox 705 1692 866 1729; x_wconf 88' lang='lat' dir='ltr'>multum</span> <span class='ocrx_word' id='word_1_222' title='bbox 890 1693 989 1743; x_wconf 87' lang='lat' dir='ltr'>stylo</span> <span class='ocrx_word' id='word_1_223' title='bbox 1009 1691 1251 1730; x_wconf 83' lang='lat' dir='ltr'>disserentem</span> <span class='ocrx_word' id='word_1_224' title='bbox 1267 1720 1278 1737; x_wconf 84' lang='lat'>,</span> <span class='ocrx_word' id='word_1_225' title='bbox 1297 1690 1362 1729; x_wconf 88' lang='lat' dir='ltr'>sed</span> <span class='ocrx_word' id='word_1_226' title='bbox 1389 1691 1558 1728; x_wconf 81' lang='lat' dir='ltr'>doctrina</span> 
     </span>
     <span class='ocr_line' id='line_1_25' title="bbox 87 1755 868 1808; baseline -0.001 -14"><span class='ocrx_word' id='word_1_227' title='bbox 87 1757 253 1808; x_wconf 84' lang='lat' dir='ltr'>apertius</span> <span class='ocrx_word' id='word_1_228' title='bbox 269 1755 547 1794; x_wconf 81' lang='lat' dir='ltr'>heterodoxum</span> <span class='ocrx_word' id='word_1_229' title='bbox 561 1786 573 1806; x_wconf 88' lang='lat'>,</span> <span class='ocrx_word' id='word_1_230' title='bbox 593 1756 776 1794; x_wconf 86' lang='lat' dir='ltr'>transitus</span> <span class='ocrx_word' id='word_1_231' title='bbox 793 1757 868 1794; x_wconf 85' lang='lat' dir='ltr'>liat.</span> 
     </span>
    </p>
   </div>
   <div class='ocr_carea' id='block_1_3' title="bbox 531 2011 1117 2062">
    <p class='ocr_par' dir='ltr' id='par_1_6' title="bbox 531 2011 1117 2062">
     <span class='ocr_line' id='line_1_26' title="bbox 531 2011 1117 2062; baseline -0.002 -11"><span class='ocrx_word' id='word_1_232' title='bbox 531 2011 645 2053; x_wconf 74' lang='lat' dir='ltr'><strong>CAP.</strong></span> <span class='ocrx_word' id='word_1_233' title='bbox 677 2012 754 2051; x_wconf 81' lang='lat' dir='ltr'>vlt.</span> <span class='ocrx_word' id='word_1_234' title='bbox 785 2014 842 2049; x_wconf 90' lang='lat' dir='ltr'>De</span> <span class='ocrx_word' id='word_1_235' title='bbox 866 2011 959 2050; x_wconf 77' lang='lat' dir='ltr'>libro</span> <span class='ocrx_word' id='word_1_236' title='bbox 978 2012 1117 2062; x_wconf 75' lang='lat' dir='ltr'>quinto.</span> 
     </span>
    </p>
   </div>
   <div class='ocr_carea' id='block_1_4' title="bbox 86 2144 1609 2905">
    <p class='ocr_par' dir='ltr' id='par_1_7' title="bbox 86 2144 1587 2326">
     <span class='ocr_line' id='line_1_27' title="bbox 139 2144 1556 2198; baseline 0 -14"><span class='ocrx_word' id='word_1_237' title='bbox 139 2144 259 2197; x_wconf 80' lang='lat' dir='ltr'>Hujus</span> <span class='ocrx_word' id='word_1_238' title='bbox 271 2145 384 2183; x_wconf 89' lang='lat' dir='ltr'>initio</span> <span class='ocrx_word' id='word_1_239' title='bbox 405 2145 492 2184; x_wconf 88' lang='lat' dir='ltr'>libri</span> <span class='ocrx_word' id='word_1_240' title='bbox 508 2145 655 2197; x_wconf 86' lang='lat' dir='ltr'>Sibylla</span> <span class='ocrx_word' id='word_1_241' title='bbox 670 2145 775 2198; x_wconf 72' lang='lat' dir='ltr'>(ltine</span> <span class='ocrx_word' id='word_1_242' title='bbox 790 2145 1046 2197; x_wconf 78' lang='lat' dir='ltr'>agnoscenda,</span> <span class='ocrx_word' id='word_1_243' title='bbox 1063 2145 1165 2197; x_wconf 92' lang='lat' dir='ltr'>quod</span> <span class='ocrx_word' id='word_1_244' title='bbox 1187 2146 1284 2184; x_wconf 78' lang='lat' dir='ltr'>infra</span> <span class='ocrx_word' id='word_1_245' title='bbox 1297 2175 1308 2194; x_wconf 90' lang='lat'>,</span> <span class='ocrx_word' id='word_1_246' title='bbox 1325 2159 1359 2185; x_wconf 88' lang='grc' dir='ltr'>ν.</span> <span class='ocrx_word' id='word_1_247' title='bbox 1381 2146 1446 2193; x_wconf 77' lang='lat'>52,</span> <span class='ocrx_word' id='word_1_248' title='bbox 1459 2147 1556 2185; x_wconf 86' lang='lat' dir='ltr'>semi·</span> 
     </span>
     <span class='ocr_line' id='line_1_28' title="bbox 87 2209 1555 2261; baseline 0.001 -15"><span class='ocrx_word' id='word_1_249' title='bbox 87 2211 179 2247; x_wconf 84' lang='lat' dir='ltr'>nino</span> <span class='ocrx_word' id='word_1_250' title='bbox 200 2221 338 2260; x_wconf 80' lang='lat' dir='ltr'>genere</span> <span class='ocrx_word' id='word_1_251' title='bbox 375 2209 424 2248; x_wconf 85' lang='lat' dir='ltr'>de</span> <span class='ocrx_word' id='word_1_252' title='bbox 451 2223 491 2248; x_wconf 86' lang='lat' dir='ltr'>se</span> <span class='ocrx_word' id='word_1_253' title='bbox 521 2211 747 2261; x_wconf 83' lang='lat' dir='ltr'>loquatur),</span> <span class='ocrx_word' id='word_1_254' title='bbox 782 2211 1002 2249; x_wconf 86' lang='lat' dir='ltr'>vaticinium</span> <span class='ocrx_word' id='word_1_255' title='bbox 1039 2211 1191 2250; x_wconf 78' lang='lat' dir='ltr'>nuntiat</span> <span class='ocrx_word' id='word_1_256' title='bbox 1226 2224 1266 2249; x_wconf 85' lang='lat' dir='ltr'>se</span> <span class='ocrx_word' id='word_1_257' title='bbox 1303 2211 1484 2250; x_wconf 79' lang='lat' dir='ltr'>facturam</span> <span class='ocrx_word' id='word_1_258' title='bbox 1513 2211 1555 2248; x_wconf 90' lang='lat' dir='ltr'>de</span> 
     </span>
     <span class='ocr_line' id='line_1_29' title="bbox 86 2262 1587 2326; baseline 0.002 -15"><span class='ocrx_word' id='word_1_259' title='bbox 86 2273 271 2312; x_wconf 84' lang='lat' dir='ltr'>luctuosis</span> <span class='ocrx_word' id='word_1_260' title='bbox 288 2274 514 2312; x_wconf 85' lang='lat' dir='ltr'>Latinorum</span> <span class='ocrx_word' id='word_1_261' title='bbox 534 2274 796 2326; x_wconf 80' lang='lat' dir='ltr'>temporibus,</span> <span class='ocrx_word' id='word_1_262' title='bbox 820 2289 858 2313; x_wconf 86' lang='lat' dir='ltr'>v.</span> <span class='ocrx_word' id='word_1_263' title='bbox 883 2289 897 2313; x_wconf 81' lang='grc' dir='ltr'><strong>ι</strong></span> <span class='ocrx_word' id='word_1_264' title='bbox 921 2289 928 2313; x_wconf 94' lang='lat'><strong>:</strong></span> <span class='ocrx_word' id='word_1_265' title='bbox 1580 2262 1587 2273; x_wconf 54' lang='lat'><strong>⁹</strong></span> 
     </span>
    </p>

    <p class='ocr_par' dir='ltr' id='par_1_8' title="bbox 86 2337 1609 2905">
     <span class='ocr_line' id='line_1_30' title="bbox 242 2337 1248 2392; baseline 0.001 -15"><span class='ocrx_word' id='word_1_266' title='bbox 242 2337 335 2377; x_wconf 83' lang='grc' dir='ltr'>Ἀλλ’</span> <span class='ocrx_word' id='word_1_267' title='bbox 357 2338 419 2390; x_wconf 80' lang='grc' dir='ltr'>ἄγε</span> <span class='ocrx_word' id='word_1_268' title='bbox 438 2354 498 2391; x_wconf 85' lang='grc' dir='ltr'>μοι</span> <span class='ocrx_word' id='word_1_269' title='bbox 513 2339 698 2378; x_wconf 81' lang='grc' dir='ltr'>στονόεντα</span> <span class='ocrx_word' id='word_1_270' title='bbox 717 2339 840 2392; x_wconf 78' lang='grc' dir='ltr'>χρόνον</span> <span class='ocrx_word' id='word_1_271' title='bbox 857 2340 1001 2378; x_wconf 79' lang='grc' dir='ltr'>κλεινῶν</span> <span class='ocrx_word' id='word_1_272' title='bbox 1017 2354 1054 2378; x_wconf 75' lang='grc' dir='ltr'>τι</span> <span class='ocrx_word' id='word_1_273' title='bbox 1069 2339 1248 2386; x_wconf 82' lang='grc' dir='ltr'>Λατίνων,</span> 
     </span>
     <span class='ocr_line' id='line_1_31' title="bbox 87 2402 1555 2456; baseline 0.001 -16"><span class='ocrx_word' id='word_1_274' title='bbox 87 2410 125 2440; x_wconf 88' lang='lat' dir='ltr'>et</span> <span class='ocrx_word' id='word_1_275' title='bbox 148 2402 271 2453; x_wconf 83' lang='lat' dir='ltr'>palam</span> <span class='ocrx_word' id='word_1_276' title='bbox 303 2403 367 2440; x_wconf 92' lang='lat' dir='ltr'>illa</span> <span class='ocrx_word' id='word_1_277' title='bbox 390 2412 562 2455; x_wconf 83' lang='lat' dir='ltr'>tempora</span> <span class='ocrx_word' id='word_1_278' title='bbox 596 2404 771 2454; x_wconf 78' lang='lat' dir='ltr'>designat</span> <span class='ocrx_word' id='word_1_279' title='bbox 799 2414 809 2443; x_wconf 90' lang='lat'><strong>:</strong></span> <span class='ocrx_word' id='word_1_280' title='bbox 838 2417 975 2455; x_wconf 88' lang='lat' dir='ltr'>nempe</span> <span class='ocrx_word' id='word_1_281' title='bbox 1004 2412 1093 2455; x_wconf 86' lang='lat' dir='ltr'>post</span> <span class='ocrx_word' id='word_1_282' title='bbox 1124 2403 1443 2456; x_wconf 68' lang='lat' dir='ltr'>AEgypti.reges‚</span> <span class='ocrx_word' id='word_1_283' title='bbox 1477 2412 1555 2455; x_wconf 84' lang='lat' dir='ltr'>post</span> 
     </span>
     <span class='ocr_line' id='line_1_32' title="bbox 92 2466 1555 2520; baseline 0.002 -17"><span class='ocrx_word' id='word_1_284' title='bbox 92 2466 294 2505; x_wconf 77' lang='lat' dir='ltr'>Alexandri</span> <span class='ocrx_word' id='word_1_285' title='bbox 313 2468 625 2519; x_wconf 65' lang='lat' dir='ltr'>Macedoniaeque</span> <span class='ocrx_word' id='word_1_286' title='bbox 645 2481 824 2519; x_wconf 81' lang='lat' dir='ltr'>regnum,</span> <span class='ocrx_word' id='word_1_287' title='bbox 843 2477 974 2520; x_wconf 82' lang='lat' dir='ltr'>surget</span> <span class='ocrx_word' id='word_1_288' title='bbox 990 2482 1088 2506; x_wconf 89' lang='lat' dir='ltr'>nova</span> <span class='ocrx_word' id='word_1_289' title='bbox 1107 2482 1199 2519; x_wconf 85' lang='lat' dir='ltr'>gens</span> <span class='ocrx_word' id='word_1_290' title='bbox 1216 2482 1263 2507; x_wconf 82' lang='lat' dir='ltr'>ex</span> <span class='ocrx_word' id='word_1_291' title='bbox 1283 2469 1455 2509; x_wconf 83' lang='lat' dir='ltr'>Assaraci</span> <span class='ocrx_word' id='word_1_292' title='bbox 1476 2481 1555 2506; x_wconf 83' lang='lat' dir='ltr'>san-</span> 
     </span>
     <span class='ocr_line' id='line_1_33' title="bbox 89 2528 1609 2584; baseline 0.004 -18"><span class='ocrx_word' id='word_1_293' title='bbox 89 2528 223 2578; x_wconf 77' lang='lat' dir='ltr'>guine3</span> <span class='ocrx_word' id='word_1_294' title='bbox 261 2531 374 2577; x_wconf 90' lang='lat' dir='ltr'>unde,</span> <span class='ocrx_word' id='word_1_295' title='bbox 406 2540 494 2583; x_wconf 88' lang='lat' dir='ltr'>post</span> <span class='ocrx_word' id='word_1_296' title='bbox 519 2532 615 2570; x_wconf 89' lang='lat' dir='ltr'>dnos</span> <span class='ocrx_word' id='word_1_297' title='bbox 650 2533 749 2583; x_wconf 83' lang='lat' dir='ltr'>lupae</span> <span class='ocrx_word' id='word_1_298' title='bbox 779 2532 975 2579; x_wconf 86' lang='lat' dir='ltr'>alumnos,</span> <span class='ocrx_word' id='word_1_299' title='bbox 996 2533 1168 2583; x_wconf 85' lang='lat' dir='ltr'>aliosque</span> <span class='ocrx_word' id='word_1_300' title='bbox 1196 2534 1404 2571; x_wconf 87' lang='lat' dir='ltr'>mavortios</span> <span class='ocrx_word' id='word_1_301' title='bbox 1435 2544 1555 2582; x_wconf 70' lang='lat' dir='ltr'>reges»</span> <span class='ocrx_word' id='word_1_302' title='bbox 1603 2578 1609 2584; x_wconf 34' lang='lat'>¹</span> 
     </span>
     <span class='ocr_line' id='line_1_34' title="bbox 88 2595 1555 2648; baseline 0.001 -18"><span class='ocrx_word' id='word_1_303' title='bbox 88 2595 232 2645; x_wconf 90' lang='lat' dir='ltr'>primus</span> <span class='ocrx_word' id='word_1_304' title='bbox 251 2595 452 2646; x_wconf 84' lang='lat' dir='ltr'>imperium</span> <span class='ocrx_word' id='word_1_305' title='bbox 474 2605 664 2648; x_wconf 83' lang='lat' dir='ltr'>capesset,</span> <span class='ocrx_word' id='word_1_306' title='bbox 680 2615 697 2630; x_wconf 80' lang='grc' dir='ltr'>«ι</span> <span class='ocrx_word' id='word_1_307' title='bbox 714 2596 776 2634; x_wconf 88' lang='lat' dir='ltr'>cui</span> <span class='ocrx_word' id='word_1_308' title='bbox 792 2596 985 2634; x_wconf 87' lang='lat' dir='ltr'>vicenaria</span> <span class='ocrx_word' id='word_1_309' title='bbox 999 2610 1148 2635; x_wconf 89' lang='lat' dir='ltr'>summa</span> <span class='ocrx_word' id='word_1_310' title='bbox 1167 2597 1331 2635; x_wconf 88' lang='lat' dir='ltr'>nominis</span> <span class='ocrx_word' id='word_1_311' title='bbox 1348 2606 1416 2636; x_wconf 84' lang='lat' dir='ltr'>aut</span> <span class='ocrx_word' id='word_1_312' title='bbox 1435 2597 1555 2635; x_wconf 84' lang='lat' dir='ltr'>dena-</span> 
     </span>
     <span class='ocr_line' id='line_1_35' title="bbox 90 2658 1554 2712; baseline 0.001 -17"><span class='ocrx_word' id='word_1_313' title='bbox 90 2658 145 2695; x_wconf 88' lang='lat' dir='ltr'>ria</span> <span class='ocrx_word' id='word_1_314' title='bbox 168 2667 238 2707; x_wconf 86' lang='lat' dir='ltr'>est,</span> <span class='ocrx_word' id='word_1_315' title='bbox 252 2677 269 2692; x_wconf 78' lang='grc' dir='ltr'>ι</span> <span class='ocrx_word' id='word_1_316' title='bbox 285 2659 324 2697; x_wconf 90' lang='lat' dir='ltr'>id</span> <span class='ocrx_word' id='word_1_317' title='bbox 338 2669 408 2707; x_wconf 88' lang='lat' dir='ltr'>est,</span> <span class='ocrx_word' id='word_1_318' title='bbox 426 2661 553 2699; x_wconf 84' lang='lat' dir='ltr'>Julius</span> <span class='ocrx_word' id='word_1_319' title='bbox 574 2662 711 2709; x_wconf 80' lang='lat' dir='ltr'>Caesar,</span> <span class='ocrx_word' id='word_1_320' title='bbox 732 2675 845 2711; x_wconf 87' lang='lat' dir='ltr'>quem</span> <span class='ocrx_word' id='word_1_321' title='bbox 869 2661 954 2699; x_wconf 85' lang='lat' dir='ltr'>duae</span> <span class='ocrx_word' id='word_1_322' title='bbox 975 2663 1120 2712; x_wconf 79' lang='lat' dir='ltr'>paritet·</span> <span class='ocrx_word' id='word_1_323' title='bbox 1147 2662 1267 2700; x_wconf 88' lang='lat' dir='ltr'>literae</span> <span class='ocrx_word' id='word_1_324' title='bbox 1295 2664 1326 2701; x_wconf 86' lang='grc' dir='ltr'>Κ</span> <span class='ocrx_word' id='word_1_325' title='bbox 1346 2671 1382 2701; x_wconf 87' lang='lat' dir='ltr'>et</span> <span class='ocrx_word' id='word_1_326' title='bbox 1403 2663 1419 2701; x_wconf 85' lang='lat'>1</span> <span class='ocrx_word' id='word_1_327' title='bbox 1441 2672 1554 2712; x_wconf 78' lang='lat' dir='ltr'>graece</span> 
     </span>
     <span class='ocr_line' id='line_1_36' title="bbox 86 2721 1555 2777; baseline 0 -18"><span class='ocrx_word' id='word_1_328' title='bbox 86 2721 369 2771; x_wconf 79' lang='lat' dir='ltr'>demonstrant3</span> <span class='ocrx_word' id='word_1_329' title='bbox 388 2733 424 2762; x_wconf 89' lang='lat' dir='ltr'>et</span> <span class='ocrx_word' id='word_1_330' title='bbox 444 2724 497 2762; x_wconf 86' lang='lat' dir='ltr'>sic</span> <span class='ocrx_word' id='word_1_331' title='bbox 523 2725 703 2776; x_wconf 83' lang='lat' dir='ltr'>deinceps</span> <span class='ocrx_word' id='word_1_332' title='bbox 722 2724 804 2776; x_wconf 88' lang='lat' dir='ltr'>ejus</span> <span class='ocrx_word' id='word_1_333' title='bbox 824 2738 1061 2764; x_wconf 81' lang='lat' dir='ltr'>successores</span> <span class='ocrx_word' id='word_1_334' title='bbox 1082 2726 1213 2777; x_wconf 83' lang='lat' dir='ltr'>primis</span> <span class='ocrx_word' id='word_1_335' title='bbox 1231 2726 1426 2764; x_wconf 88' lang='lat' dir='ltr'>nominum</span> <span class='ocrx_word' id='word_1_336' title='bbox 1441 2723 1555 2764; x_wconf 84' lang='lat' dir='ltr'>literis</span> 
     </span>
     <span class='ocr_line' id='line_1_37' title="bbox 86 2787 1554 2842; baseline 0.002 -17"><span class='ocrx_word' id='word_1_337' title='bbox 86 2787 491 2836; x_wconf 82' lang='lat' dir='ltr'>indicantur‚Roniani</span> <span class='ocrx_word' id='word_1_338' title='bbox 522 2788 658 2840; x_wconf 81' lang='lat' dir='ltr'>n&#39;empe</span> <span class='ocrx_word' id='word_1_339' title='bbox 688 2789 934 2840; x_wconf 83' lang='lat' dir='ltr'>imperatores</span> <span class='ocrx_word' id='word_1_340' title='bbox 962 2803 1121 2828; x_wconf 88' lang='lat' dir='ltr'>numero</span> <span class='ocrx_word' id='word_1_341' title='bbox 1149 2791 1390 2842; x_wconf 75' lang='lat' dir='ltr'>quindecim,</span> <span class='ocrx_word' id='word_1_342' title='bbox 1410 2806 1431 2828; x_wconf 84' lang='lat' dir='ltr'>a</span> <span class='ocrx_word' id='word_1_343' title='bbox 1456 2789 1554 2828; x_wconf 73' lang='lat' dir='ltr'>Julio</span> 
     </span>
     <span class='ocr_line' id='line_1_38' title="bbox 87 2852 1553 2905; baseline 0 -15"><span class='ocrx_word' id='word_1_344' title='bbox 87 2852 234 2892; x_wconf 75' lang='lat' dir='ltr'>(Iaesare</span> <span class='ocrx_word' id='word_1_345' title='bbox 248 2853 295 2892; x_wconf 88' lang='lat' dir='ltr'>ad</span> <span class='ocrx_word' id='word_1_346' title='bbox 315 2863 391 2893; x_wconf 80' lang='lat' dir='ltr'>tres</span> <span class='ocrx_word' id='word_1_347' title='bbox 409 2863 625 2905; x_wconf 78' lang='lat' dir='ltr'>usquepost</span> <span class='ocrx_word' id='word_1_348' title='bbox 645 2853 873 2893; x_wconf 78' lang='lat' dir='ltr'>Hadrianum</span> <span class='ocrx_word' id='word_1_349' title='bbox 891 2863 1118 2905; x_wconf 80' lang='lat' dir='ltr'>regnaturos</span> <span class='ocrx_word' id='word_1_350' title='bbox 1141 2856 1368 2905; x_wconf 65' lang='lat' dir='ltr'>(Antoninos</span> <span class='ocrx_word' id='word_1_351' title='bbox 1385 2853 1553 2901; x_wconf 83' lang='lat' dir='ltr'>seilicet),</span> 
     </span>
    </p>
   </div>
  </div>
 </body>
</html>
