1752 3495
135 243 196 286 86
513 241 592 285 AD
627 241 677 285 SI
688 242 977 288 BYLLINOS
1011 241 1218 288 LlBROS

184 338 234 375 At
254 335 315 373 vix
334 335 508 386 cuiquam
525 335 605 374 sive
621 337 756 374 Graeco
775 337 853 375 sive
866 337 999 375 Judaeo
1018 335 1245 389 graecissanti
1266 335 1393 372 venire
1413 334 1536 388 potu-it
1551 334 1588 371 in

135 409 318 447 mentem,
334 408 374 437 ut
390 399 554 451 reginam
575 400 691 448 Saba,
712 401 799 439 solis
821 401 988 441 llcbraeis
1003 410 1111 440 antea
1130 410 1269 445 notam,
1289 399 1365 437 huc
1383 398 1588 436 adduceret

132 472 170 502 et
189 477 273 502 cum
294 463 470 502 Chaldaea
485 464 752 512 confunderet,
770 465 841 503 nisi
868 466 958 516 quid
984 467 1090 517 prius
1103 465 1151 503 de
1168 463 1345 503 Chaldaea
1360 463 1505 514 Sibylla
1523 476 1588 500 au-

130 530 291 570 diverat.
328 531 439 568 Prior
466 530 582 582 igitur
607 539 685 568 toto
706 531 769 567 illo
798 541 1012 568 commento
1041 532 1112 568 suit
1145 529 1329 569 Chaldaeae
1349 529 1446 566 vatis
1469 529 1588 576 sama,

93 641 99 649 .
130 607 241 645 quam
259 595 402 633 referre
423 609 496 633 non
513 595 727 634 dubitamus
747 594 791 632 ad
811 595 1083 645 Sibyllinorum
1104 603 1318 632 nostrorum
1342 602 1468 645 partes
1490 593 1590 630 anti-

130 659 344 709 quissimas,
364 660 400 697 in
421 660 559 711 quibus
570 660 692 711 palam
705 659 850 709 Sibylla
867 661 1039 712 sescipsa
1054 661 1236 706 nominat,
1251 659 1318 697 lib.
1339 659 1405 704 lll,
1427 671 1462 696 ν.
1478 660 1549 701 8ι1.
1577 671 1586 695 :

547 724 705 770 ψήσουσι
723 723 911 766 Σίὸυλλαν,
1238 774 1242 779 ἢ

128 796 167 828 et
190 787 382 838 Babylone
400 788 551 840 quidem
578 789 784 838 prosc-ctam
805 801 844 826 se
863 788 1052 833 declarat,
1073 788 1163 826 ibid.
1184 802 1220 826 v.
1238 788 1335 837 808,
1355 800 1430 837 sq.:

339 855 461 890 Ταῦτα
480 852 541 902 μὲν
559 850 739 903 Ἀσσυρίης
758 851 964 894 Βαὸυλῶνος
982 851 1099 902 τείχεα
1121 850 1237 902 μακρὰ

335 921 573 973 ()ἶστρομανὴς
589 922 806 972 προλιποῦσα
817 950 826 967 ,

126 1000 242 1037 quum
275 986 378 1037 prius
405 984 641 1023 Chaldaicam
663 985 822 1023 simulet
845 984 1068 1022 Hebraicam
1093 985 1277 1035 originem
1298 984 1369 1021 sibi
1390 982 1586 1021 attribuis—

129 1059 196 1098 set,
214 1063 249 1087 v.
276 1052 363 1096 218,
381 1062 440 1099 sq.
463 1063 472 1088 τ

334 1113 438 1152 Ἔστι
456 1113 554 1158 πόλις
558 1142 634 1154 .....
661 1115 750 1152 κατὰ
769 1114 889 1166 χθονὸς
905 1112 983 1166 obp
999 1112 1204 1159 Χαλδαίων,

335 1177 393 1222 Ἐξ
416 1172 458 1223 ἧς
478 1191 535 1228 μοι
559 1178 655 1229 γένος
677 1178 771 1223 ἐστί,
791 1194 826 1216 κ.
842 1193 878 1216 τ.
899 1179 931 1215 λ.

128 1244 221 1281 Vera
255 1243 353 1281 enim
381 1242 531 1280 videtur
557 1243 670 1280 lectio
693 1241 754 1286 Ἐξ
779 1237 820 1290 ἧς
849 1257 929 1293 μοι,
964 1242 1001 1279 in
1035 1241 1189 1292 optimis
1211 1240 1323 1278 codd.
1346 1248 1525 1278 constans
1552 1247 1589 1276 ct

128 1308 240 1358 vulgo
258 1307 297 1344 in
319 1306 404 1345 cdd.
432 1315 597 1358 recepta.
623 1309 695 1345 aut
715 1307 859 1344 etlamsi
880 1320 965 1344 cum
986 1306 1214 1356 quibusdam
1239 1305 1350 1342 codd.
1369 1305 1493 1356 legere
1511 1317 1588 1341 ma-

126 1373 182 1418 lis,
203 1360 326 1417 'ER-X<
345 1370 386 1418 δὴ
411 1370 504 1421 γένος
524 1372 618 1420 ἐστὶ,
637 1387 670 1409 κ.
697 1387 728 1409 τ.
752 1372 807 1420 λ.,
826 1379 949 1408 tamen
971 1371 1010 1408 in
1030 1379 1110 1408 toto
1124 1370 1240 1407 'tertio
1259 1369 1373 1418 libro,
1398 1383 1461 1407 seu
1484 1377 1590 1407 certe

125 1435 404 1487 antiquioribus
422 1435 503 1486 ejus
529 1435 718 1486 partibus,
738 1439 757 1482 ς
776 1449 797 1472 2
815 1443 852 1472 ct
871 1441 890 1480 l.
905 1464 916 1482 ,
943 1443 1016 1472 tam
1037 1447 1137 1485 saepe
1157 1442 1339 1484 tantoque
1357 1433 1509 1484 pietatis
1533 1433 1591 1470 as-

126 1501 223 1539 sectu
253 1503 299 1541 de
320 1503 566 1541 Ilcbraeorum
601 1504 685 1541 satis
705 1504 841 1555 agitur,
873 1512 912 1540 ut
944 1516 1056 1540 nemo
1080 1502 1303 1539 llebra'icam
1329 1515 1482 1539 manum
1510 1513 1587 1537 non

125 1567 250 1604 statim
269 1567 538 1618 deprehendat.
562 1568 656 1606 Hinc
673 1582 748 1605 non
769 1567 908 1605 erravit
923 1567 1096 1617 quisquis
1116 1566 1242 1605 Suidae
1264 1567 1423 1616 aliisque
1447 1565 1590 1616 primus

125 1638 257 1668 auctor
289 1631 361 1669 suit
388 1632 577 1670 scribendi
609 1632 824 1670 Clialdaeam
852 1631 1034 1682 Sibyllam
1058 1631 1229 1668 eamdem
1260 1644 1339 1668 esse
1373 1639 1485 1680 atquc
1508 1631 1588 1667 lle-

125 1693 279 1735 braeam.
307 1698 452 1734 Erravit
476 1705 618 1734 tautum
644 1698 708 1747 qui
730 1710 809 1734 cam
831 1711 916 1735 cum
950 1697 1099 1735 Persica
1127 1695 1307 1732 Varronis
1337 1704 1375 1732 et
1406 1695 1587 1732 Lactantii

124 1759 368 1798 commiscere
394 1761 538 1812 primus
558 1761 630 1799 sibi
650 1762 686 1799 iu
708 1762 875 1816 animum
900 1760 1060 1800 induxit.

176 1825 288 1863 Aliud
319 1838 410 1863 vcro
443 1826 668 1877 graviusque
696 1827 837 1863 erravit
865 1825 1015 1872 Suidas,
1050 1823 1156 1875 cujus
1176 1823 1281 1862 locus
1302 1837 1414 1875 supra
1438 1839 1458 1861 a
1479 1823 1590 1862 nubis

123 1888 343 1928 decurtatus
377 1890 527 1941 plenior
561 1904 661 1928 nunc
689 1889 907 1928 asserendus
937 1898 994 1927 est
1024 1901 1035 1929 :
1064 1887 1220 1929 Σίὸυλλα
1258 1887 1439 1934 Χαλδαῖοι,
1476 1890 1498 1935 ἡ
1530 1887 1589 1926 καὶ

123 1952 207 2006 πρός
223 1969 323 1992 τινων
341 1953 491 2006 Ἕὸραία
522 1953 780 2005 ὀνομαζομένη,
801 1958 823 2002 ἡ
851 1954 909 1992 καὶ
930 1953 1080 2004 Περσὶς,
1102 1957 1124 2001 ἠ
1143 1949 1251 2005 κὐρίῳ
1280 1952 1427 2002 ὀνόματι
1458 1953 1588 1990 καλου-

126 2017 211 2068 μένη
239 2018 435 2069 Σαμὸήθη,
464 2020 502 2057 ἐκ
525 2023 586 2058 τοῦ
615 2019 733 2070 γένους
763 2022 822 2058 τοῦ
854 2018 1122 2071 μακαριωτάτου
1145 2020 1239 2057 Mm-
1265 2021 1287 2063 ἠ
1310 2017 1388 2068 περὶ
1412 2018 1478 2054 τῶν
1502 2015 1590 2054 κατὰ

124 2080 338 2137 Ἀλέξανδρον
359 2084 415 2123 τὸν
434 2084 620 2123 Μακεδόνα
650 2083 844 2134 λεγομένων
869 2089 1114 2137 προειρηκυῖα,
1136 2079 1178 2130 ἧς
1199 2081 1406 2134 μνημονεύει
1426 2082 1589 2135 Νικάνωρ

125 2147 144 2183 ὁ
163 2146 220 2185 τὸν
234 2146 451 2200 Ἀλεξάνδρου
476 2148 548 2199 βίον
567 2148 766 2200 ἱστορήσας·
786 2151 807 2194 ἡ
829 2149 907 2199 περὶ
929 2153 987 2185 τοῦ
1006 2147 1173 2185 δεσπότου
1200 2147 1350 2200 Χριστοῦ
1370 2147 1474 2199 μυρία
1498 2161 1586 2199 προ-

126 2211 315 2249 θεσπίσασα
346 2212 405 2250 καὶ
425 2215 484 2259 τῆς
510 2213 612 2250 αὐτοῦ
632 2211 832 2264 παρουσίας.
854 2211 956 2250 Ἀλλὰ
979 2212 1037 2249 καὶ
1059 2213 1093 2249 αἱ
1113 2211 1232 2266 λοιπαὶ
1263 2208 1463 2264 συνᾴδουσιν
1482 2210 1589 2262 αὐτῇ,

125 2272 216 2320 πλὴν
241 2274 292 2312 ὅτι
313 2276 438 2323 ταύτης
462 2276 527 2314 εἰσὶ
551 2276 668 2326 βιὸλία
695 2277 746 2314 κδ’
765 2276 842 2329 περὶ
869 2276 996 2318 παντὸς
1021 2276 1132 2319 ἔθνους
1155 2274 1213 2313 καὶ
1230 2275 1344 2327 χώρας
1369 2274 1586 2327 περιέχοντα.

128 2339 167 2377 ln
194 2340 250 2377 his
269 2353 471 2389 agnoscere
491 2340 569 2391 jam
593 2349 628 2378 ct
648 2341 877 2391 distinguere
905 2354 1105 2392 possumus
1133 2340 1218 2377 hinc
1244 2353 1327 2391 quae
1352 2339 1586 2377 Varroni-ana

125 2417 189 2442 seu
218 2405 460 2442 Lactantiana
481 2414 588 2451 sunt,
619 2419 754 2456 nempe
772 2409 793 2452 ἢ
814 2404 872 2443 καὶ
894 2406 1066 2458 Περσίς...
1097 2399 1136 2451 ἧς
1166 2403 1373 2455 μνημονεύει
1405 2403 1587 2454 Νικάνωρ,

124 2483 158 2507 κ.
175 2484 209 2509 τ.
229 2469 280 2514 λ.;
301 2469 402 2506 illinc
418 2483 503 2519 quae
522 2485 564 2508 ex
587 2470 802 2508 Alexandro
824 2470 1065 2519 Polyliistore
1085 2471 1139 2507 vel
1159 2470 1232 2507 alio
1253 2469 1385 2520 gentili
1402 2469 1589 2519 scriptore

126 2543 395 2580 manaverunt,
413 2537 434 2580 ἡ
460 2534 518 2572 καὶ
542 2533 625 2587 πρός
648 2551 750 2572 τινων
785 2534 938 2587 Ἱίὅραία
965 2533 1250 2584 ὀνομαζομένη...
1273 2537 1295 2580 ἧ
1316 2533 1424 2585 κυρίῳ
1444 2532 1588 2582 ὀνόματι

124 2598 322 2650 καλουμένη
343 2598 528 2650 Σαμῧήθη.
549 2599 620 2637 Sed
650 2614 657 2638 :
681 2601 719 2637 ἐκ
746 2603 807 2637 τοῦ
823 2598 938 2648 γένους
963 2603 1020 2636 τοῦ
1041 2591 1308 2651 μακαριωτάτου
1328 2600 1408 2638 Νῶε
1426 2627 1435 2644 ,
1455 2601 1477 2643 ἡ
1504 2598 1586 2650 περὶ

121 2665 189 2700 τῶν
215 2662 303 2700 κατὰ
333 2662 550 2716 Ἀλέξανδρον
581 2664 638 2701 τὸν
669 2663 855 2702 Μακεδόνα
873 2663 1067 2714 λεγομένων
1093 2664 1170 2715 [alii
1194 2663 1396 2714 λεγόμενον]
1416 2677 1584 2715 προειρη-

122 2732 215 2774 κυῑα,
235 2728 366 2778 procul
384 2728 538 2766 aliunde
563 2729 731 2779 prosecta
751 2737 852 2774 sunt,
874 2741 1009 2778 nempe
1027 2742 1072 2765 cx
1089 2728 1278 2778 Anonymi
1297 2727 1522 2778 praefatione
1538 2728 1585 2765 ad

121 2791 327 2842 Sibyllina,
359 2792 462 2842 quod
494 2801 529 2829 ct
560 2793 705 2843 plenius
748 2793 1071 2830 demonstrabitur
1109 2793 1144 2830 in
1178 2793 1347 2830 Excursu
1384 2800 1515 2829 nostro
1542 2792 1584 2828 V.

125 2857 210 2894 llaec
230 2870 319 2894 vero
338 2859 360 2902 ἡ
383 2855 461 2908 περὶ
491 2860 549 2894 τοῦ
565 2857 696 2909 κυρίου,
722 2872 752 2894 κ.
782 2872 816 2896 τ.
841 2858 888 2902 λ.,
911 2870 987 2894 non
1013 2870 1057 2894 cx
1082 2857 1315 2906 piwlatione,
1347 2855 1408 2893 scd
1430 2869 1477 2893 cx
1503 2856 1584 2906 ipsa

125 2920 337 2968 procedunt
365 2920 637 2969 Sibyllinorum
668 2920 852 2959 librorum
884 2921 1066 2966 lectione,
1102 2920 1165 2968 qui
1193 2921 1328 2970 partim
1350 2920 1397 2956 de
1423 2920 1583 2956 adventu
