1686 3500
616 213 927 260 Excuasus
961 215 1076 260 v.·÷·
1174 238 1176 242 ‚
1377 266 1385 277 ,
1472 217 1565 264 415

139 312 339 354 Credimus
356 325 450 364 ergo
474 310 588 363 hujtts
606 312 747 364 epilogi
770 311 869 351 hanc
889 320 1058 364 partem,
1079 313 1306 353 sicut'iuitia
1325 313 1498 366 ejusdem
1514 315 1566 353 ti·-

89 380 168 429 bri,
191 377 371 430 scriptam
400 389 482 415 esse
510 375 560 415 ab
588 369 843 428 epitomatore
878 376 1068 416 librorum
1095 378 1111 418 Ι
1138 372 1177 418 et
1205 379 1262 426 ll,
1281 392 1358 418 non
1389 378 1439 419 ab
1463 379 1565 419 anti·

88 442 279 496 quissimov
300 441 496 494 Sibyllista
525 441 741 480 Ptolemaeis
771 442 951 493 suppari,
968 454 1094 494 neque
1114 441 1163 480 ab
1187 443 1266 484 ullo
1285 443 1566 495 Sibyllistarum

87 507 158 547 sub
175 506 379 546 Antoninis
395 514 462 544 aut
482 505 595 543 tertio
615 514 703 558 post
719 505 915 545 Christum
936 507 1077 545 saeculo
1089 536 1100 555 ,
1122 506 1189 545 sed
1207 506 1401 558 aliquanto
1419 509 1564 557 serius,

89 582 166 612 tum
183 585 301 624 quum
319 575 422 623 ipsa,
441 585 516 624 qua
538 585 642 611 nunc
668 571 853 620 fruimur,
876 570 1351 622 Sibyllinorum'collectio
1370 573 1467 612 facta
1485 581 1565 612 est:

86 636 242 689 quando
262 645 388 675 autem
400 664 410 684 ‚
427 635 519 674 alibi
533 636 771 675 commodius
787 636 1041 688 inquiremus,
1537 648 1539 651 ’

781 769 868 780 ——uu-

296 922 298 929 Ι
356 864 471 904 εΑΡ.
493 864 595 904 xm.
615 866 673 901 De
693 863 797 902 tibris
814 866 1159 914 X1,X11,X111,
1176 866 1291 906 XIV.
1327 915 1331 922 .

139 983 195 1021 De
211 989 378 1034 quatuor
394 982 539 1021 ultimis
553 980 754 1035 Sibyllinis
769 981 879 1021 libris
895 982 1000 1020 nulla
1013 981 1073 1020 dis
1073 980 1182 1021 licilis
1197 981 1459 1022 controversia
1474 970 1571 1024 oriri

86 1056 222 1100 potest.
248 1048 275 1086 ti
302 1047 370 1086 diu
386 1047 505 1100 ignoti
526 1047 731 1095 latuerant,
750 1061 867 1099 quum
885 1047 989 1086 haud
1006 1047 1059 1086 ita
1077 1046 1229 1099 pridem
1248 1047 1298 1086 ab
1313 1044 1569 1087 illustrissimo

85 1113 272 1154 cardinali
300 1116 345 1154 Α.
365 1114 469 1153 Maio
490 1114 631 1166 reperti
651 1122 740 1154 sunt
760 1122 797 1153 et
816 1113 854 1152 in
877 1113 1001 1152 lucem
1021 1112 1185 1166 prolati,
1203 1126 1341 1166 nempe
1368 1113 1465 1153 liber
1482 1110 1570 1154 xlv

84 1192 186 1217 anno
210 1179 321 1225 1817,
351 1192 399 1216 ex
426 1178 681 1217 Ambrosiano
709 1178 862 1225 codice,
893 1186 931 1216 et
959 1177 1063 1216 idem
1084 1190 1171 1216 cum
1196 1177 1320 1216 tribus
1347 1177 1570 1230 prioribus,

85 1257 185 1283 anno
208 1244 319 1292 1828,
340 1258 361 1283 e
379 1243 574 1283 Vaticanis
591 1243 745 1283 chartis,
766 1244 843 1282 Nos
862 1242 1036 1294 eosdem,
1049 1242 1088 1280 in
1101 1241 1235 1281 codice
1252 1242 1484 1282 Monacense
1503 1255 1570 1282 re-

85 1316 238 1360 pertos,
257 1320 345 1346 cum
364 1306 619 1347 Ambrosiam
636 1316 673 1346 ct
693 1304 877 1346 Vaticana
903 1306 1068 1345 lectione
1095 1306 1298 1357 diligenter
1317 1306 1566 1348 contulimus.

83 1373 179 1412 Sunt
202 1381 342 1420 autem,
373 1375 451 1412 sive
472 1373 590 1423 stylo,
610 1374 693 1411 sive
714 1381 859 1420 metro,
874 1372 956 1410 sive
985 1370 1099 1410 rebus
1119 1372 1377 1420 aestimentur,
1397 1371 1569 1410 omnium

82 1437 358 1488 Sibyllinorum
379 1438 502 1476 ultimi
521 1446 637 1490 atque
663 1437 806 1485 infimi3
827 1445 1014 1488 praeterea
1046 1436 1149 1488 pleni
1173 1444 1263 1474 sunt
1283 1444 1499 1475 ceterorum
1518 1435 1567 1475 li-

82 1502 241 1542 brorum
260 1503 486 1555 fragmentis
502 1517 605 1541 nunc
627 1503 792 1555 turpiter
816 1503 1042 1555 exscriptis,
1061 1515 1164 1540 nunc
1191 1501 1399 1551 mutilatis,
1416 1501 1571 1541 adulte-

83 1568 194 1614 ratis,
215 1568 313 1606 male
332 1568 556 1617 intellectis,
578 1569 682 1606 omni
709 1567 825 1606 modo
845 1568 1014 1615 vexati53
1036 1567 1187 1619 indigni
1214 1567 1382 1620 denique
1409 1567 1477 1618 qui
1509 1568 1569 1608 vel

83 1647 169 1672 cum
198 1634 372 1685 pessimis
399 1633 569 1686 ejusdem
590 1634 743 1672 famitiae
772 1641 1060 1685 comparentur,
1086 1632 1188 1671 unde
1204 1632 1245 1671 iit
1264 1641 1305 1671 ut
1327 1646 1350 1672 a
1367 1632 1475 1671 nullo
1502 1646 1569 1673 ve-

85 1707 205 1737 terum
224 1699 384 1738 Patrum
412 1700 516 1738 citati
537 1713 709 1751 uuquam
741 1698 906 1746 suerint,
927 1707 1105 1749 tanquam
1135 1698 1285 1750 pudore
1308 1697 1476 1751 quodam
1496 1698 1567 1737 im·

83 1763 283 1816 pediente‚
305 1777 349 1802 ac
379 1764 542 1803 sortasse
568 1778 645 1803 non
666 1777 803 1816 parum
833 1762 1073 1802 contulerint
1100 1763 1149 1801 ad
1171 1762 1462 1802 convellendam
1485 1762 1565 1817 jam

82 1828 153 1867 illis
173 1828 413 1881 temporibus
430 1829 672 1868 imminutam
691 1828 926 1881 Sibyllarum
940 1828 1222 1868 auctoritatem.

133 1892 250 1933 Liber
269 1894 493 1933 undecimus
509 1908 714 1947 regnorum
728 1903 766 1934 et
781 1894 1017 1946 populorum
1033 1893 1233 1934 historiam
1255 1892 1429 1932 decurrit
1441 1907 1571 1952 usque·

82 1958 127 1997 ad
147 1959 315 2011 AEgyptii
333 1959 463 2011 regni,
481 1959 669 1998 exstincta
685 1959 908 2011 Cleopatra,
928 1959 1057 1998 finem.

133 2023 250 2062 Liber
262 2024 512 2064 duodecimus
527 2025 719 2063 Romanos
732 2032 906 2063 recenset
921 2024 1178 2074 imperatores
1195 2021 1244 2061 ab
1258 2002 1432 2075 Augusto
1445 2036 1567 2075 usque

83 2088 128 2128 ad
148 2088 356 2127 Alexandri
375 2089 510 2129 Severi
531 2089 691 2129 exitum.
1179 2128 1183 2132 ,

132 2153 249 2193 Liber
268 2154 404 2193 tertius
422 2154 592 2193 decimus
615 2154 664 2194 ab
681 2153 890 2193 Alexandri
908 2152 1040 2193 Severi
1061 2152 1168 2191 exitu
1187 2151 1363 2205 procedit
1380 2132 1506 2205 usque
1516 2153 1565 2192 ad

83 2218 244 2257 Odenati
261 2232 435 2271 regnum,
455 2220 517 2258 cui
538 2228 642 2258 vates
666 2218 858 2258 incolume
879 2231 1038 2269 regnum
1058 2231 1145 2256 cum
1172 2217 1376 2256 Persarum
1396 2218 1566 2270 pernicie

84 2283 300 2334 pollicetur,
322 2297 360 2321 v.
383 2297 470 2332 170,
490 2298 546 2337 sq.
567 2299 575 2323 ε

239 2347 351 2392 Αὐτὸς
365 2347 407 2396 δὴ
430 2347 637 2402 ὁλόκληρος,
657 2347 839 2395 ἀλώὸητος
857 2346 915 2386 καὶ
931 2348 1109 2395 ἄπληστος
1122 2376 1133 2394 ,

239 2411 354 2464 ’Apin
371 2411 561 2465 Ῥωμαίων
574 2428 582 2436 ·
598 2412 735 2467 Πέρσαι
752 2414 779 2450 δ’
797 2412 930 2451 ἔσσοντ’
949 2410 1157 2450 ἀλαπαδνοί.

136 2476 250 2516 Liber
271 2486 432 2529 quartus
453 2478 624 2516 decimus
641 2477 776 2529 incipit
798 2477 848 2515 ab
865 2476 1029 2516 Odenati
1049 2476 1208 2528 ejusque
1227 2475 1417 2515 sociorum
1436 2477 1566 2534 ‘victo-

87 2542 155 2592 ria,
172 2543 320 2594 Sapore
340 2543 484 2582 scilicet
508 2552 546 2582 et
570 2545 697 2583 Persis
716 2557 764 2582 ex
784 2557 877 2595 agro
903 2542 1078 2581 nomano
1103 2541 1253 2593 rejectis
1269 2557 1288 2581 ε,
1310 2550 1391 2580 tum
1410 2541 1458 2581 ad
1484 2542 1566 2594 eius
1603 2552 1605 2554 '

86 2619 213 2646 necem
232 2608 461 2660 ignavorum
479 2609 622 2648 scelere
643 2617 829 2659 patratam
853 2607 1010 2658 oblique
1035 2606 1256 2659 respicitur;
1275 2606 1464 2660 innuique
1477 2617 1566 2661 post

85 2672 188 2712 illum
204 2675 370 2720 videtur,
386 2675 452 2713 sed
465 2674 628 2714 obscure
638 2684 676 2713 et
686 2674 818 2723 dubie,
836 2676 1024 2713 Aureolus
1047 2674 1239 2725 princeps,
1257 2687 1371 2725 quem
1389 2674 1564 2714 Gallieno
1626 2698 1636 2711 .

87 2741 345 2779 successurum
366 2741 527 2779 sortasse
547 2740 620 2779 sibi
637 2739 806 2792 fingebat
823 2741 973 2788 Noster,
995 2738 1202 2779 Aureliano
1221 2739 1392 2778 nondum
1411 2739 1460 2778 ad
1479 2740 1565 2792 api·
1627 2787 1633 2793 ι

86 2814 162 2840 cem
180 2817 309 2842 rerum
329 2813 473 2844 evecto.
494 2806 622 2857 Longa
644 2814 777 2857 postea
796 2805 1057 2844 Romanorum
1078 2804 1297 2856 principum
1318 2804 1433 2844 series
1451 2805 1561 2844 evol·

87 2868 211 2916 vitur,
232 2869 298 2907 sed
329 2869 409 2921 jam
440 2883 598 2920 prorsus
623 2871 718 2909 vatis
756 2871 917 2909 arbitrio
943 2871 1211 2909 confictorum.
1248 2864 1342 2909 Nam
1377 2869 1562 2909 hactenus

90 2944 184 2971 unus
203 2934 366 2985 quisque
398 2935 611 2986 imperator
638 2935 763 2987 prima
795 2935 962 2974 nominis
992 2935 1099 2973 litera
1127 2934 1236 2973 facile
1259 2933 1562 2986 agnoscebatur3
