1752 3495
596 158 899 205 Exculzstjs
934 157 1011 202 lll.
1441 164 1529 210 197

88 266 201 310 2263,
230 262 265 298 in
295 258 453 310 epistola
484 258 646 308 qumlam
671 258 859 298 XVvirmn
880 256 1035 294 nomine
1062 256 1230 307 scripta,
1260 258 1428 300 clausula
1453 239 1555 304 liaec'

90 330 184 371 valde
198 324 373 365 notabilis
388 322 577 362 occurrit:
598 341 613 357 ιι
631 322 792 361 Pontius
808 323 950 360 Gavius
967 321 1151 360 Maximus
1167 335 1239 374 pro
1257 326 1436 376 magistro
1450 327 1539 365 sub-

90 417 102 431 ,
119 392 240 444 scripsi
263 407 289 429 ».
308 388 437 427 Talem
461 387 610 438 collegii
637 388 854 439 inagistrum
879 387 993 423 fuisse
1014 386 1269 425 existimamus
1289 389 1333 435 Q.
1354 391 1537 432 Marcium

91 458 316 508 philippum,
342 452 531 490 XVvirum
559 453 596 490 S.
625 451 666 498 F,
687 452 772 501 qui,
793 464 894 488 anno
922 450 1034 510 lli-bis
1053 451 1217 489 conditae
1245 465 1394 501 nnxxx,
1423 456 1541 495 verba

92 522 235 578 praeibnt
250 518 327 556 voti
347 515 499 568 publice
518 515 760 567 concipiendi
780 514 883 566 apud
901 515 984 552 Liv.
1009 514 1106 561 XLI,
1127 515 1147 564 S
1168 528 1230 560 αι,
1251 524 1290 554 et
1309 518 1540 570 quicumque

92 588 175 627 alius
196 583 256 622 tali
277 581 404 618 officio
424 581 462 618 in
484 594 526 618 re
546 580 658 618 simili
684 579 885 617 defunctus
903 587 960 616 est
977 579 1094 628 (conf.
1117 579 1216 617 Livii
1236 579 1362 632 intpp.
1377 582 1424 620 ad
1445 583 1481 620 h.
1502 583 1541 633 1,)
1590 601 1593 605 -

94 653 169 692 lllos
194 660 281 684 vero
309 645 376 696 qui
406 644 573 695 magistri
601 643 768 682 absentis
799 643 901 680 vices
929 650 1125 692 gererent,
1153 643 1358 694 aliquando
1386 646 1545 685 honoris

95 727 191 755 causa
210 710 404 761 magistros
427 710 542 747 fuisse
557 708 679 746 dictos
698 715 886 746 testantur
904 707 1002 746 Fasti
1022 707 1241 758 Capitolini,
1259 709 1324 759 qni
1347 709 1455 749 ludos
1477 725 1546 750 sae-

96 780 223 818 culares
250 774 398 821 tertios,
431 774 531 811 inter
561 786 681 810 annos
713 786 763 810 nx
789 781 827 810 et
860 784 957 818 nxx,
990 772 1109 810 factos
1140 771 1279 811 docent
1305 792 1320 807 a
1341 775 1546 814 M'AEmilio

98 847 138 886 Μ’
155 845 176 882 f.
199 844 244 881 M.
269 840 377 879 Livio
398 841 450 881 Μ.
476 841 499 878 f.
529 841 579 880 M.
603 853 639 876 n.
667 839 905 888 Salinatore,
928 852 1028 890 mag.
1054 839 1161 878 Xvir.
1183 856 1198 872 υ
1228 839 1390 886 Quintos
1419 848 1546 879 autem

100 930 112 945 a
130 911 215 959 Imp.
244 906 388 943 Caesare
416 905 506 942 Divi
535 904 563 942 f.
595 906 786 954 AugustO.
818 903 860 941 C.
888 903 1022 942 Sentio
1048 902 1092 943 C.
1128 903 1154 942 f.
1183 903 1227 948 .C.
1261 916 1297 941 n.
1324 904 1547 957 Saturnino.

101 994 113 1008 ι
130 974 165 1012 C.
183 969 336 1009 Claudio
357 969 407 1007 M.
432 969 457 1006 s.
479 970 530 1008 Μ.
557 982 593 1005 n.
615 967 806 1006 Marcello.
831 967 884 1007 M.
909 968 1012 1005 Fulio
1033 967 1085 1007 M.
1108 967 1134 1006 f.
1159 967 1344 1018 Sti-igone.
1365 968 1412 1006 D.
1437 969 1553 1007 Laelio

102 1040 140 1077 l).
160 1037 180 1075 f.
196 1037 237 1073 l).
255 1048 290 1071 n.
311 1027 447 1082 Balbo,
476 1045 574 1082 mag.
593 1031 729 1070 XVvir.
747 1048 763 1064 »
783 1031 884 1070 Olim
904 1031 1018 1082 igitur
1035 1030 1200 1078 duobus,
1222 1041 1351 1082 postea
1371 1042 1552 1083 quatuor,

103 1106 252 1153 Augusto
268 1100 350 1150 ipso
369 1097 544 1149 praeside.
567 1097 663 1135 Hinc
681 1097 717 1133 in
739 1096 897 1147 epistola
919 1096 1065 1133 Tiberii
1087 1097 1189 1147 apud
1210 1098 1401 1146 Tacitum,
1420 1100 1555 1139 Annal.

104 1165 267 1206 loc.cit.:
295 1180 310 1197 α
335 1161 453 1200 Lecto
483 1175 551 1213 per
577 1161 780 1211 magistros
810 1161 1072 1212 aestimatoque
1104 1161 1272 1199 carmine
1289 1179 1325 1208 υ,
1355 1163 1426 1201 nisi
1459 1163 1557 1202 forte

106 1231 251 1271 xvviros
274 1241 341 1279 per
356 1227 539 1265 honorem
559 1239 637 1264 uno
656 1239 788 1264 omnes
806 1225 960 1263 nomine
978 1226 1177 1277 magistros
1196 1226 1271 1265 dici
1288 1240 1376 1266 usus
1397 1228 1556 1277 serebat,

107 1310 171 1348 quo
187 1307 317 1345 nempe
339 1292 520 1330 ministris
538 1299 847 1343 opponerentur.

151 1361 192 1400 Ut
206 1358 300 1396 enim
318 1370 433 1408 supra
450 1369 489 1394 se
509 1357 745 1407 magistrum,
760 1355 809 1392 ita
827 1355 924 1393 infra
940 1368 980 1393 se
996 1355 1189 1394 ministros
1203 1355 1422 1395 babuerunt
1436 1371 1444 1395 :
1460 1370 1558 1408 quos

110 1423 273 1478 principio
288 1434 419 1460 servos
437 1421 550 1459 fuisse
561 1420 734 1471 publicos
748 1420 844 1457 duos
861 1433 879 1456 a
897 1420 1109 1471 'l'arquinio
1123 1420 1339 1459 duumviris
1356 1421 1559 1473 adjunctos

74 1496 76 1498 '
97 1489 286 1528 ·didicimus
303 1501 323 1524 e
340 1485 525 1536 Dionysio
542 1485 628 1524 Hal.
649 1483 718 1524 lib.
742 1484 801 1531 lV,
826 1485 847 1534 §
871 1486 934 1533 62,
952 1484 1037 1522 loco
1055 1498 1153 1536 saepe
1175 1487 1261 1537 cit.3
1282 1494 1394 1525 aucto
1418 1487 1558 1526 deinde

111 1553 258 1603 collegio,
277 1552 405 1603 plures
421 1550 577 1602 adjungi
595 1562 747 1587 necesse
765 1549 851 1598 suit,
868 1550 938 1587 etsi
958 1563 1158 1588 numerum
1180 1551 1304 1602 ipsum
1328 1565 1398 1589 nec
1420 1552 1559 1591 scimus

112 1633 166 1656 nec
183 1618 270 1655 seire
290 1616 383 1654 tanti
402 1624 469 1653 est.
492 1613 772 1665 perpendenda
796 1623 922 1651 autem
952 1615 1127 1664 Dionysii
1154 1615 1202 1653 de
1226 1616 1270 1653 iis
1300 1615 1436 1663 verba,
1462 1616 1559 1657 ibid.

114 1683 207 1734 paulo
225 1681 319 1730 itrsra
340 1695 347 1718 :
370 1678 566 1730 Δημοσίους
589 1679 700 1719 αὐτοῖς
723 1678 808 1730 [τοῖς
826 1678 1089 1730 πεντεκαίδεκα]
1106 1679 1407 1732 παρακαθίστησιν
1434 1680 1471 1733 [ἡ
1491 1681 1561 1719 πό-

112 1747 179 1798 λις],
203 1740 246 1784 ὧν
273 1744 378 1797 χωρὶς
411 1745 472 1782 οὐκ
497 1743 674 1796 ἐπιτρέπει
698 1742 759 1786 τὰς
796 1742 992 1796 ἐπισκέψεις
1021 1744 1091 1781 τῶν
1117 1745 1288 1794 χρησμῶν
1317 1748 1389 1786 τοῖς
1416 1743 1562 1796 ἀνδράσι

112 1813 277 1858 ποιεῖσθαι,
300 1811 380 1849 sine
400 1822 582 1860 quorum,
607 1808 742 1858 inquit,
774 1807 985 1845 ministerio
1014 1821 1090 1845 non
1122 1808 1208 1845 licet
1236 1807 1355 1845 libros
1373 1808 1483 1847 adiri.
1505 1808 1562 1848 Ittt

114 1890 227 1914 mutuis
257 1876 406 1913 illorum
427 1883 526 1921 erat,
551 1887 627 1911 non
659 1871 774 1910 modo
803 1881 841 1910 ut
871 1873 1030 1911 XVviris
1050 1873 1155 1923 (olim
1176 1873 1304 1911 llviris
1331 1887 1396 1911 seu
1418 1874 1560 1925 Xviris)

114 1942 344 1979 ministrarent
361 1948 476 1990 atque
490 1948 683 1990 parerent,
700 1938 767 1976 sed
788 1939 902 1976 etiam
919 1947 961 1975 ut
982 1946 1092 1976 testes
1107 1938 1296 1989 adessent,
1314 1946 1427 1989 atque
1441 1940 1561 1990 ipsos,

114 2006 138 2044 si
161 2005 240 2056 quid
257 2006 293 2043 in
319 2004 502 2043 adeundis
521 2003 628 2041 libris
656 2016 725 2054 per
744 2002 996 2054 ignorantiam
1019 2011 1084 2040 aut
1114 2001 1283 2040 fraudem
1306 2003 1431 2041 minus
1457 2012 1561 2041 recte

114 2071 213 2117 lieret,
238 2071 494 2116 admonerent,
518 2076 596 2118 aut,
620 2068 650 2106 si
671 2081 768 2119 opus
789 2068 901 2113 foret,
923 2081 1002 2105 rem
1019 2067 1067 2104 ad
1093 2067 1332 2118 magistratus
1352 2067 1560 2118 deferrent,

113 2134 198 2184 quod
213 2134 278 2171 sub
296 2134 508 2184 Tarquinio
529 2134 667 2170 factum
687 2131 866 2171 vidimus,

156 2198 220 2236 Sed
239 2199 337 2236 aliud
363 2198 435 2236 illis
457 2210 597 2235 munus
626 2196 844 2234 incubuisse
865 2195 1114 2247 suspicamur,
1137 2209 1275 2248 nempe
1295 2205 1337 2234 ut
1361 2195 1482 2234 libros
1508 2197 1562 2235 le·

115 2273 225 2312 gerent
248 2274 282 2302 et
305 2265 663 2315 interpretarentur,
690 2275 787 2313 quos
813 2274 934 2312 graece
958 2261 1143 2311 scriptos,
1169 2260 1328 2311 antiqua
1350 2269 1386 2299 et
1410 2263 1561 2312 poetica

114 2326 236 2378 lingua,
257 2329 371 2366 literis
400 2328 582 2366 obsoletis
608 2336 646 2366 et
674 2326 847 2366 evanidis
867 2326 1016 2377 (confer
1039 2340 1156 2377 supra
1176 2339 1259 2377 cap.
1283 2327 1337 2376 3),
1368 2326 1563 2365 custodire

115 2391 268 2440 fortasse,
298 2394 362 2432 sed
395 2394 605 2444 intelligere
634 2406 722 2432 sane
757 2407 833 2430 non
864 2401 947 2430 erat
977 2392 1340 2443 quindecimvirum,
1374 2390 1562 2429 nobilium

68 2491 71 2495 .
116 2456 286 2496 hominum
315 2469 350 2497 et
374 2459 629 2511 superborum
659 2472 703 2497 ac
734 2460 960 2510 plerumque
991 2458 1030 2495 in
1053 2458 1133 2495 istis
1161 2456 1275 2495 rebus
1302 2456 1398 2494 nihil
1425 2455 1564 2494 viden-

115 2520 205 2560 tium.
228 2523 398 2562 Lectores
418 2523 571 2575 quidem
593 2531 631 2562 et
655 2523 882 2574 interpretes
907 2522 1046 2562 horum
1071 2521 1254 2561 librorum
1276 2529 1462 2559 memorat
1483 2522 1565 2560 Zo-

116 2596 225 2633 naras,
246 2589 374 2625 Annal.
393 2589 485 2639 vll,
505 2592 524 2635 5
549 2602 591 2625 11
619 2589 676 2639 (an
702 2602 749 2625 ex
769 2588 892 2625 Dione
920 2587 1051 2625 Cassio
1064 2589 1111 2637 Ρ),
1133 2586 1272 2624 accitos
1293 2599 1314 2624 e
1334 2586 1500 2635 Graecia,
1521 2595 1565 2625 ut

117 2647 292 2699 imperitiae
312 2666 475 2690 romanae
497 2652 744 2691 subvenirent
763 2667 770 2689 :
795 2651 862 2694 Ὡς
884 2651 912 2689 δ’
939 2652 977 2689 οὐ
999 2650 1089 2688 πάνυ
1115 2652 1185 2689 τῶν
1212 2648 1463 2703 γεγραμμένων
1486 2665 1567 2689 συν-

118 2711 195 2750 ίεσαν
220 2715 262 2766 [οἱ
289 2716 495 2769 Ῥωμαῖοι],
528 2719 576 2760 εἷς
599 2716 661 2764 τὴν
687 2716 847 2755 Ἑλλάδα
867 2715 1088 2769 πέμψαντες,
1115 2714 1173 2753 δύο
1203 2715 1330 2768 ἄνδρας
1356 2716 1482 2753 ἐκεῖθεν
1508 2705 1577 2766 μιᾸ

117 2778 183 2814 ‘¹003
203 2779 324 2830 ἤγαγον
352 2781 426 2823 τοὺς
455 2779 760 2832 ἀναγνωσομένους
782 2784 893 2819 ταῦτα
919 2781 977 2818 καὶ
1001 2779 1288 2832 ἕρμηνεύσοντας.
1309 2778 1420 2818 Nulla
1440 2789 1566 2818 autem

117 2853 212 2879 causa
228 2852 279 2881 est
296 2859 362 2883 cut·
381 2846 605 2898 interpretes
624 2846 707 2884 illos
720 2876 730 2894 ,
748 2859 934 2896 nusquam
962 2854 1093 2896 postca
1114 2845 1150 2881 in
1172 2844 1342 2882 historiis
1370 2843 1526 2893 obvios,
1545 2857 1567 2883 a

1330 2908 1402 2955 13‘
