1686 3500
75 138 168 185 398
375 125 377 127 ’
456 135 538 180 AD
571 134 925 183 sissYLuNOs·
952 137 1160 183 LtBROS

72 234 280 281 interdum,
318 245 404 272 raro
423 240 572 279 tamen,
600 232 783 272 adversus
805 235 979 274 metricas
997 243 1035 273 et
1059 233 1326 286 grammaticas
1343 234 1463 286 leges,
1487 224 1542 274 si·

72 307 138 338 cut
153 298 191 336 in
209 297 381 336 Excursu
399 296 469 335 Vll
483 296 717 336 ostendetur.
731 299 890 350 Saepius,
909 298 972 337 ubi
992 306 1126 337 auctor
1140 310 1244 336 venae
1258 311 1336 336 suae
1349 297 1539 350 indulget,

70 377 148 401 non
160 370 292 401 carent
309 361 475 414 quodam
492 362 660 413 vulgaris
678 363 872 414 elegantiae
887 363 1038 410 colore,
1057 371 1112 409 ut,
1130 362 1298 414 exempli
1312 375 1437 410 causa,
1453 364 1542 402 satis

68 428 219 480 placent
232 440 318 479 quae
334 426 435 465 tibm
454 428 580 478 primo
598 427 646 466 de
664 428 794 466 mundi
806 436 843 467 et
861 427 1026 466 hominis
1041 428 1236 466 creatione
1255 428 1422 479 scripsit,
1439 441 1476 470 v.
1496 429 1542 467 5·

68 496 134 542 64,
159 502 198 533 et
215 507 301 546 quae
319 493 465 532 ibidem
484 494 532 532 de
552 494 722 540 diluvio,
739 508 775 531 v.
803 500 989 544 214-229,
1017 503 1056 532 et
1082 507 1166 545 quae
1187 494 1355 533 secundo
1374 494 1475 533 libro
1493 494 1541 533 de

67 571 247 610 suprema
275 559 407 597 mundi
438 558 692 602 desolatione,
732 571 769 598 v.
813 559 880 602 154
899 586 909 602 ‚
953 571 1037 610 sqq.
1056 586 1067 605 ‚
1088 559 1136 596 de
1167 559 1374 610 impiorum
1409 559 1511 597 vitiis
1526 587 1538 604 ,

66 636 105 662 v.
136 624 226 671 256,
245 636 344 674 sqq„
367 622 491 674 deque
518 622 688 674 ipsorum
708 621 921 672 suppliciis,
945 634 980 661 v.
1007 626 1098 672 294,
1119 635 1204 673 sqq.
1227 623 1267 661 ln
1295 622 1452 673 reliquis
1472 635 1542 662 ne-

65 687 185 737 glecta
217 688 336 725 multa
365 696 402 725 et
428 680 695 738 properantius
725 686 848 723 effusa
876 699 946 723 nos
971 686 1190 727 offendunt.
1222 687 1409 737 Displicet
1449 699 1540 725 vero

66 752 231 789 maxime
259 752 470 802 pla-giorum
486 750 654 796 audacia,
670 762 744 800 qua
764 750 884 788 multa
896 764 942 788 ex
961 750 1127 789 Hesiodo
1143 751 1364 801 compilavit
1380 751 1536 801 passim,

67 815 132 854 ubi
146 815 193 854 de
212 816 346 866 primis
363 814 560 852 hominum
577 813 888 864 generationibus
904 827 1031 852 sermo
1051 823 1128 861 est,
1145 814 1210 852 lib.
1230 813 1261 861 1,
1279 827 1321 854 v.
1342 814 1408 861 65,
1429 827 1537 864 sqq.;

65 881 183 918 multa
197 880 309 918 etiam
328 892 405 917 uno
428 887 560 916 tenore
587 879 827 929 transcripsit
845 893 865 917 e
885 879 1111 930 Phocylide,
1127 879 1198 918 lib.
1215 880 1268 929 11,
1289 893 1323 917 v.
1355 879 1418 925 56,
1436 892 1538 930 sqq.;

63 945 233 997 quaedam
259 958 280 982 e
297 943 541 994 Theognide,
565 942 671 990 ibid„
695 957 732 982 v.
758 957 841 993 109,
867 945 1076 995 sq.;longe
1095 952 1221 982 autem
1252 945 1362 996 plura
1382 958 1429 983 ex
1455 945 1538 982 aliis

63 1009 258 1060 Sibyllinis
273 1008 400 1054 libris,
426 1008 480 1046 uti
500 1021 613 1059 supra
637 1007 815 1046 diximus.
833 1009 957 1059 Atque
977 1009 1059 1047 haec
1079 1018 1273 1060 postrema
1294 1009 1393 1047 furta
1408 1008 1540 1059 junio-

63 1088 144 1113 rem
160 1075 281 1125 ipsum
300 1073 443 1110 faciunt
464 1074 508 1110 iis
523 1073 656 1110 saltem
676 1071 886 1123 Sibyllistis
912 1077 948 1112 in
974 1087 1138 1124 quorum
1167 1074 1308 1125 scripta
1336 1073 1534 1112 involavit.

62 1139 189 1185 Quum
211 1150 300 1175 vero
324 1136 507 1174 nonnulla
533 1136 646 1174 etiam
674 1149 694 1174 e
716 1136 816 1174 libro
835 1141 996 1188 septimo
1014 1137 1268 1189 desumpserit
1291 1138 1351 1186 (ea
1369 1149 1438 1176 nos
1458 1138 1537 1175 suis

62 1202 155 1240 locis
177 1201 292 1239 modo
312 1200 596 1249 indicavimus),
622 1201 814 1251 posterior
838 1202 1052 1239 necessario
1081 1201 1280 1240 habendus
1305 1210 1360 1239 est
1380 1210 1538 1240 auctore

62 1267 170 1305 istius
198 1265 283 1303 libri
310 1265 398 1308 vn.
413 1278 525 1316 quem
544 1277 659 1315 supra
680 1264 1025 1304 demonstravimus
1054 1265 1125 1304 sub
1155 1265 1372 1305 Alexandro
1393 1266 1537 1304 Severo

61 1338 146 1382 post
166 1328 446 1381 expeditionem
478 1329 668 1366 Persicam
689 1343 770 1366 esse
789 1329 988 1379 scriptum.
1011 1330 1302 1381 Quumquehoe
1325 1330 1450 1381 ipsum
1476 1331 1537 1368 vi-

61 1394 184 1433 cissim
204 1407 356 1432 carmen
371 1401 596 1444 excerptum
614 1393 941 1444 compilatumque
961 1395 1178 1444 reperiatur
1199 1394 1235 1431 in
1255 1394 1362 1433 libris
1376 1395 1536 1434 xl-le

59 1458 128 1496 sub
151 1459 329 1497 Odenato
344 1457 496 1509 scriptis
516 1457 664 1507 (confer
680 1458 873 1508 praecipue
894 1457 959 1497 lib.
987 1458 1060 1505 xl,
1082 1471 1117 1497 v.
1140 1459 1177 1506 8,
1203 1473 1214 1495 ι
1229 1473 1260 1506 1,
1287 1460 1364 1509 12),
1383 1472 1537 1497 necesse

59 1531 115 1561 cst
134 1523 236 1561 inter
256 1535 375 1560 annos
396 1531 484 1573 post
497 1522 690 1560 Clu-istum
712 1522 788 1560 235
809 1531 847 1560 et
867 1523 941 1570 267
966 1523 1166 1574 prodierit.
1196 1524 1238 1563 ld
1257 1525 1375 1562 multa
1396 1525 1535 1562 coufir-

59 1596 178 1636 mant,
194 1588 259 1626 sed
277 1587 484 1638 praesertim
506 1587 672 1624 metricae
686 1587 739 1625 rei
755 1588 985 1638 negligentia
998 1601 1112 1639 quam
1128 1602 1242 1640 supra
1257 1589 1486 1636 notavimus,
1498 1598 1535 1627 et

57 1652 122 1690 ille
150 1652 189 1689 in
216 1651 436 1689 nominibus
465 1650 655 1688 hebraicis
693 1651 1000 1689 terminationiun
1035 1653 1160 1690 minus
1188 1667 1395 1704 graecarum
1417 1667 1529 1702 usus»,

57 1728 141 1766 quae
157 1715 262 1766 signa
282 1724 368 1753 sunt
387 1714 588 1753 deterioris
602 1715 692 1762 aevi,
707 1728 778 1753 nec
794 1715 841 1753 ab
861 1724 972 1754 aetate
989 1715 1173 1755 librorum
1191 1726 1360 1768 quatuor
1380 1718 1534 1755 ultimo-

58 1793 156 1825 rum,
177 1780 287 1830 plura
309 1778 480 1830 quidem,
497 1778 563 1817 sed
581 1778 709 1817 eadem
726 1779 804 1817 sere
828 1780 1079 1830 peccantium,
1100 1780 1209 1818 valde
1228 1781 1373 1820 remoti.

110 1843 235 1882 Etiam
256 1843 408 1881 tertium
428 1856 448 1880 a
471 1843 625 1881 Christo
644 1844 823 1881 saeculum
845 1853 883 1881 et
899 1844 1019 1891 illam,
1041 1858 1154 1895 quam
1171 1845 1337 1883 diximus
1351 1875 1360 1891 ‚
1382 1853 1530 1883 aetatem

55 1908 225 1947 indicare
241 1908 350 1946 nobis
369 1908 562 1956 videntur,
585 1922 671 1960 quae
691 1909 872 1960 leguntur
892 1909 959 1947 lib.
983 1911 1019 1957 l,
1038 1923 1074 1947 v.
1103 1911 1191 1960 389,
1212 1924 1316 1962 sqq„
1339 1911 1388 1948 de
1408 1911 1531 1962 impe-

56 1974 199 2012 riorum
220 1986 286 2011 seu
309 1973 438 2024 potius
457 1973 731 2024 imperatorum
752 1973 897 2011 crebris
916 1974 1067 2013 vicibus
1085 1990 1093 2013 :

424 2037 523 2075 Μετὰ
539 2037 568 2075 δ’
587 2031 632 2075 αὖ
649 2036 848 2089 βασιληΐδες
865 2038 968 2075 ἄλλαι

211 2101 391 2153 Συνεχέως
409 2100 569 2140 ἔσσονται
589 2101 838 2150 ἀπολλυμένων
860 2102 1045 2152 βασιλειῶν
1057 2132 1066 2149 ,

212 2167 281 2205 Καὶ
300 2166 460 2218 oud-,oum
474 2165 629 2217 βροτούς.

52 2231 161 2271 Cadit
176 2232 277 2269 enim
300 2238 401 2268 recte
421 2230 523 2268 istud
543 2230 764 2268 vaticinium
786 2230 823 2267 in
843 2229 998 2281 triginta
1018 2237 1271 2280 tyrannorum
1290 2238 1436 2268 aetatem
1456 2230 1529 2267 mi-

51 2298 246 2336 serrimam
270 2304 307 2334 et
327 2296 455 2347 generi
476 2294 644 2333 humano
666 2294 1038 2346 perniciosissimam.
1075 2294 1196 2332 Etiam
1215 2295 1525 2345 persecutionum

54 2363 233 2400 adversus
253 2361 492 2399 Christianos
509 2359 685 2398 ardorem
707 2359 878 2397 nondum
898 2358 1133 2397 deferbuisse
1158 2366 1284 2410 patet,
1304 2373 1422 2410 quum
1446 2360 1526 2398 haec

53 2426 324 2477 scriberentur,
343 2425 410 2465 lib.
429 2426 462 2464 ll
475 2454 486 2476 ‚
509 2439 543 2464 v.
567 2425 641 2462 262
660 2438 669 2463 :

210 2490 419 2540 Βλᾶσφημοι
436 2488 465 2528 δ’
481 2488 652 2540 ἐγένοντο,
669 2488 728 2527 καὶ
747 2488 917 2527 &eseiam
935 2488 1130 2541 κεραϊσταὶ,

210 2554 419 2593 Πιστολέται
432 2583 442 2601 ,
463 2553 523 2592 καὶ
541 2555 610 2591 τῶν
629 2552 736 2605 ἁγίων
755 2552 958 2606 φθισήνορες
977 2554 1129 2606 ἀνδρῶν,

51 2619 168 2670 idque
183 2631 254 2656 nos
281 2617 428 2655 inducit
459 2627 500 2655 ut
533 2618 581 2656 de
602 2618 707 2655 Decii
735 2618 946 2668 praesertim
979 2617 1216 2669 temporibus
1249 2616 1522 2655 crudelissimis

51 2683 262 2734 cogitemus
274 2710 284 2727 ‚
305 2695 390 2732 quae
406 2682 512 2719 tertii
530 2681 659 2719 saeculi
679 2682 803 2719 media
821 2682 989 2720 fuerunt.

101 2747 275 2799 Denique
292 2746 447 2796 aliquod
464 2746 574 2783 etiam
594 2744 676 2796 ejus
694 2746 814 2784 aetatis
830 2745 1014 2784 indicium
1041 2746 1120 2798 peti
1136 2754 1260 2798 potest
1282 2759 1330 2784 ex
1352 2745 1521 2784 unanimi

49 2820 264 2851 sanctorum
283 2812 440 2850 Patrum
460 2810 625 2857 silentio,
655 2811 722 2861 qui
743 2823 789 2849 ex
809 2809 869 2848 liis
889 2809 995 2849 libris
1015 2811 1161 2849 nullum
1185 2810 1344 2849 omnino
1367 2822 1519 2850 versum
