1686 3500
107 166 109 168 ’
172 175 263 222 500
399 165 401 168 ’
552 171 634 218 AD
668 173 1010 220 sissYLLmos
1046 174 1254 220 Llssnos

324 271 389 312 'Ex
407 270 564 325 nus-itm
581 271 684 323 γαίης
704 274 723 311 ὁ
743 272 851 324 φυγὰς
873 273 1104 327 μητροκτόνος
1124 272 1231 313 ἐλθὼν
1243 303 1253 320 ,

322 336 443 376 Ταῦτα
463 334 575 374 ἅπασι
593 335 726 383 διδοὺς,
744 337 893 376 πλοῦτον
915 338 1024 389 μέγαν
1047 337 1180 377 Ἀσσίδι
1202 337 1314 385 θήσει.
1368 352 1371 355 ¹

165 402 236 440 ΙΙΙο
266 410 393 440 autem
420 408 636 439 revertente
656 400 713 440 vei
734 401 813 452 jam
832 415 1003 450 reverso,
1030 402 1122 454 quid
1146 401 1194 441 sit
1220 402 1407 454 futurum,
1426 411 1558 456 aperte
1587 403 1638 442 ibi

109 493 116 501 .
167 474 414 515 monstratur,
438 479 473 505 v.
497 472 583 514 140,
603 478 686 516 sqq.
711 480 721 504 z

318 529 421 575 Ἥξει
438 529 622 583 πορθήσων
644 530 740 568 λαῶν
756 529 869 580 γένος,
890 529 1014 581 ἄκριτα
1036 531 1126 583 φῦλα
1136 556 1281 572 ......

320 595 449 635 Οὐκέτι
467 593 619 641 νικήσειε
636 594 740 633 πέδον
758 593 902 646 Ῥώμης
923 593 1103 646 ἐριθήλου,

318 658 502 700 Ὀππόταν
517 658 550 704 ἐξ
568 658 684 707 Ἀσίης
702 658 854 711 κρατέων
871 657 953 710 ἔλθῃ
973 656 1036 696 σὺν
1056 656 1172 710 Ἄρηϊ.

317 726 441 764 Ταῦτα
460 723 497 762 δὲ
518 722 619 762 πάντ’
640 722 755 777 ἔρξας,
774 722 846 769 ἥξει
866 721 1071 773 μετόπισθεν
1091 723 1126 767 ἐς
1145 723 1232 763 ἄστυ
1242 752 1359 765 .....

317 788 426 840 Οἴμοι
444 787 512 841 ἐγὼ
530 787 748 840 τριτάλαινα,
768 785 848 826 πότ’
865 785 997 840 ὄψομαι
1016 781 1112 840 ἦμαρ
1130 788 1240 826 ἐκεῖνο

318 852 401 892 Σεῐό
415 867 513 900 ποτε,
534 850 677 903 Ῥώμη,
692 856 780 889 πᾶσι
797 849 833 888 δὲ
850 851 1006 901 μάλιστα
1023 850 1185 897 Λατίνοις
1200 864 1211 899 3

322 916 482 967 Κώμαζ’,
502 917 532 955 εἰ
552 916 667 967 βούλει
686 914 727 954 σὺ
739 945 749 963 ,
767 914 826 954 τὸν
845 915 1064 969 ἕγκρυφίαισι
1082 916 1235 969 λοχείαις

318 980 472 1025 Ἀσσίδος
493 982 530 1018 ἐκ
550 980 650 1032 γαίης
672 979 728 1017 ἐπὶ
746 979 906 1032 Τρωϊκὸν
929 979 1012 1033 ἅρμ’
1032 980 1224 1032 ganconum,

317 1046 437 1096 Θυμὸν
456 1044 570 1098 ἔχοντ’
589 1044 745 1088 αἴθωνος.
766 1044 880 1084 Ὅταν
900 1044 930 1082 δ’
947 1044 1069 1097 ἰσθμὸν
1087 1045 1258 1099 διακόψῃ,
1272 1062 1308 1085 κ.
1331 1060 1366 1087 τ.
1388 1047 1421 1085 λ.

210 1111 354 1151 Rursus
366 1110 540 1163 agnoscis
556 1109 686 1148 endem
705 1110 830 1147 onmia
848 1122 932 1160 quae
952 1122 1068 1161 supra
1081 1109 1260 1158 vidimus,
1279 1111 1469 1151 Neronem
1487 1110 1526 1149 in
1546 1112 1633 1151 Asia

158 1176 367 1215 iatitantem
386 1175 489 1213 velut
510 1175 546 1211 in
572 1173 736 1224 insidiis,
761 1174 1038 1225 irrumpentem
1062 1174 1152 1213 inde
1170 1184 1208 1213 et
1226 1174 1322 1214 urbe
1340 1175 1460 1214 Roma
1480 1176 1633 1228 potien-

158 1249 252 1289 tem,
274 1249 352 1278 tum
373 1239 514 1277 isthmo
535 1238 789 1288 perfodiendo
810 1251 850 1276 se
872 1252 1005 1277 rursus
1025 1240 1308 1292 accingentem,
1328 1253 1473 1293 perque
1495 1239 1630 1279 orbem

156 1313 358 1354 terrarum,
377 1302 543 1341 incendii
562 1302 693 1353 modo,
709 1302 1020 1343 debacchantem.
1037 1305 1162 1343 Porro
1177 1318 1254 1343 non
1271 1305 1456 1344 incertum
1473 1305 1630 1357 aliquod

155 1377 321 1420 tempus,
338 1367 402 1405 sed
423 1380 545 1406 annus
561 1367 642 1417 ipse
661 1366 900 1418 praedicitur,
920 1381 997 1418 quo
1010 1367 1171 1407 Romam
1189 1369 1316 1408 victor
1330 1369 1571 1422 ingressurus
1588 1384 1631 1412 ac

154 1447 234 1472 rem
250 1430 460 1472 Romanam
476 1444 680 1470 eversurus
697 1431 758 1478 sit,
780 1444 814 1468 v.
838 1431 924 1479 148,
938 1444 1021 1483 sqq.
1043 1445 1050 1467 ε

312 1497 346 1535 T
348 1497 398 1550 ρὶς
416 1496 451 1535 δὲ
474 1495 690 1548 τριηκοσίους
707 1495 765 1533 καὶ
785 1495 1045 1548 τεσσαράκοντα
1065 1495 1124 1534 καὶ
1145 1496 1238 1535 ὀκτὼ

315 1559 520 1613 Πληρώσεις
540 1559 779 1608 λυκάὸαντας,

155 1637 194 1667 et
213 1636 340 1667 cetera
354 1639 438 1678 quae
457 1634 496 1664 tu
518 1624 605 1663 vide
622 1638 759 1676 snpra,
781 1638 867 1677 pag.
887 1626 976 1673 485,
990 1639 1047 1677 sq.

207 1692 362 1732 Exitum
385 1704 476 1729 vero
494 1690 718 1730 Antichristi
740 1691 891 1740 qualem
916 1699 1044 1729 mente
1064 1692 1283 1743 conceperit
1311 1693 1463 1742 Noster,
1483 1694 1513 1732 si
1534 1707 1634 1745 quae-

157 1756 228 1804 ris,
246 1768 342 1794 unus
359 1753 407 1792 de
423 1767 468 1792 ea
483 1766 545 1803 re,
562 1753 628 1791 sed
645 1752 937 1792 obscurissimus
955 1753 1060 1792 locus
1079 1755 1268 1807 occurrit,
1291 1769 1330 1795 v.
1356 1757 1441 1806 157,
1455 1771 1536 1809 sqq.
1557 1772 1566 1796 ε

312 1817 385 1858 Καὶ
400 1816 478 1856 τότε
498 1819 586 1868 Οῆρα
605 1815 714 1868 μέγαν
734 1816 978 1869 μετελεύσεται
994 1811 1084 1869 αἷμα
1103 1818 1288 1858 κελαινόν·

311 1882 381 1931 Τὸν
402 1881 437 1920 δὲ
450 1879 559 1920 λέοντ’
574 1879 689 1925 ἐδίωξε
704 1879 794 1919 κύων
813 1879 977 1920 ὀλέκοντα
1000 1884 1144 1933 νομῆας.

311 1947 483 1998 Σκῆπτρα
499 1945 529 1982 δ’
546 1940 796 1999 ἃφαιρήσουσι,
814 1944 873 1984 καὶ
889 1946 938 1990 εἰς
955 1945 1056 1984 ἀΐδαο
1073 1946 1232 2000 περήσει.

153 2012 248 2059 Quae
259 2023 330 2049 nos
342 2009 498 2061 quidem
511 2009 808 2060 interpretamur
817 2009 865 2048 de
877 2010 1111 2049 Antichristo
1126 2011 1271 2050 Messiae
1286 2013 1402 2051 armis
1412 2014 1632 2065 superando

154 2075 392 2127 sceptrisque
412 2072 612 2125 privando,
634 2073 738 2111 unde
755 2073 929 2124 sequitur
946 2074 1062 2125 paulo
1081 2075 1202 2129 infra,
1220 2089 1256 2114 v.
1282 2076 1374 2128 169,
1391 2090 1473 2129 sqq.
1489 2093 1498 2118 ε

312 2138 383 2178 Καὶ
400 2137 478 2176 τότε
498 2135 599 2188 ἁγνὸς
622 2136 705 2181 ἄναξ
721 2138 837 2184 πάσης
852 2139 916 2188 γῆς
934 2140 1097 2192 σκῆπτρα
1116 2134 1304 2192 κρατήσει,

153 2212 360 2254 ceteraque
377 2215 491 2254 supra
507 2201 585 2253 jam
604 2202 798 2253 exposita,
818 2215 900 2254 cap.
917 2217 953 2254 9.

204 2270 294 2308 Haec
326 2274 424 2315 erat,
442 2265 640 2304 Antonino
672 2266 742 2304 Pio
775 2265 944 2313 vivente,
966 2266 1273 2306 Christianorum
1304 2270 1542 2320 exspectatio
1564 2279 1630 2309 nut

152 2341 255 2372 certe
275 2330 751 2371 Judaeo-Christianormn.
768 2331 900 2369 Nnnus
914 2339 1042 2369 antem
1064 2332 1286 2383 expressior
1305 2347 1430 2385 neque
1446 2335 1629 2374 disertior

153 2397 201 2436 de
216 2397 291 2435 hoc
311 2404 394 2433 toto
407 2404 631 2446 argumento
652 2394 755 2432 testis
774 2402 830 2432 est
847 2407 961 2446 quam
976 2394 1073 2433 iiber
1088 2397 1260 2447 quintus,
1278 2398 1442 2449 scriptus
1461 2398 1630 2449 illequo-

153 2472 228 2512 que
244 2457 317 2497 sul)
344 2458 475 2496 eadem
505 2466 690 2509 tempora,
711 2456 872 2495 necdum
902 2459 978 2496 vita
998 2458 1182 2496 defuncto
1202 2462 1421 2507 Antonin03
1449 2461 1629 2512 judaicus

152 2526 217 2563 ille
239 2523 415 2575 quidem,
435 2536 512 2561 non
536 2531 660 2561 tamen
688 2535 709 2560 a
737 2521 944 2560 christiana
967 2523 1172 2563 traditione
1201 2538 1360 2576 prorsus
1380 2526 1552 2577 alienus,
1572 2527 1626 2565 uti

152 2585 328 2638 pluribus
347 2584 646 2623 demonstratum
668 2594 723 2624 est
741 2587 778 2623 in
800 2587 971 2625 Excursu
993 2587 1047 2637 V3
1065 2589 1347 2640 Apocalypseos
1363 2592 1570 2641 praesertim
1591 2600 1628 2630 et
1682 2619 1686 2625 -

152 2651 340 2690 librorum
357 2650 634 2700 Sibyllinorum
649 2651 701 2689 ΠΙ
719 2659 757 2689 et
777 2651 826 2689 lv
841 2651 1080 2702 frequentem
1094 2653 1539 2704 prodensimitationem,
1563 2670 1629 2695 so-

151 2716 318 2766 litusque
337 2726 358 2751 e
379 2721 507 2751 nostra
527 2712 600 2750 fide
619 2721 734 2764 atque
749 2727 770 2751 e
784 2714 923 2752 nostris
940 2714 1048 2752 libris
1062 2727 1105 2753 ea
1126 2718 1338 2767 praesertim
1359 2719 1523 2758 retinere
1542 2733 1628 2771 qnae

151 2779 201 2817 ad
223 2791 328 2817 suam
350 2777 398 2815 de
416 2776 559 2816 Judaeae
579 2777 665 2815 satis
689 2778 1013 2829 exspectationem
1027 2808 1036 2826 ‚
1058 2782 1267 2830 praescrtim
1287 2783 1334 2820 nd
1355 2796 1464 2822 suum
1488 2784 1628 2823 adver-

153 2855 214 2880 sus
247 2843 436 2881 Romanos
465 2841 592 2879 odium
624 2841 905 2880 accommodari
944 2851 1113 2893 possent.
1145 2845 1178 2883 ls
1217 2846 1382 2896 primum
1410 2861 1495 2886 cuni
1526 2848 1626 2887 libro
