1686 3500
154 185 246 231 376
536 181 618 227 AD
650 180 1013 228 SIBYLLINOS·
1029 179 1237 226 LlBROS

201 274 337 320 Cetera
355 289 440 330 quae
455 290 533 317 non
553 290 600 316 ex
629 277 911 330 antiquioribus
930 276 1094 316 oraculis
1121 279 1240 327 petita
1260 283 1370 323 sunt,-
1395 277 1453 314 vel
1478 277 1523 315 ad
1547 293 1607 318 re-

149 352 279 384 centes
308 342 460 382 urbium
492 352 558 382 aut
581 351 768 382 terrarum
797 341 1024 381 calamitates
1052 340 1248 388 alludunt,
1272 339 1335 378 vel
1359 352 1406 378 ex
1434 340 1607 382 similium

110 439 117 447 .
150 423 305 450 casuum
325 409 509 462 exemplis
532 418 672 449 temere
688 409 849 448 conficta
868 416 979 456 sunt,
1000 408 1121 447 utilia
1134 436 1146 457 ,
1162 421 1202 448 v.
1221 409 1310 453 341,
1327 420 1429 459 sqq„
1446 408 1493 447 de
1508 410 1609 450 urbi-

149 476 406 526 busAEuropae
434 475 608 527 Asiaeque
629 483 729 514 terra
747 473 1010 525 absumendis;
1031 474 1144 521 item,
1163 486 1200 512 v.
1227 473 1322 521 457,
1346 486 1401 524 sq.
1422 473 1469 511 de
1494 476 1607 527 Cypri

147 550 271 589 motu;
285 541 388 588 item,
402 554 439 580 v.
458 542 547 592 459,
560 554 657 594 sqq.‚
673 539 720 578 de
733 538 924 578 Trallibus
935 547 973 577 et
984 539 1155 590 Epheso3
1167 539 1272 594 item,
1286 551 1326 578 v.
1345 542 1390 586 47
1402 552 1433 587 ¹,
1449 539 1496 577 de
1515 540 1608 580 Lao·

147 607 269 653 dicea,
290 615 361 645 etc.
377 607 471 647 Nam
490 605 695 644 observatu
710 603 972 655 dignissimum
995 612 1052 642 est
1070 603 1207 655 optimi
1224 603 1410 654 principis
1431 606 1607 645 Antonini

146 670 385 723 temporibus
412 670 595 723 plurimas
615 668 803 708 exstitisse
834 668 1003 720 gentium
1023 676 1060 707 et
1077 668 1230 706 urbium
1252 667 1392 712 clades,
1406 671 1606 719 praesertim

148 743 259 774 terrae
296 743 440 782 motus,
469 732 515 771 de
533 731 673 784 quibus
693 731 935 783 Capitolinus
958 731 996 770 in
1018 731 1099 783 ejus
1117 732 1222 779 Vita,
1248 739 1286 768 et
1310 731 1454 782 aliquid
1474 732 1607 783 Xiphi-

146 798 246 837 linus
263 811 284 837 e
303 799 427 836 Dione
444 796 594 843 Cassio,
613 803 651 834 et
671 795 779 847 plura
800 795 1031 843 Pausanias,
1051 794 1190 833 Arcad.
1212 794 1286 833 loc.
1303 794 1369 834 cit.
1390 795 1550 834 ιΛυκῖων
1573 797 1605 835 δὲ

145 861 205 902 καὶ
220 862 349 914 Καρῶν
362 858 424 905 τὰς
439 859 566 906 πόλεις,
580 860 662 898 Κῶν
675 873 713 897 τε
728 858 787 897 καὶ
801 851 922 898 Ῥόδον
941 856 1104 912 ἀνέτρεψε
1119 856 1182 908 μὲν
1201 858 1309 910 βίαιος
1325 858 1372 901 εἷς
1386 857 1491 902 αὐτὰς
1506 875 1605 899 κατα-

145 925 281 980 σκάψας
310 923 463 975 σεισμός.
488 924 615 972 Quare
648 923 684 961 in
715 923 786 960 hac
813 922 903 961 libri
931 923 1032 961 tertii
1054 932 1164 974 parte
1197 923 1307 960 multi
1335 922 1475 961 similes
1504 938 1606 963 casus

143 989 418 1043 praedicuntur,
449 987 656 1040 praesertim
687 987 726 1026 in
756 987 842 1026 Asia
867 987 1041 1034 Minore,
1068 1001 1112 1026 ac
1140 986 1361 1026 nominatim
1381 987 1418 1025 in
1442 987 1553 1039 Lycia
1571 999 1605 1027 et

144 1053 268 1094 Caria.
295 1052 456 1104 Cyzicus
475 1053 587 1091 etiam
604 1051 663 1090 bis
690 1051 853 1090 defletur
883 1065 917 1089 v.
939 1052 1014 1097 436
1034 1060 1072 1090 et
1097 1057 1185 1098 442,
1209 1065 1323 1103 quam
1348 1051 1415 1090 illo
1438 1061 1605 1104 tempore

145 1126 362 1170 quassatam
387 1117 501 1156 docet
521 1117 760 1169 Xiphilinus;
774 1124 812 1154 et
832 1129 941 1155 mons
961 1117 1026 1155 ille
1047 1118 1172 1167 Lyciae
1193 1118 1230 1154 in
1252 1130 1369 1168 aquas
1388 1130 1603 1168 erumpens,

144 1197 179 1221 v.
201 1183 290 1232 439,
315 1196 384 1233 sq.,
402 1181 562 1228 fortasse
581 1181 683 1219 idern
702 1189 757 1219 est
777 1180 825 1219 de
840 1195 917 1232 quo
931 1181 1179 1233 xiphilinus:
1196 1180 1285 1234 Περὶ
1299 1179 1410 1227 δὲτὴν
1432 1179 1603 1233 μεσόγειον

143 1245 214 1284 ἅνω
237 1248 389 1298 κορυφῆς
417 1244 516 1298 ὅρους
537 1245 726 1293 διαστάσης
754 1244 942 1283 θαλάσσιόν
957 1260 1059 1298 φασιν
1078 1246 1268 1297 ἐκχυθῆναι
1290 1249 1406 1295 κῦμα,
1427 1261 1463 1286 κ.
1488 1262 1520 1284 τ.
1542 1248 1574 1287 λ.

193 1311 271 1350 Nec
289 1310 452 1348 dubium
469 1310 653 1348 nonnulla
670 1310 782 1348 etiam
798 1323 846 1348 ex
863 1309 1018 1361 ingenio
1032 1319 1155 1361 poetae
1175 1324 1358 1358 manasse,
1378 1318 1519 1348 temere
1537 1324 1603 1349 ex-

142 1377 305 1429 cogitata
322 1384 536 1428 temereque
556 1375 737 1428 praedicta
755 1387 766 1417 :
784 1376 849 1415 sed
874 1377 1072 1428 pleraque,
1090 1386 1132 1415 ut
1154 1376 1284 1414 videre
1309 1386 1376 1423 est,
1398 1376 1488 1414 hinc
1519 1377 1602 1416 inde

88 1443 91 1446 ’
141 1441 346 1493 compilata
360 1449 397 1479 et
415 1454 461 1479 ex
475 1440 756 1492 antiquioribus
777 1441 965 1479 vaticiniis
979 1443 1016 1479 in
1033 1455 1147 1480 unam
1166 1441 1393 1493 farraginem
1405 1451 1599 1493 congesta,

141 1506 245 1557 quod
266 1506 305 1543 in
324 1504 473 1544 duabus
492 1505 574 1544 aliis
594 1506 707 1557 hujus
732 1505 822 1544 libri
850 1505 1041 1558 partibus,
1069 1510 1090 1553 S
1116 1519 1138 1544 α
1158 1515 1196 1545 et
1227 1512 1261 1554 4,
1282 1506 1438 1544 minime
1468 1507 1599 1546 sactum

142 1579 243 1616 erat;
263 1570 470 1622 proditque
494 1569 593 1618 hoc,
616 1569 729 1608 nobis
748 1570 902 1622 quidem
917 1569 1129 1621 judicibus,
1151 1584 1226 1610 non
1257 1580 1330 1609 tam
1349 1572 1523 1623 plagiarii
1540 1572 1601 1610 im-

142 1635 364 1688 pudentiam
389 1649 504 1687 quam
534 1636 817 1674 festinationem
844 1637 1144 1688 interpolatoris.

191 1701 299 1751 Piget
329 1700 500 1739 omisisse
528 1709 660 1740 votum
688 1701 811 1748 istud,
827 1715 865 1742 v.
884 1703 954 1750 371
978 1715 988 1743 :
1005 1695 1057 1741 Ὦ
1074 1701 1303 1755 μακαριστός,
1322 1718 1357 1743 κ.
1377 1717 1409 1741 τ.
1426 1703 1474 1751 λ.,
1500 1702 1598 1754 quod

139 1764 337 1804 manifesto
356 1778 378 1804 e.
395 1764 485 1803 libri
501 1765 629 1817 quarti
644 1766 718 1804 fine
736 1765 979 1818 desumptum
996 1775 1068 1806 est.

188 1829 262 1870 Sed
277 1844 325 1869 ne
343 1830 448 1882 quod
464 1831 562 1869 desit
578 1831 861 1882 compilationis
880 1832 1070 1883 simulque
1083 1831 1390 1884 interpolationis
1405 1831 1600 1879 indicium,

138 1894 354 1933 notabimus
373 1895 484 1933 etiam
505 1895 725 1947 desumptas
740 1909 787 1934 ex
809 1897 1043 1948 Apocalypsi
1068 1899 1286 1948 complures
1307 1910 1374 1936 seu
1399 1896 1598 1935 sententias

140 1973 208 1998 seu
229 1958 384 1998 dicendi
402 1960 554 2011 figuras,
571 1960 680 2011 cujus
695 1961 798 1999 modi
814 1961 916 1999 istud
935 1970 1005 2009 est,
1027 1975 1064 1999 v.
1083 1962 1156 2000 303
1175 1976 1184 1999 :

296 2020 342 2064 Αἲ
360 2022 400 2063 αἴ
413 2039 481 2073 σοι,
499 2022 669 2064 Bononiam
688 2023 745 2072 ἠδ’
765 2023 955 2078 Ἀσσυρίων
973 2025 1069 2078 γένος
1086 2026 1238 2079 ἀνδρῶν,

137 2089 252 2142 plane
271 2097 313 2127 ut
331 2089 492 2141 Apocal.
514 2102 597 2141 cap.
623 2089 682 2137 18,
701 2102 740 2130 v.
772 2102 839 2128 10:
865 2089 975 2136 Οὐαὶ,
1000 2089 1077 2129 οὐαὶ
1104 2093 1127 2139 ἡ
1144 2080 1248 2135 ἱπόλις
1272 2093 1295 2139 ἡ
1325 2089 1460 2143 μεγάλη
1488 2090 1598 2129 Βαὸυπ

135 2152 228 2202 λών,
244 2169 277 2193 κ.
292 2168 324 2192 τ.
340 2153 374 2192 λ.
395 2154 444 2193 Et
459 2154 514 2193 sic
530 2153 651 2202 infra,
669 2167 707 2194 v.
724 2154 816 2202 311,
839 2168 922 2205 sq.:

293 2217 366 2258 Καὶ
383 2217 461 2257 τότε
476 2218 662 2271 πλησθήσῃ
680 2218 749 2258 ἀπὸ
764 2217 929 2270 αἵματος,
949 2220 995 2264 ὡς
1010 2219 1120 2273 πάρος
1138 2218 1225 2267 αὕτη

295 2280 459 2334 Ἐξέχεας
481 2284 614 2336 ἀνδρῶν
631 2283 663 2322 τ’
681 2284 819 2334 ἀγαθῶν
838 2283 972 2336 ἀνδρῶν
989 2299 1027 2322 τε
1041 2283 1202 2332 δικαίων,

137 2357 259 2396 prope
275 2352 316 2383 ut
335 2345 492 2396 Apocal.
513 2360 598 2399 cap,
624 2347 685 2396 16,
701 2360 738 2388 v.
757 2347 780 2385 6
798 2361 809 2388 z
828 2346 915 2388 ’Ότι
937 2341 1026 2401 αἷμα
1041 2347 1149 2400 ἁγίων
1169 2346 1230 2387 καὶ
1247 2350 1434 2402 προφητῶν
1452 2347 1593 2401 ἑξέχεον.

136 2408 269 2447 Statim
289 2417 436 2458 autem,
460 2424 492 2449 v.
508 2411 606 2450 313:

290 2466 360 2512 ²'ssiu
380 2473 431 2512 ἔτι
449 2474 510 2513 καὶ
527 2479 585 2515 νῦν
605 2470 694 2527 αἷμα
713 2478 778 2530 βοᾷ
794 2476 841 2520 εἰς
854 2475 974 2528 αἰθέρα
993 2476 1141 2530 μακρόν.

136 2535 278 2575 Confer
291 2539 463 2589 Apocat„
483 2553 570 2591 cap.
594 2541 631 2589 6,
646 2553 681 2579 v.
694 2554 731 2592 9,
745 2553 831 2592 sqq.
847 2555 856 2579 ε
872 2558 887 2575 α
902 2541 952 2579 Et
966 2554 1052 2579 cum
1072 2541 1284 2592 aperuisset
1304 2541 1466 2593 sigillum
1483 2539 1591 2591 quin·

132 2617 148 2635 α
166 2609 246 2639 tum
256 2631 267 2649 ,
282 2602 359 2640 vidi
375 2603 507 2642 subtus
519 2605 639 2643 altare
652 2605 797 2643 animas
814 2606 1104 2645 interfectorum
1123 2613 1284 2658 propter
1298 2605 1459 2644 verbum
1480 2604 1591 2643 Dei...

137 2684 151 2699 ι
166 2673 205 2704 et
221 2665 436 2705 clamabant
455 2681 548 2706 voce
568 2681 721 2720 magna,
744 2668 911 2708 dicentes
929 2683 937 2707 :
956 2670 1176 2721 Usquequo,
1193 2670 1402 2711 Domine...
1423 2683 1499 2707 non
1517 2670 1594 2705 vin-

135 2747 150 2764 «
162 2729 266 2768 dicas
285 2731 506 2782 sanguinem
526 2740 697 2770 nostrum
711 2734 755 2770 Ρ»
772 2733 920 2771 Deinde
936 2733 1036 2772 istud
1057 2734 1159 2786 apud
1180 2733 1376 2786 Sibyllam,
1393 2748 1430 2772 v.
1446 2735 1519 2783 3¹9
1537 2748 1544 2770 :

292 2794 339 2834 Αἲ
355 2795 396 2834 αἴ
411 2811 480 2843 σοι,
493 2794 593 2850 χώρα
607 2795 690 2848 Γὼγ
706 2795 768 2844 ἠδὲ
791 2796 948 2850 Μαγώγ.
964 2825 972 2836 .
991 2827 1000 2837 .
1011 2828 1022 2850 ,

133 2857 288 2902 ductum
313 2860 468 2912 quidem
495 2860 647 2901 videtur
666 2875 686 2900 e
709 2870 844 2914 quarta
875 2871 983 2915 parte
1016 2863 1130 2915 liujus
1154 2864 1264 2911 libi-13
1297 2863 1453 2916 respicit
1471 2870 1593 2901 autem
