1686 3500
631 157 940 204 Excuasus
978 160 1053 207 vl.
1106 192 1108 195 -
1316 216 1319 219 ,
1378 203 1386 214 ,
1497 142 1596 210 543

111 252 409 304 verberatusque
422 254 525 293 Orco
544 251 714 300 tradent,
730 252 829 293 ibid.
848 266 884 292 v.
901 256 991 303 287,
1006 268 1112 307 sqq.;
1127 255 1254 310 justos
1267 264 1397 297 autem
1414 257 1591 298 manibus

110 318 281 357 sublatos
300 317 337 355 in
359 325 510 356 aeternae
528 317 616 355 vitae
637 316 766 356 sedem
788 318 1037 368 transferent,
1055 333 1092 357 v.
1110 321 1200 368 316,
1221 333 1278 372 sq.

162 381 298 423 Notari
317 390 472 433 possent
494 380 622 433 plures
650 381 690 420 in
718 380 918 433 Sibyllinis
943 383 1100 423 ordines
1119 385 1323 436 spirituum
1345 386 1490 438 angelis
1507 387 1592 425 affi-

109 446 235 496 nium,
269 446 359 496 quia
379 446 448 487 lib.
467 445 538 494 111,
554 459 591 484 v.
612 459 644 495 1,
664 446 833 484 citantur
847 448 1003 486 nominc
1028 462 1098 487 suo
1115 449 1319 502 Χερουὸίμ,
1344 452 1418 490 nisi
1434 452 1509 491 hoc
1530 466 1593 491 ex-

108 510 261 548 ordium
279 509 588 562 interpolationis
619 511 779 549 crimine
799 510 991 550 laboraret
1011 527 1021 550 ε
1041 514 1174 551 confer
1192 515 1285 554 Exc.
1304 517 1352 566 V,
1366 516 1457 567 cap.
1482 530 1541 556 ια.

159 575 336 615 Notanda
368 589 460 614 vero
480 576 581 613 inter
600 575 756 627 angelos
782 575 886 627 ipsos
914 575 1129 614 hierarchia
1159 578 1360 628 quaedam3
1382 593 1458 618 non
1483 581 1589 632 quod

107 639 174 678 lib.
191 639 278 679 Vlll
293 668 305 690 ,
333 652 368 678 v.
399 640 488 687 462,
509 637 722 691 ἀρχάγγελος
742 653 763 677 e
783 639 1038 690 quorumdam
1071 641 1348 691 exemplarium
1370 643 1443 682 fide
1475 658 1590 695 repo-

107 703 276 741 nendum
306 712 507 754 putemus,
529 702 594 741 ubi
622 703 857 754 αὐτάγγελος,
878 703 968 741 licet
993 703 1230 755 impropria,
1259 718 1351 744 vera
1377 715 1434 745 est
1452 708 1589 755 lectio;

107 766 173 804 sed
194 767 397 819 injudicio
414 758 509 813 Dei',
530 766 595 804 lib.
612 767 660 811 ll,
678 780 713 805 v.
732 767 970 817 225,1.perto
990 767 1204 818 praecipuas
1217 777 1356 819 gerunt
1373 779 1502 821 partes
1522 785 1590 809 an-

106 829 180 879 geli
207 839 376 881 quatuor
393 829 585 878 Michntil,
605 829 786 878 Gabriel,
822 830 1009 882 Rapha'el,
1040 830 1160 871 Uricl'.
1200 832 1278 870 Etsi
1300 833 1446 884 primus
1474 848 1522 873 ex
1543 835 1588 873 iis

105 893 288 945 michael,
320 894 387 945 qui
418 894 533 932 etiam
560 895 662 945 apud
700 895 899 933 Danielem
930 903 967 933 et
992 895 1030 932 in
1058 895 1292 946 Apocalypsi
1327 897 1588 948 principatum

107 967 208 996 tenet
227 958 473 1008 angelorum,
496 959 535 996 in
555 958 745 1009 Sibyllino
766 972 878 996 versu
901 958 1049 997 honore
1070 959 1214 997 fruitur
1230 959 1357 997 minus
1378 969 1499 1008 certo,
1518 975 1589 1000 va-

103 1022 255 1060 cillante
274 1022 377 1061 circa
395 1023 476 1074 ejus
493 1036 630 1061 nomen
658 1023 835 1062 lectione.
855 1021 1053 1061 Secundus
1077 1022 1234 1062 Gabriel
1258 1036 1389 1062 rursus
1417 1025 1589 1076 prodibit

101 1087 204 1125 libro
224 1087 333 1138 Vlll,
360 1087 436 1137 §3,
455 1087 578 1125 divini
595 1088 721 1125 nuntii
742 1093 916 1133 munere,
937 1100 1097 1138 prorsus
1120 1095 1162 1125 ut
1182 1087 1221 1126 in
1243 1089 1441 1140 evangelio
1460 1090 1587 1135 Lucae,

103 1152 326 1203 defungens.
352 1153 508 1191 Tertius
536 1152 704 1203 Raphael
727 1152 843 1191 semel
869 1161 1032 1204 apparet
1050 1151 1127 1190 hoc
1147 1152 1256 1200 loco,
1278 1161 1394 1191 notus
1414 1166 1435 1192 e
1452 1154 1587 1193 Tobiae

102 1217 274 1258 historia.
309 1219 478 1264 Quartus
513 1218 613 1257 Uriel
647 1218 722 1255 huc
750 1218 1036 1269 inexspectatus
1067 1217 1193 1266 adest,
1227 1231 1415 1269 nusquam
1450 1218 1588 1258 obvius

102 1282 140 1320 in
156 1284 298 1320 sanctis
317 1281 435 1328 libris,
455 1283 519 1321 sed
535 1281 785 1334 repetendus,
802 1282 834 1320 si
852 1282 914 1320 cui
931 1290 1055 1330 vacat,
1074 1295 1119 1320 ex
1139 1281 1271 1320 Esdrae
1292 1281 1391 1321 libro
1408 1283 1478 1330 lv,
1500 1296 1531 1321 c.
1548 1289 1586 1330 4,

102 1359 204 1397 sqq„
223 1347 452 1398 apocrypho
469 1346 656 1398 saepejam
677 1359 699 1384 a
713 1345 825 1384 nobis
845 1347 973 1386 citato.
990 1346 1218 1397 Quanquam
1238 1346 1348 1384 multi
1365 1359 1410 1385 ea
1430 1347 1587 1386 nomina

102 1419 277 1462 repetere
303 1412 452 1449 malunt
487 1411 536 1449 ex'
565 1411 716 1450 Euochi
745 1410 845 1449 libro
881 1410 1028 1461 pariter
1063 1410 1305 1472 apocrypho.
1331 1410 1403 1449 llic
1429 1411 1585 1461 quidem

101 1476 221 1527 paulo
244 1476 441 1527 antiquior
464 1475 774 1527 pseudo-Esdra,
792 1475 956 1527 scriptus
983 1487 1122 1526 nempe
1141 1474 1267 1525 primo
1285 1482 1373 1526 post
1393 1475 1585 1514 Christum

101 1541 262 1591 saeculo,
290 1539 338 1577 ab
363 1553 441 1577 unu
471 1553 491 1577 e
511 1539 738 1578 Christianis
754 1538 1062 1590 judaizantibus,
1089 1539 1222 1590 multa,
1242 1538 1321 1577 imo
1341 1539 1449 1589 plura
1470 1553 1584 1591 quam

101 1606 318 1657 quisquam,
337 1606 494 1643 uomina
515 1604 633 1642 habet
655 1605 882 1655 angelorum
902 1603 1096 1642 bonorum
1113 1604 1373 1655 tnalorumve3
1397 1618 1522 1655 neque
1541 1619 1585 1643 ea

103 1680 250 1715 tamen,
275 1679 318 1708 ut
342 1670 450 1708 multi
483 1669 757 1716 crediderunt,
787 1682 835 1707 ex
861 1681 902 1707 se
938 1669 1022 1719 ipse
1050 1668 1221 1720 profert,
1244 1668 1311 1707 sed
1342 1681 1389 1708 ex
1419 1669 1586 1721 antiquis

95 1735 262 1787 judalcae
283 1748 327 1773 ac
347 1734 560 1786 praesertim
581 1733 809 1785 pharisa'icae
837 1733 978 1771 scholae
1001 1732 1294 1780 traditionibus,
1315 1740 1404 1784 post
1422 1734 1585 1784 captivi-

102 1809 218 1839 tatem
238 1799 511 1851 Babylonicam
531 1812 552 1837 e
569 1797 769 1836 chaldaica
789 1797 992 1849 disciplina
1011 1797 1182 1838 retentis.
1198 1797 1322 1836 'raxat
1338 1797 1584 1848 Augustinus,

102 1865 151 1904 de
165 1866 307 1905 lxaeres.
329 1878 413 1916 cap.
435 1865 471 1912 6,
487 1863 778 1902 Valentinianos
794 1862 967 1913 aliosque
993 1861 1199 1900 Gnosticos
1211 1891 1223 1910 ,
1246 1878 1263 1895 «ι
1280 1861 1386 1913 quod
1407 1862 1584 1913 dogmata

101 1929 361 1968 «tradiderint
379 1927 671 1966 fabulosissimis
692 1927 807 1979 plena
823 1927 1035 1978 figmentis,
1052 1935 1091 1964 et
1109 1926 1328 1977 principum
1353 1926 1412 1964 vel
1429 1927 1586 1978 angelo-

100 2011 116 2029 «
133 2008 216 2033 rum
230 1986 452 2032 nominibus
466 1992 702 2031 terribilibus
722 1992 897 2030 inlirmos
913 1990 1061 2030 animos
1074 1991 1248 2043 ceperint
1258 2009 1288 2029 n.
1301 1991 1423 2043 quue
1436 2001 1585 2031 constat

99 2073 146 2098 ex
162 2060 376 2098 innumeris
390 2071 522 2097 eorum
539 2058 691 2096 tesseris
707 2070 774 2095 seu
789 2056 1073 2108 diagrammatis
1090 2056 1284 2107 hodieque
1297 2057 1582 2108 superstitibus.

102 2126 243 2164 Verum
263 2125 335 2162 ista
354 2132 481 2162 tamen
502 2123 658 2162 nomina
679 2121 905 2161 hebraicum
925 2130 1063 2160 sonant
1085 2121 1235 2168 omnia;
1254 2134 1379 2173 neque
1398 2122 1481 2161 istis
1500 2123 1581 2161 hae-

102 2190 233 2228 reticis
245 2189 404 2242 propria
419 2189 550 2236 fuisse,
566 2188 632 2226 sed
652 2188 837 2240 pleraque
859 2201 908 2226 ex
923 2186 1095 2239 antiquis
1109 2186 1331 2225 Judaeorum
1348 2188 1582 2239 apocryphis

102 2264 219 2307 atquc
237 2269 285 2293 ex
304 2255 437 2292 intima
456 2253 704 2292 cabbalistica
725 2267 829 2305 penu
849 2253 1049 2303 desumpta
1065 2251 1278 2303 prodiisse,
1295 2249 1485 2289 neminem
1499 2251 1584 2303 opi·

101 2333 240 2358 namur
256 2333 337 2358 esse
352 2319 420 2370 qui
441 2317 604 2356 dubitet.

153 2384 264 2432 Quod
286 2385 317 2422 si
345 2384 432 2435 quis
456 2397 505 2421 ex
526 2382 684 2421 Enocho
713 2382 834 2429 malit,
854 2381 987 2419 saltem
1017 2381 1183 2419 fateatur
1201 2392 1354 2418 necesse
1374 2388 1431 2418 est
1457 2379 1578 2419 libere

99 2449 295 2487 Nostrum-
315 2462 403 2487 cum
425 2455 583 2485 auctore
615 2460 685 2484 suo
711 2446 840 2497 egisse.
876 2446 971 2485 Nam
998 2445 1103 2497 apud
1131 2444 1331 2483 Enochum
1349 2476 1360 2493 ,
1387 2445 1510 2496 qualis
1538 2445 1577 2483 in

99 2512 304 2563 aethiopica
326 2512 504 2550 versione
524 2511 680 2562 legitur,
700 2524 782 2561 cap.
813 2513 884 2562 39,
912 2511 977 2558 52,
1003 2510 1066 2557 54,
1086 2522 1149 2558 ⁰70,
1169 2518 1337 2560 quatuor
1355 2505 1579 2561 angelorum

100 2577 292 2628 principes
308 2577 583 2623 suntMichacl,
602 2576 785 2627 llupha'e'l,
798 2575 954 2614 Gabriel
972 2583 1011 2614 et
1025 2574 1213 2624 Phanuel,
1227 2574 1295 2626 qui
1310 2582 1348 2613 et
1363 2573 1434 2612 sub
1449 2574 1582 2613 mundi

101 2642 215 2680 {inem
234 2640 450 2679 daemonum
470 2642 681 2679 exercitum
699 2640 738 2678 in
758 2640 900 2678 inferos
921 2639 1160 2692 praecipitem
1178 2637 1302 2677 acturi
1320 2636 1582 2689 praedicuntur

100 2705 241 2743 ibidem
255 2735 265 2754 ,
285 2719 367 2756 cap.
391 2705 452 2743 52.
474 2707 599 2745 Porro
623 2705 660 2742 iu
679 2704 874 2756 Sibyllinis
893 2704 979 2742 duce
995 2712 1086 2742 suut
1104 2703 1217 2741 unius
1231 2715 1365 2740 versus
1383 2702 1580 2751 lectiones,
1613 2707 1618 2714 ”

101 2778 235 2808 neutra
255 2783 340 2808 cum
361 2769 520 2808 Enocho
540 2769 637 2807 hene
667 2761 846 2807 'constans
861 2781 871 2814 ς
889 2782 1052 2820 quarum
1072 2781 1149 2806 una
1168 2776 1245 2818 est,
1261 2767 1328 2807 lib.
1346 2768 1399 2815 11,
1421 2781 1454 2806 v.
1473 2768 1546 2806 215
1566 2779 1576 2806 :

257 2833 405 2877 ἽΙξουσι
425 2832 591 2884 Μιχαὴλ,
614 2832 771 2885 Γαῦριὴλ
784 2863 795 2881 ,
814 2831 979 2885 Ῥαφαήλ
997 2834 1029 2871 τ’
1050 2832 1206 2883 Οὐριήλ,
