1752 3495
163 209 257 255 276
553 207 636 251 AD
669 207 1014 253 SlBYLLlNOS
1047 206 1258 252 LIBROS

161 305 435 357 prophetarum
459 303 612 340 nomine
640 303 763 341 Moses
792 316 946 354 quoque
975 303 1354 354 comprehendatur:
1378 311 1502 342 cetera
1535 309 1624 346 satis

158 378 292 417 acute,
312 380 445 419 parum
477 375 603 405 tamen
634 367 681 405 ad
702 381 802 414 rem,
821 369 1000 418 quoniam
1027 367 1122 405 illud
1143 367 1271 405 omisit
1294 367 1399 418 quod
1434 361 1622 421 praecipue

159 433 399 472 statuendum
420 439 525 478 erat,
543 444 718 482 quaenam
739 430 802 468 illa
819 439 940 468 essent
959 430 1146 482 Sibyllina
1159 431 1337 469 Ciceroni
1358 440 1449 469 nota
1477 441 1514 471 et
1533 436 1622 473 Var-

160 497 255 545 roni,
269 497 448 534 eademne
465 508 551 533 cum
571 495 710 533 nostris
730 493 936 544 Sibyllinis,
952 507 998 531 au
1016 495 1088 533 alia
1109 496 1262 546 gentilia
1281 503 1318 533 et
1334 496 1506 545 profana,
1521 501 1618 548 quod

159 564 270 612 longe
289 560 532 598 verisimilius
556 568 593 598 et
614 559 724 596 unice
744 572 873 596 verum
898 567 968 598 est.

209 625 346 676 Utique
367 624 518 662 videtur
532 622 721 661 Lactantii
737 636 835 673 opus
849 651 858 669 ,
877 622 949 660 sibi
964 635 1096 661 recens
1113 622 1162 660 ab
1176 632 1331 661 auctore
1353 625 1507 662 missum
1521 653 1531 672 ‚
1547 639 1617 665 non

156 702 313 742 prorsus
329 689 535 739 neglexisse
555 687 823 726 Constantinus
844 688 1081 738 imperator3
1109 688 1185 726 imo
1201 689 1388 739 scriptum
1409 689 1504 726 illud
1517 704 1617 740 egre-

156 756 260 806 gium
286 753 516 803 crebrasque
538 752 572 788 in
603 765 646 788 eo
664 751 896 801 Sibyllarum
916 752 1047 790 laudes
1065 751 1116 791 ob
1135 753 1267 791 oculos
1285 752 1461 791 babuisse
1476 782 1486 800 ,
1506 767 1615 804 quum

157 817 360 869 in'synodo
374 817 525 855 Nieaeua
545 815 646 852 illam
666 815 713 852 ad
728 816 908 861 Sanctos‚
926 816 964 853 id
983 825 1049 864 est,
1070 817 1115 854 ad
1140 817 1292 855 concilii
1316 819 1461 867 Patres,
1483 821 1616 857 oratio-

156 896 242 920 nem
272 881 445 924 haberet‚
465 892 550 932 quae
576 878 680 930 apud
704 879 911 917 Eusebium
934 888 1056 918 exstat
1077 881 1156 931 ejus
1178 882 1263 918 vitae
1289 880 1437 927 addita,
1462 882 1540 920 sive
1571 883 1615 921 ab

155 948 238 998 ipso
269 944 458 996 principe,
489 942 592 994 qnod
621 943 743 980 minus
767 943 979 992 credimus,
1000 944 1080 982 sive
1100 944 1228 995 potius
1248 945 1327 995 ejus
1349 944 1458 995 jussu
1478 955 1516 983 et
1543 955 1616 985 tan-

153 1025 264 1064 quam
280 1024 326 1048 co
341 1010 506 1047 dictante
529 1008 644 1046 latine
663 1008 816 1058 scripta,
839 1008 978 1046 deinde
997 1009 1044 1047 ab
1061 1009 1190 1060 aliquo
1210 1023 1287 1048 non
1307 1009 1486 1061 imperito
1504 1024 1614 1061 graecc

151 1089 275 1114 versa.
304 1076 345 1114 In
365 1075 427 1112 illa
455 1073 555 1111 enim
578 1073 752 1110 oratione
772 1072 956 1111 alluditur
977 1073 1023 1112 ad
1045 1073 1231 1124 Sibyllina
1250 1087 1370 1125 saepe,
1391 1088 1434 1112 ac
1459 1078 1613 1126 primum

149 1145 168 1188 §
189 1148 223 1189 4,
247 1140 293 1179 ad
315 1138 500 1178 celebrem
518 1138 624 1176 illum
646 1138 906 1188 syllogismum
925 1139 1106 1176 l‘rooemii
1122 1169 1131 1185 ,
1154 1152 1193 1177 ν.
1218 1140 1280 1189 39,
1298 1152 1383 1189 sqq.
1403 1152 1412 1178 τ

235 1211 237 1213 ’
307 1204 350 1242 lii
370 1202 405 1240 δὲ
426 1199 566 1253 γενητὸν
586 1201 672 1244 ὅλως
691 1201 749 1240 καὶ
766 1202 960 1255 φθείρεται,
980 1219 1012 1242 κ.
1030 1218 1060 1241 τ.
1078 1204 1110 1242 λ.

147 1267 435 1307 tleiudeibidem
451 1267 497 1305 ad
512 1267 683 1318 sepulcra
701 1267 860 1306 deorum
877 1282 898 1306 a
918 1268 1162 1308 Cretensibus
1184 1278 1406 1316 monstrata,
1426 1268 1494 1310 lib.
1519 1271 1613 1319 vm,

144 1346 181 1373 τ.
203 1334 268 1381 48,
289 1346 359 1383 sq.;
380 1332 515 1370 :leinde
534 1332 555 1381 §
573 1345 634 1380 ιιι,
655 1332 701 1368 ad
725 1341 853 1370 votum
870 1333 965 1370 illud
985 1334 1022 1370 in
1043 1333 1240 1383 Sibyllinis
1257 1334 1394 1385 passim
1412 1333 1588 1373 obvium:

303 1395 349 1436 Λῖ
362 1426 371 1444 ,
397 1395 433 1434 αἳ
448 1426 460 1445 ,
480 1395 547 1448 ἐγὼ
567 1395 683 1444 δειλὴ,
700 1395 776 1435 πότ’
794 1396 971 1436 ἐλεύσεται
988 1392 1086 1450 ἦμαρ
1103 1399 1234 1444 ἐκεῖνο;

143 1462 205 1501 Sic
228 1461 329 1500 enim
356 1460 410 1499 ibi
448 1460 642 1498 inducitur
663 1460 810 1511 Sibylla
841 1462 1028 1512 loquens:
1048 1460 1090 1501 ‘ll
1115 1466 1196 1513 γοῦν
1229 1462 1421 1514 Ἐρυθραία
1452 1463 1534 1516 πρὸς
1556 1464 1607 1503 τὸν

144 1525 234 1566 Θεόν
247 1538 257 1549 ·
272 1526 319 1565 Τί
341 1525 378 1564 δέ
396 1525 473 1574 μοί,
491 1541 593 1578 φησιν
605 1555 614 1572 ,
641 1518 670 1564 ‹⁶5›
686 1525 848 1575 δέσποτα,
867 1526 929 1574 τὴν
951 1529 1013 1573 τῆς
1032 1527 1195 1577 μαντείας
1211 1526 1434 1574 ἐπισκήπτεις
1450 1527 1606 1581 ἀνάγκην,

142 1590 201 1629 καὶ
221 1589 299 1643 οὐχὶ
319 1590 449 1641 μᾶλλον
468 1588 537 1628 ἀπὸ
559 1592 620 1635 τῆς
645 1591 708 1639 γῆς
728 1591 888 1642 ἀρθεῖσαν
910 1590 1151 1644 διαφυλάττεις
1168 1591 1251 1644 ἄχρι
1268 1593 1329 1638 τῆς
1350 1592 1606 1643 μακαριωτάτης

143 1657 206 1702 σῆς
221 1653 385 1697 ἐλεύσεως
401 1652 553 1705 ἠμέρας;
569 1654 705 1701 Etiam,
729 1658 747 1701 ς
775 1668 831 1701 12,
849 1655 919 1693 sub
937 1656 1014 1704 fin„
1036 1655 1159 1693 locum
1176 1668 1266 1693 sane
1284 1657 1509 1706 praeclarum
1529 1657 1605 1695 libri

145 1721 254 1772 vm,
272 1734 309 1760 v.
334 1720 425 1769 382,
450 1726 552 1771 sq‹1.,
581 1719 629 1757 de
658 1721 824 1758 vanitate
853 1722 1128 1759 sacrificiorum
1151 1720 1262 1759 idolis
1287 1720 1526 1770 oblatorum,
1547 1737 1604 1774 pa-

145 1786 218 1825 lam
241 1785 412 1823 imitatur
436 1785 717 1824 Constantinus.
737 1785 809 1824 Sed
840 1799 1024 1837 nusquam
1047 1786 1163 1837 magis
1182 1785 1367 1837 Sibyllina
1391 1788 1604 1826 auctoritate

145 1852 290 1897 nititur,
313 1863 423 1901 quam
443 1839 607 1896 ibidem,
625 1849 646 1900 §
666 1851 726 1889 18.
751 1849 808 1888 lbi
823 1851 924 1888 enim
939 1864 1107 1889 summus
1126 1851 1192 1889 ille
1208 1851 1280 1899 vir,
1296 1851 1363 1890 sed
1378 1853 1514 1890 clarior
1524 1866 1604 1891 sane

144 1918 357 1968 imperator
371 1928 484 1965 quam
500 1922 564 1952 aut
586 1915 787 1966 theologus
809 1924 875 1953 aut
901 1916 1055 1954 criticus
1069 1948 1078 1963 ,
1101 1916 1185 1967 pari
1213 1917 1293 1954 sere
1314 1910 1400 1955 cum
1415 1917 1601 1956 Lactantio

146 1980 281 2019 liducia
304 1979 480 2030 gentibus
507 1980 671 2030 opponit
701 1990 893 2031 sumptum
923 1994 944 2018 a
970 1980 1114 2033 Sibylla
1147 1981 1424 2032 testimonium,
1451 1996 1518 2020 nec
1530 1982 1601 2033 jam

143 2046 259 2084 breve
278 2044 433 2096 aliquod
453 2044 727 2095 fragmentum,
746 2045 809 2082 sed
830 2054 947 2083 totam
971 2046 1072 2084 illam
1093 2045 1140 2083 de
1158 2055 1329 2085 extremo
1343 2046 1491 2098 judicio
1505 2061 1600 2085 acro-

143 2110 360 2158 stichidem,
381 2110 516 2160 quaein
538 2109 734 2148 hodiernis
749 2110 947 2161 Sibyllinis
969 2111 1119 2163 legitur,
1144 2110 1212 2150 lib.
1234 2112 1343 2157 VIII,
1367 2126 1400 2151 v.
1425 2126 1597 2162 217,sqq.

144 2176 202 2215 En
223 2177 305 2226 ipsa
324 2174 489 2211 oratoris
509 2173 626 2211 verba
653 2187 662 2213 :
680 2174 903 2226 Παρίσταται
917 2175 953 2212 δέ
967 2189 1026 2225 μοι
1042 2174 1099 2212 καὶ
1119 2176 1188 2213 τῶν
1209 2175 1415 2214 ἀλλοδαπῶν
1434 2191 1466 2214 τι
1483 2173 1601 2228 μαρτύ-

145 2255 214 2294 ριον
231 2241 292 2285 τῆς
308 2241 366 2277 τοῦ
382 2238 533 2291 Χριστοῦ
551 2236 708 2285 θεότητος
726 2239 1046 2290 ἀπομνημονεῦσαι.
1063 2237 1128 2278 Ἐκ
1147 2237 1213 2292 γάρ
1234 2255 1286 2278 τοι
1304 2239 1434 2278 τούτων
1457 2236 1600 2286 δηλονότι

142 2303 201 2344 καὶ
225 2307 248 2352 ἢ
278 2304 347 2342 τῶν
381 2301 677 2355 βλασφημούντων
700 2302 802 2341 αὐτὸν
823 2302 956 2341 διάνοια
981 2296 1069 2342 οἶδεν
1097 2305 1198 2342 αὐτὸν
1226 2304 1315 2344 Θεὸν
1339 2304 1422 2343 ὄντα
1438 2304 1493 2343 καὶ
1516 2305 1598 2343 Θεοῦ

141 2369 250 2408 παῖδα
264 2398 274 2417 ,
293 2367 389 2420 εἴπερ
409 2371 489 2419 γοῦν
508 2370 580 2411 τοῖς
605 2369 737 2406 ἑαυτῶν
757 2367 871 2420 λόγοις
895 2367 1129 2409 πιστεύουσιν.
1150 2368 1196 2408 ‘II
1213 2369 1325 2408 τοίνυν
1343 2368 1526 2422 Ἐρυθραία
1544 2366 1599 2406 Σί-

141 2434 270 2481 6υλλα,
294 2432 473 2486 φάσκουσα
497 2431 622 2479 ἑαυτὴν
638 2431 720 2484 ἕκτῃ
740 2439 840 2486 γενεᾷ
859 2431 945 2483 μετὰ
964 2432 1021 2471 τὸν
1041 2432 1287 2484 κατακλυσμὸν
1311 2431 1481 2484 γενέσθαι,
1502 2429 1596 2481 ἱέρεια

140 2492 181 2544 ἦν
199 2501 259 2536 τοῦ
275 2497 490 2540 Ἀπόλλωνος
499 2523 667 2536 .......
691 2495 789 2544 Αὕτη
811 2497 923 2535 τοίνυν
944 2497 1009 2542 ἔξω
1024 2497 1141 2550 [vulg.
1162 2495 1259 2551 εἴσω]
1281 2499 1349 2535 τῶν
1369 2496 1497 2536 ἀδύτων
1522 2491 1597 2532 ποτὲ

141 2565 203 2608 τῆς
230 2562 371 2616 ἀκαίρου
396 2560 663 2611 δεισιδαιμονίας
693 2564 931 2614 προαχθεῖσα,
960 2561 1018 2600 καὶ
1053 2562 1144 2606 Θείας
1173 2562 1351 2605 ἐπιπνοίας
1380 2561 1482 2602 ὄντως
1512 2571 1598 2609 γενο·
1645 2612 1650 2618 ι

142 2625 228 2678 μένη
248 2624 379 2675 μεστὴ,
401 2626 444 2663 δι’
461 2625 553 2663 ἐπῶν
579 2625 658 2678 περὶ
675 2629 736 2664 τοῦ
752 2628 843 2665 Θεοῦ
863 2625 906 2664 τὰ
940 2625 1112 2676 μέλλοντα
1136 2625 1382 2679 προεθέσπισε,
1403 2625 1515 2677 σαφῶς
1530 2626 1596 2662 ταῖς

139 2690 323 2745 προτάξεσι
348 2692 416 2728 τῶν
447 2688 593 2742 πρώτων
612 2690 850 2743 γραμμάτων,
871 2690 946 2736 ἥτις
968 2690 1168 2743 ἀκροστιχὶς
1198 2689 1358 2742 λέγεται,
1376 2690 1522 2736 δηλοῦσα
1540 2684 1594 2731 τὴν

139 2756 292 2810 ἱστορίαν
306 2756 365 2801 τῆς
385 2757 442 2793 τοῦ
460 2754 574 2801 Ἰησοῦ
593 2754 833 2799 κατελεύσεως.
849 2754 955 2795 Ἔστι
972 2755 1007 2794 δὲ
1026 2760 1048 2804 ἡ
1065 2757 1265 2810 ἀκροστιχὶς
1279 2756 1366 2803 αὕτη
1379 2770 1386 2778 ·
1405 2752 1595 2793 ΙΗΣΟΥΣ·

138 2821 409 2868 ΧΡΕΙΣΤΟΣ,
426 2837 459 2859 κ.
478 2835 510 2860 τ.
538 2822 574 2859 λ.
597 2823 688 2867 Quae
717 2821 765 2859 ad
786 2821 943 2860 verbum
960 2853 970 2870 ‚
992 2822 1104 2861 nobis
1135 2822 1404 2875 interpretibus
1429 2820 1481 2858 sic
1508 2814 1598 2855 verti

140 2895 299 2939 possunt
315 2902 323 2925 ι
341 2905 356 2920 «ι
377 2885 471 2925 Mihi
493 2898 582 2924 vero
600 2886 787 2925 succurrit
804 2887 945 2938 aliquid
961 2888 1072 2926 etiam
1092 2887 1140 2926 ab
1158 2888 1347 2926 extrancis
1364 2886 1592 2935 desumptum
