1752 3495
738 169 1039 214 EXCURSUS
1066 171 1111 213 Ἰ.
1129 208 1131 211 ⁴
1624 169 1652 215 3
1702 177 1706 180 '

246 269 396 321 Quippe
424 266 684 319 temporibus,
705 266 819 313 locis,
839 265 1014 311 natione,
1041 264 1169 315 lingua
1187 265 1449 305 diversissimas
1468 265 1654 307 seruntur.

195 334 370 372 Inantris
394 347 438 372 ac
463 330 652 383 speluncis
678 329 872 367 nonnullae
897 327 1271 379 quidemlhabitasse
1305 329 1526 378 traduntur,
1559 330 1684 381 Ery-.-

196 398 324 443 tliraea,
345 398 526 442 Cumana,
546 394 686 441 Sicula,
708 393 865 432 sortasse
884 390 1126 444 Colophonia
1139 400 1174 430 et
1197 391 1362 442 Libyca3
1381 395 1446 433 sed
1461 393 1555 447 quid
1574 394 1660 432 reli.

195 464 302 513 quae‘?
330 462 450 501 Clarae
479 460 595 509 vulgo
624 459 778 496 fuerunt
809 458 1038 508 virginitatis
1072 458 1196 504 sama,
1229 469 1391 507 eumque
1419 471 1657 497 communem

195 525 371 564 omnibus
386 524 534 562 titulum
553 523 642 560 facit
663 522 933 573 Hieronymus,
951 522 1035 560 adv.
1052 522 1182 561 Jovin.
1202 522 1278 559 loc.
1293 522 1357 559 cit.
1376 536 1386 558 ι
1407 539 1421 555 α
1436 523 1536 568 Quid
1557 524 1660 562 rese-

195 609 208 623 «ι
227 604 327 638 ram,
346 588 492 640 inquit,
512 586 702 637 Sibyllas,
724 586 961 638 Erythraeam
976 594 1092 637 atque
1107 585 1315 624 Cumanam
1331 593 1368 622 et
1390 593 1477 624 octo
1496 588 1661 639 reliquas

195 671 209 687 e.
226 660 337 706 (nam
360 654 484 693 Varro
506 651 638 689 decem
668 650 784 688 fuisse
806 651 1024 700 autumat),
1043 663 1203 700 quarum
1228 649 1375 703 insigne
1395 649 1589 700 virginitas
1605 661 1663 690 est

196 735 210 750 κ
231 728 270 756 et
287 716 514 768 virginitatis
529 714 723 767 praemium
739 713 951 753 divinatio?
965 732 980 749 u
998 714 1073 752 Sed
1087 728 1168 752 eain
1188 722 1312 751 tamen
1332 713 1481 751 laudem
1495 713 1567 753 sibi
1585 729 1663 754 non

196 783 394 819 vindicant
420 781 622 818 Carmenta
655 779 823 817 Evandri
844 788 879 816 et
897 780 1026 818 Manto
1048 779 1204 816 Tiresiae
1223 786 1366 825 mater,
1389 778 1461 815 nisi
1480 777 1583 816 dicas
1597 780 1664 818 Si·-

197 846 308 898 byllis
326 846 419 884 falso
440 858 502 882 eas
519 843 775 883 annumerari.
796 843 953 881 Fuerint
985 851 1107 880 tamen
1134 855 1264 880 omnes
1293 842 1458 893 virgines
1479 856 1488 880 z
1519 856 1567 881 an
1587 857 1662 883 non

197 911 375 949 Peleades
398 921 552 961 quoque
572 916 609 945 et
633 907 855 947 Phemonoe
878 917 914 946 et
934 907 1081 957 Pytbiae
1103 919 1233 944 omncs
1254 906 1388 945 eodem
1407 907 1492 957 jure
1514 907 1666 958 Sibyllae

197 975 271 1013 dici
293 974 525 1026 potuerunt?

251 1040 401 1078 Rectius
421 1047 486 1076 au‘t
508 1046 612 1076 certe
632 1035 838 1089 speciosius
859 1035 1088 1087 excogitavit
1113 1036 1216 1073 Petr.
1241 1036 1387 1074 Petitus
1401 1063 1414 1081 ,
1443 1034 1492 1072 de
1515 1035 1666 1086 Sibyll„

199 1105 266 1145 lib.
285 1106 357 1152 111,
378 1117 460 1155 cap.
486 1118 518 1150 1,
531 1117 603 1154 sq„
623 1101 813 1154 probante
825 1101 1012 1148 Fabricio,
1027 1113 1064 1150 p.
1086 1102 1175 1147 237,
1196 1099 1359 1150 Sibyllas
1373 1100 1528 1151 proprie
1547 1099 1666 1138 dictas

199 1171 312 1209 fuisse
337 1183 421 1220 quae
450 1183 527 1206 non
556 1176 700 1205 tantum
725 1165 1012 1205 consulentibus
1038 1165 1341 1216 responderent,
1365 1165 1432 1204 sed
1456 1165 1587 1204 divino
1603 1165 1666 1203 in-

197 1236 338 1273 stinctu
358 1248 426 1285 per
450 1233 563 1271 urbes
585 1233 845 1270 discurrerent
862 1240 927 1268 aut
946 1238 1103 1281 repente
1120 1230 1163 1270 in
1184 1230 1313 1282 aliquo
1330 1231 1476 1282 populo
1506 1231 1666 1269 exsiste-

199 1308 282 1337 rent
315 1299 535 1336 futurorum
566 1298 666 1335 ultro
688 1296 932 1347 praenuntiae,
961 1296 1060 1332 sicut
1091 1294 1192 1346 apud
1214 1294 1392 1333 llebraeos
1408 1295 1507 1333 sacri
1524 1304 1627 1333 vates
1646 1308 1669 1333 a

198 1365 280 1401 Deo
309 1363 477 1401 suscitati
510 1361 715 1413 Propheta:
748 1360 839 1398 dieti
868 1368 957 1398 sunt
984 1358 1169 1410 peculiari
1189 1358 1353 1411 quadam
1385 1359 1668 1411 appellatione,

197 1442 272 1480 qua
293 1428 471 1466 sciliceta
490 1427 629 1464 divinis
648 1435 685 1464 et
706 1426 864 1463 hariolis
882 1425 1220 1476 distinguerentur.

251 1493 407 1532 Planior
425 1501 548 1530 tamen
570 1500 607 1530 et
632 1491 851 1542 expeditior
871 1499 927 1529 est
946 1490 1152 1537 sententia,
1175 1503 1287 1540 quam
1303 1503 1388 1528 cum
1407 1489 1580 1541 plurimis
1599 1501 1670 1527 au—

198 1567 346 1596 ctorum
365 1557 588 1595 testimoniis
612 1565 647 1594 et
669 1569 756 1594 cum
787 1556 974 1593 sactorum
1003 1554 1207 1592 traditione
1230 1562 1405 1592 constare
1435 1552 1669 1601 videbimus,

200 1623 396 1660 mulierem
414 1622 580 1672 aliquam
610 1621 708 1658 inter
730 1619 844 1658 rudes
869 1619 1098 1669 ignarosque
1125 1618 1289 1669 populos
1309 1617 1497 1656 vaticiniis
1528 1617 1670 1655 claram

202 1700 338 1725 nomen
356 1686 450 1724 illud
475 1700 496 1724 a
525 1686 645 1724 divini
677 1685 828 1723 consilii
849 1684 1097 1735 intelligentia
1117 1684 1277 1735 primam
1298 1682 1473 1733 duxisse,
1502 1683 1581 1722 sive
1601 1697 1670 1735 per

200 1751 446 1789 ambitionem
466 1758 721 1801 assumptum,
742 1750 821 1787 sive
837 1749 939 1800 vulgi
955 1749 1199 1786 veneratione
1218 1748 1400 1795 inditum,
1415 1748 1517 1800 quod
1532 1748 1669 1787 deinde

200 1829 269 1866 per
298 1815 546 1852 imitationem
575 1814 621 1851 ad
656 1815 749 1851 alias
781 1814 921 1852 similes
953 1813 1166 1859 transierit,
1185 1827 1260 1850 non
1297 1821 1419 1850 tamen
1438 1813 1486 1851 ad
1515 1827 1667 1862 omnes,

199 1880 262 1917 sed
284 1879 329 1917 ad
358 1893 418 1917 eas
444 1887 588 1917 tantum
609 1892 693 1930 quae
719 1879 845 1930 aliqua
876 1879 935 1915 vel
953 1878 1024 1915 loci
1043 1878 1100 1915 vel
1122 1890 1295 1927 personae
1313 1879 1578 1916 convenientia
1595 1892 1667 1916 an-

202 1945 376 1996 tiquioris
403 1945 504 1983 illius
532 1954 569 1983 et
600 1946 771 1982 omnium
807 1944 937 1995 primae
966 1943 1118 1993 Sibylla»,
1144 1943 1364 1980 memoriam
1392 1945 1537 1999 referre
1560 1945 1669 1983 vide·-

202 2019 346 2049 rentur.
610 2043 614 2047 .

253 2075 478 2126 Quanquam
500 2074 564 2112 tali
583 2073 843 2124 disquisitioni
859 2086 905 2110 ne
920 2073 1028 2110 locus
1046 2071 1198 2123 quidem
1215 2070 1339 2118 fuerit,
1359 2072 1390 2109 si
1412 2072 1515 2123 quod
1530 2073 1612 2111 fuse
1633 2082 1670 2111 et

202 2140 396 2189 ingeniose
407 2139 617 2190 disputavit
631 2139 814 2190 proximis
826 2137 884 2176 his
900 2138 1007 2175 annis
1019 2138 1078 2175 vir
1090 2137 1330 2176 doctissimus
1342 2136 1536 2189 Rudolph.
1550 2140 1666 2180 Henr.

205 2206 385 2254 Klausen,
401 2205 440 2243 in
457 2218 573 2257 opere
589 2206 651 2244 eui
669 2205 802 2243 titulus*
815 2208 953 2242 AEneas
969 2206 1046 2241 und
1061 2206 1122 2242 die
1139 2207 1318 2252 Penaten,
1338 2203 1474 2243 namb.
1492 2213 1530 2243 et
1548 2205 1668 2245 Goth.

210 2272 322 2321 1839,
344 2270 487 2321 Sibylla
513 2271 617 2308 nulla
637 2283 804 2321 unquam
825 2270 962 2307 mulier
986 2270 1150 2321 exstitit3
1178 2270 1242 2308 sed
1265 2270 1430 2320 primum
1451 2283 1497 2308 eo
1517 2271 1670 2309 nomine

204 2335 331 2374 vocari
345 2344 468 2386 coepta
483 2343 539 2373 est
550 2348 688 2373 arcana
701 2334 876 2386 quaedam
890 2348 965 2371 vox
977 2333 1310 2373 subterraneorum
1322 2334 1578 2384 oraculorum,
1588 2349 1672 2386 quae

198 2398 307 2449 juxta
329 2399 525 2449 antiquam
555 2400 799 2450 Pelasgorum
821 2400 1041 2451 religionem
1075 2399 1113 2437 in
1136 2400 1252 2437 sacris
1270 2399 1496 2450 quibusdam
1513 2401 1632 2438 antris
1652 2414 1673 2439 e

208 2464 366 2501 sontium
386 2464 671 2502 scaturientium
691 2479 904 2513 murmure,
927 2465 1131 2516 praesertim
1147 2465 1338 2516 aspirante
1352 2474 1467 2503 vento
1480 2465 1673 2503 frementi-

205 2529 353 2580 busque
373 2528 552 2567 arborum
570 2529 690 2577 soliis,
709 2529 834 2568 audiri
849 2529 1078 2568 credebatur
1095 2544 1103 2567 ε
1118 2529 1226 2581 cujus
1244 2530 1346 2567 vocis
1362 2542 1542 2581 responsa
1558 2543 1578 2568 a
1599 2531 1671 2569 mi-

205 2594 334 2632 nistris
351 2594 428 2631 sive
447 2594 680 2645 bypoplietis
694 2603 850 2646 excepta
872 2594 1120 2646 versibusque
1142 2594 1303 2642 reddita,
1322 2594 1461 2633 deinde
1475 2595 1512 2633 in
1533 2609 1673 2648 corpus

207 2660 377 2705 redacta,
396 2659 466 2698 sub
481 2660 590 2697 titulo
610 2659 886 2711 Sibyllinorum
913 2661 1123 2698 carminum
1150 2660 1186 2697 in
1209 2660 1343 2711 vulgus
1363 2660 1574 2699 discurrere
1594 2675 1672 2699 εοε-

208 2725 333 2774 per-int
356 2740 364 2762 :
385 2725 561 2762 Klausen.
589 2738 705 2775 opere
731 2725 845 2762 citato
876 2726 1030 2776 passim,
1056 2738 1101 2762 ac
1118 2724 1325 2776 praesertim
1348 2724 1416 2764 lib.
1438 2726 1470 2763 ll
1488 2754 1499 2773 ‚
1524 2739 1561 2776 p.
1582 2738 1671 2774 212,

208 2802 288 2839 sqq.
309 2790 398 2836 Quae
418 2790 546 2828 omnia
567 2789 698 2838 (liceat
716 2789 826 2827 nobis
845 2803 864 2826 a
882 2793 965 2828 viro
983 2790 1136 2840 egregio
1156 2789 1379 2841 dissentire)
1398 2820 1408 2837 ,
1427 2790 1592 2841 pm‘rnum
1612 2803 1672 2828 re-

209 2862 572 2902 pugnanty'cternm
601 2854 769 2891 oninium
795 2854 1012 2901 sententiae,
1041 2853 1105 2904 qui
1130 2852 1338 2891 etiamwubi
1366 2853 1412 2891 de
1444 2853 1671 2903 Sibyllarum
