1752 3495
731 212 1038 258 exconsus
1074 213 1110 258 1.
1137 203 1140 206 ’
1592 215 1649 258 59

347 316 429 353 Huc
446 310 512 350 ubi
527 310 674 348 delatus
688 311 879 349 Cumaeam
895 310 1098 348 accesseris
1114 309 1245 348 urbem
1258 339 1269 357 ,

346 379 520 416 Insanam
535 382 658 412 vatem
676 375 835 425 aspicies
849 403 858 420 ‚
874 387 959 424 quae
976 385 1071 424 rupe
1089 372 1159 410 sub
1176 374 1254 425 'ima

346 441 433 478 Fata
452 439 571 484 canit,
595 438 775 489 foliisque
791 447 902 476 notas
922 446 959 475 et
977 437 1131 475 nomina
1152 436 1320 488 mandat.

189 507 286 545 Nota
302 505 488 555 speluncae
508 503 738 540 mentionem
760 502 885 539 statim
903 515 922 539 a
940 510 1053 553 poeta
1074 501 1154 539 lieri
1174 518 1191 534 u
1209 514 1302 551 rupe
1317 500 1388 538 sub
1407 501 1500 549 ima,
1517 519 1532 535 ιι
1557 502 1655 539 scri-

187 569 414 617 bentemque
433 567 638 604 monstrari
656 566 840 617 Sibyllam
854 595 863 613 ‚
882 580 961 604 non
981 575 1129 604 tantum
1158 573 1376 611 canentem3
1396 565 1444 602 ad
1463 578 1548 616 quae
1565 566 1655 605 Ser-

187 635 269 671 vius
287 648 295 670 :
315 650 329 666 «ι
349 629 490 669 Tribus
518 631 639 668 modis
659 632 711 668 ait
744 632 871 669 sutura
893 631 1092 682 praedicta,
1113 637 1178 667 aut
1199 643 1307 679 voce,
1322 638 1390 667 aut
1409 630 1566 681 scripto,
1587 639 1653 669 ant

187 716 202 730 ιι
231 696 344 746 signis
358 723 367 738 ‚
385 694 508 740 idest,
530 695 759 745 quibusdam
780 696 903 744 notis,
921 703 960 732 ut
983 695 1020 731 in
1037 693 1207 731 obelisco
1225 694 1354 733 Romae
1369 694 1536 731 videmus
1549 722 1559 740 ‚
1579 696 1650 741 vel,

187 778 200 793 ι
232 768 271 797 nt
286 759 347 795 alii
360 758 503 806 dieunt,
520 758 619 795 notis
638 759 830 796 literarum
843 787 853 804 ,
869 769 908 796 nt
926 771 994 809 per
1010 771 1121 795 unam
1140 758 1286 795 literam
1298 757 1481 808 significet
1494 757 1650 808 aliquid.

185 842 200 857 «ι
230 824 270 861 ln
290 822 388 859 soliis
405 830 530 859 autem
549 822 760 873 palmarum
774 822 959 873 Sibyllam
974 822 1141 860 scribere
1159 822 1294 870 solere,
1310 830 1470 859 testatur
1484 822 1618 861 Varr'o.
1637 840 1652 855 .

183 889 304 926 Grave
324 895 378 924 cst
402 886 461 924 hic
482 888 662 925 Varronis
692 887 970 934 testimonium,
999 895 1038 923 nt
1061 895 1242 937 appareat
1261 887 1298 923 in
1320 886 1378 924 his
1392 899 1546 937 quoqne
1566 886 1651 923 Vir-

182 951 311 1002 gilium
340 964 416 988 non
445 950 492 989 de
518 965 588 989 suo
618 952 744 989 onmia
779 952 941 989 linxisse.
969 952 1022 989 Ac
1042 951 1203 989 sortasse
1231 950 1279 988 (le
1309 951 1423 989 modo
1453 950 1652 1001 scriptur-‘e

183 1016 293 1053 nimis
316 1024 528 1066 argutatur,
550 1016 603 1053 uti
623 1017 732 1063 solet,
752 1016 921 1055 Servius.
952 1015 1026 1054 Sed
1047 1014 1095 1052 de
1118 1015 1299 1062 materia,
1327 1018 1525 1065 antiquum
1546 1014 1650 1052 illum

183 1081 296 1118 fuisse
326 1093 469 1117 morem
495 1080 534 1117 in
567 1081 666 1118 soliis
687 1081 898 1131 palmarum
923 1079 1130 1125 scribendi,
1157 1079 1329 1130 agnoscit
1358 1079 1526 1126 Plinius,
1554 1078 1650 1119 nist.

181 1154 258 1182 nat.
280 1145 391 1191 Xlll,
419 1149 437 1197 §
464 1159 508 1182 21
538 1145 641 1195 (olim
676 1146 759 1195 ιι);
785 1158 898 1195 quem
920 1153 957 1182 et
979 1144 1029 1182 ad
1045 1152 1212 1181 nostram
1235 1145 1456 1182 memoriam
1481 1144 1519 1180 in
1543 1143 1652 1182 india

183 1210 401 1259 perstitisse,
425 1210 551 1247 soi-san
571 1218 607 1247 et
623 1209 739 1247 hodie
760 1219 944 1260 perstare,
964 1209 1199 1260 exemplaria
1219 1208 1393 1247 codicum
1414 1210 1467 1246 ita
1484 1210 1650 1260 scripto-

182 1288 264 1312 rum
287 1274 422 1325 passim
445 1273 558 1312 obvia
579 1283 778 1313 testantur.
796 1274 927 1311 Cumis
942 1282 1067 1312 tamen
1089 1274 1126 1311 in
1145 1272 1251 1311 Italia
1266 1272 1459 1311 difficilior
1476 1272 1546 1309 suit
1563 1284 1652 1309 usus

180 1340 243 1377 ille
267 1341 472 1388 palmarum
495 1355 504 1377 ε
523 1353 614 1390 quas
643 1339 696 1377 ibi
723 1347 800 1377 tum
822 1339 1054 1390 alienigenas
1071 1340 1192 1376 cultas
1221 1339 1334 1376 fuisse
1357 1339 1419 1375 vix
1438 1337 1652 1385 credimus3

183 1404 425 1454 Claamoerops
458 1414 584 1442 autem
615 1405 777 1450 hamdis,
807 1403 911 1454 quod
933 1417 1051 1441 unum
1083 1405 1120 1441 in
1150 1404 1307 1454 Europa
1325 1404 1494 1441 nativum
1519 1402 1652 1453 palmae

180 1482 297 1519 genus
320 1477 396 1517 est,
435 1469 616 1520 frequens
642 1469 680 1506 in
710 1469 840 1508 Sicilia
869 1469 1017 1515 frutex,
1044 1469 1191 1506 etiamsi
1222 1468 1460 1519 frequentior
1481 1468 1519 1507 in
1546 1467 1651 1505 ltalia

179 1533 294 1571 fuerit
311 1533 401 1571 olim
422 1547 536 1583 quam
555 1533 670 1571 hodie
687 1542 767 1584 est,
790 1533 946 1570 minime
966 1540 1054 1584 apta
1070 1532 1273 1570 scribendo
1294 1533 1467 1571 materies
1485 1531 1648 1570 videtur.

228 1597 438 1636 Commissa
457 1611 550 1635 vero
570 1598 670 1635 foliis
690 1599 846 1636 oracula
867 1597 978 1635 facile
996 1606 1111 1635 vento
1134 1596 1280 1635 turbari
1297 1627 1308 1647 ‚
1330 1597 1410 1648 ipse
1432 1604 1561 1635 monet
1579 1597 1651 1634 ne-

178 1662 301 1710 lenns,
321 1661 441 1709 ibid.;
467 1662 596 1712 itaque
617 1661 719 1699 aliud
738 1662 911 1712 responsi
928 1675 1045 1712 genus
1070 1661 1277 1712 petendum
1295 1677 1303 1697 :

335 1729 422 1779 Ipsa
446 1738 578 1777 canat,
598 1742 807 1780 vocemque
825 1729 958 1766 volens
976 1737 1087 1778 atque
1108 1741 1176 1766 ora
1199 1728 1376 1768 resolvat.

178 1791 296 1830 Libro
313 1793 428 1844 igitur
442 1793 513 1839 Vl,
534 1795 688 1841 AEneas,
711 1793 777 1831 ubi
798 1793 847 1831 ad
866 1793 1026 1838 ltaliam,
1048 1793 1115 1831 diu
1137 1796 1347 1844 quaesitam,
1373 1792 1544 1843 appulit,

336 1858 383 1895 Et
410 1857 562 1894 tandem
581 1857 759 1895 Euboicis
779 1857 984 1895 Cumarum
1006 1857 1186 1894 allabitur
1205 1859 1283 1895 oris
1299 1888 1310 1904 ,

176 1921 302 1959 statim
322 1922 370 1959 ad
390 1922 571 1973 Sibyllam
590 1936 629 1960 se
646 1924 851 1962 convertit.
871 1923 946 1962 Sed
968 1922 1074 1974 prius
1096 1932 1152 1961 est
1173 1922 1433 1974 superandum
1455 1921 1564 1960 collis
1583 1933 1651 1972 op·

177 1986 289 2037 positi
303 1986 453 2038 jugum.
474 1988 583 2024 Hune
601 1988 736 2024 collem
761 1986 964 2039 Ζωστηρίου
983 1986 1101 2024 κλιτύν
1122 1995 1325 2025 vocaverat
1344 1986 1591 2036 Lycophron,
1611 1992 1653 2022 ut

178 2051 339 2089 vidimus
354 2083 363 2099 ,
378 2065 400 2090 a
418 2052 578 2090 Zosterii
600 2051 789 2103 ¹apollinis
806 2055 963 2102 templo.
985 2052 1166 2104 Virgilius
1185 2052 1348 2103 pariter,
1589 2043 1597 2053 ‘

490 2119 606 2156 Arces
620 2116 759 2168 quibus
772 2117 871 2154 altus
891 2117 1030 2167 Apollo

338 2180 534 2220 Praesidet.

179 2245 250 2282 nic
270 2258 399 2294 opacae
427 2254 515 2282 sunt
544 2245 681 2295 sylvae,
711 2246 818 2283 lucus
838 2245 989 2282 llecatae
1015 2257 1141 2288 sacer,
1173 2257 1241 2295 per
1259 2256 1371 2295 quem
1399 2244 1439 2282 lit
1457 2243 1583 2282 aditus
1602 2242 1648 2281 ad

180 2309 369 2359 Apollinis
387 2309 500 2347 aedem
525 2324 533 2346 ε

335 2374 420 2412 Jam
441 2374 608 2412 subeunt
626 2375 768 2415 Triviae
788 2375 894 2412 lucos
915 2384 1027 2425 atque
1043 2387 1157 2412 aurea
1178 2381 1290 2412 tecta.

179 2438 378 2489 Templum
399 2452 493 2477 auro
515 2440 685 2490 fulgens,
707 2440 901 2491 quondam
923 2453 945 2477 a
971 2439 1128 2477 Daedalo
1153 2439 1335 2490 positum,
1354 2438 1578 2489 sculptaque
1597 2436 1649 2475 ibi

179 2502 227 2540 ab
245 2503 310 2541 illo
327 2505 471 2542 artifice
492 2518 620 2542 rerum
640 2505 884 2555 antiquarum
902 2505 1122 2552 simulacra,
1138 2504 1297 2542 miratur
1312 2505 1456 2543 AEneas.
1470 2502 1545 2542 Sed
1560 2516 1650 2540 mox

179 2567 287 2606 adest
321 2578 453 2607 vocata
468 2599 478 2617 ,
496 2583 632 2620 nempe
654 2582 701 2607 ex
720 2570 901 2608 interiore
919 2570 1009 2608 aedis
1030 2578 1138 2620 parte
1152 2598 1162 2616 ,
1183 2569 1327 2620 Sibylla
1356 2569 1461 2620 ipsa,
1485 2567 1649 2619 duplicis

181 2632 376 2670 ministerii
398 2633 534 2671 infulas
551 2647 701 2683 gerens,
720 2633 855 2671 Phoebi
886 2635 1103 2684 Triviaeque
1122 2633 1310 2671 sacerdos.
1334 2634 1387 2671 Ea
1412 2633 1586 2684 jubente,
1609 2635 1650 2670 fit

180 2709 327 2733 sacrum
347 2697 447 2743 Diis,
483 2707 523 2735 nt
544 2698 713 2745 videtur,
734 2700 879 2751 superis
898 2700 1126 2749 inferisque,
1159 2700 1328 2751 Apollini
1344 2709 1382 2738 et
1400 2702 1551 2739 Hecatae
1566 2731 1577 2747 ‚
1596 2699 1648 2738 illi

175 2759 373 2809 juvencis,
394 2761 486 2799 huic
512 2761 744 2803 bidentibus.
769 2766 865 2803 ilinc
885 2784 899 2799 α
915 2766 988 2803 alta
1005 2765 1053 2802 ad
1081 2765 1219 2816 templa
1235 2782 1249 2799 ι
1267 2779 1343 2803 non
1354 2765 1430 2817 jam
1447 2763 1648 2817 Apollinis,

182 2825 244 2862 sod
262 2826 308 2864 ad
330 2840 431 2863 suam
448 2828 527 2877 ipsa
547 2829 764 2877 speluncam
787 2831 928 2868 ffincan
950 2844 1035 2867 cum
1056 2831 1168 2867 sociis
1185 2839 1295 2868 vocat
1312 2844 1320 2867 τ

343 2892 515 2930 Excisum
542 2893 719 2931 linbo'icae
737 2894 833 2934 latus
853 2895 989 2945 ingens
1011 2895 1114 2947 rupis
1136 2895 1171 2931 in
1191 2903 1338 2933 antrum
1354 2925 1367 2944 ,
