1686 3500
629 165 947 211 Excessus
984 168 1066 214 vl..
1258 225 1262 228 ,
1409 189 1417 200 «
1499 170 1598 216 555

117 261 204 305 Quo
230 257 606 310 tamen‘argumento
626 259 786 298 nimium
812 259 921 299 abuti
943 262 1126 310 nolimus,
1145 262 1235 314 quia
1254 263 1415 303 sortasse
1437 262 1485 302 de
1503 265 1594 304 Hie-

74 316 78 321 *
119 322 320 375 rosolymis
339 322 410 362 sub
430 324 543 370 finem
565 324 697 362 mundi
716 325 903 365 restitutis
919 326 1056 378 agitur.
1079 350 1081 353 ·

167 387 241 427 Sed
263 387 380 439 magis
402 400 472 426 nos
501 396 629 426 movet
659 389 786 429 servor
813 389 878 428 ille
902 398 1016 442 atque
1048 392 1214 443 impetus
1243 393 1391 441 mentis,
1413 406 1526 445 quem
1553 393 1593 432 in

117 452 191 489 hoc
207 451 309 490 libro
326 452 582 503 persentimus
599 453 658 509 vel
678 454 715 491 in
734 453 888 492 homine
906 448 1235 507 quinquagenario
1259 457 1491 507 mirandum,
1514 471 1594 496 non

117 529 208 554 vero
225 524 302 554 tam
331 517 438 555 facile
457 516 734 556 admittendum
756 518 795 556 in
814 518 1016 571 decrepito
1036 533 1080 559 ac
1098 533 1220 571 prope
1239 522 1456 560 centenario
1483 535 1593 573 sene3

115 580 224 632 cujus
251 579 429 618 ardorem
457 581 572 632 longo
607 583 713 620 senio
747 591 1024 633 temperatum,
1059 590 1309 635 tepescentem
1341 583 1419 633 jam
1447 593 1486 622 et
1512 584 1595 622 solo

115 644 251 683 ‹livinae
281 645 452 683 caritatis
478 645 567 696 igne
594 647 873 695 refocillatum,
894 648 1018 685 multo
1047 661 1136 686 sane
1169 647 1352 685 leniorem
1382 648 1594 686 invenimus

115 723 231 760 quum
261 710 297 747 in
331 709 446 760 liujus
478 711 653 761 Apostoli
681 712 896 762 evangelio,
933 720 1074 764 praeter
1098 712 1191 750 illud
1224 725 1312 751 vere
1342 711 1513 750 divinum
1551 727 1594 751 ac

116 774 209 812 nulli
238 774 540 824 comparandum
566 776 787 824 exordium,
805 785 885 814 tum
905 777 942 814 in
960 777 1130 825 ejusdem
1149 777 1339 828 epistolis,
1367 791 1461 828 quas
1479 790 1594 815 senex

115 838 323 877 admodum
344 840 605 890 composuisse
625 841 759 881 fertur.

165 902 313 942 Scimus
334 903 427 954 quid
447 903 564 955 objici
580 905 700 955 possit
716 917 725 946 :
744 918 788 943 ac
805 906 971 957 primum
990 907 1262 946 Nicolaitarum
1282 919 1422 944 nomen
1442 919 1597 958 expres·

115 981 212 1018 sum,
229 981 311 1019 cap.
334 981 369 1015 2,
385 981 421 1005 v.
436 969 482 1015 ὃς
499 970 565 1007 sed
594 970 687 1020 quid
716 971 852 1012 mirum
871 984 953 1009 eam
973 980 1051 1009 tum
1073 971 1248 1010 lxaeresim
1268 971 1480 1009 innotuisse
1494 971 1598 1022 (licet

114 1032 224 1069 aliter
253 1030 494 1069 tradentibus
513 1033 660 1071 lrenaeo
685 1042 724 1071 et
749 1033 917 1072 Eusebio
938 1035 1151 1086 ceterisque
1179 1042 1266 1086 post
1287 1032 1423 1086 ipsos),
1442 1047 1527 1085 quae
1548 1033 1597 1072 ab

115 1108 193 1133 uno
214 1108 235 1132 e
250 1095 381 1146 primis
401 1095 546 1134 Christi
577 1097 775 1147 discipulis
805 1098 966 1136 Nicolao
987 1089 1204 1147 nomen,et
1234 1098 1367 1150 quidni
1388 1098 1600 1149 originem?

117 1167 301 1197 traxerat.
319 1159 395 1198 Alii
423 1159 615 1211 objiciunt
641 1162 875 1200 mentionem
905 1162 960 1201 ibi
981 1164 1116 1202 saetam
1137 1164 1383 1214 Thyatirenae
1412 1162 1592 1211 ecclesiae,

114 1238 198 1276 cap.
234 1237 268 1272 2,
297 1237 330 1262 ν.
359 1225 418 1271 18,
447 1238 547 1275 sqq.,
577 1239 663 1277 quae
682 1240 729 1265 ne
755 1227 912 1278 Trajani
940 1228 1094 1278 quidem
1122 1228 1360 1279 temporibus
1380 1227 1458 1264 ulla
1482 1226 1598 1263 fuisse

114 1288 271 1328 dicitur.
292 1288 333 1326 ld
364 1301 455 1327 vero
473 1289 587 1327 nobis
605 1291 734 1342 potius
762 1295 875 1340 favet,
895 1292 960 1343 qui
981 1292 1028 1330 de
1049 1292 1121 1330 hac
1139 1306 1181 1330 re
1200 1293 1398 1342 sequimur
1419 1289 1598 1342 Epipha-

116 1353 169 1391 nii
198 1353 446 1404 sententiam,
477 1354 662 1393 tradentis
690 1356 792 1394 illam
827 1356 1047 1405 ecclesiam,
1074 1356 1124 1395 ab
1157 1356 1354 1408 Apostolis
1385 1354 1599 1400 conditam,

114 1426 243 1470 postea
273 1417 458 1456 defecisse
478 1427 594 1470 atque
619 1420 803 1473 episcopo
831 1422 1013 1469 caruisse,
1035 1434 1167 1460 rursus
1201 1420 1312 1459 tertio
1332 1420 1472 1459 saeeulo
1493 1419 1596 1458 revi-

114 1491 275 1521 cturam.
1472 1521 1481 1534 .

165 1547 268 1588 Nihil
296 1547 414 1600 igitur
440 1547 593 1588 obstare
615 1549 728 1589 nobis
753 1551 919 1599 videtur,
940 1552 1146 1603 quominus
1174 1565 1220 1589 ex
1245 1549 1477 1602 Apocalypsi
1498 1549 1599 1588 male

114 1613 305 1651 intellecta
337 1612 534 1665 desumpta
562 1628 643 1653 esse
677 1623 879 1667 putemus,
902 1630 986 1668 quae
1010 1616 1109 1654 libro
1128 1616 1179 1655 IV
1196 1614 1386 1667 Sibyllino
1416 1616 1597 1666 leguntur

114 1678 162 1717 de
181 1679 345 1718 Neronis
361 1680 589 1719 Anticliristi
613 1682 753 1723 reditu.

164 1744 221 1781 De
246 1744 381 1795 quinto
401 1744 502 1782 libro
526 1758 649 1796 pauca
675 1755 765 1784 sunt
790 1746 973 1795 dicenda,
997 1747 1062 1798 qui
1083 1746 1401 1798 paenejudaicus,
1423 1753 1464 1783 ut
1495 1745 1596 1783 dixi-

112 1822 210 1857 mus,
238 1808 285 1847 de
312 1809 520 1848 christiana
543 1811 749 1850 traditione
773 1813 868 1850 nihil
900 1814 978 1851 sere
1005 1812 1163 1850 retinuit
1196 1819 1337 1862 praeter
1370 1809 1596 1849 Antichristi

110 1873 265 1911 venturi
293 1873 578 1924 praedictionem
608 1884 646 1913 et
677 1877 863 1928 quasdam
900 1890 948 1916 ex
977 1877 1207 1929 Apocalypsi
1248 1876 1436 1914 malorum
1466 1875 1595 1913 immi-

113 1939 284 1976 nentium
306 1938 447 1987 minas,
465 1953 558 1990 quas
587 1940 625 1978 in
645 1941 731 1993 ipso
757 1943 924 1981 carmine
942 1943 1104 1986 videsis,
1122 1956 1159 1981 v.
1183 1942 1271 1991 154,
1294 1955 1381 1993 sqq.
1403 1941 1489 1986 161,
1510 1953 1594 1992 sqq.

115 2016 204 2051 270,
225 2016 307 2054 sqq.
329 2004 415 2049 300,
436 2017 520 2055 sqq.
541 2006 629 2052 343,
646 2020 729 2058 sqq.
747 2008 834 2055 374,
862 2022 946 2059 sqq.
977 2009 1066 2055 433,
1090 2020 1174 2059 sqq.

166 2068 314 2108 Pariter
335 2082 356 2106 e
375 2069 480 2107 libris
514 2071 582 2120 ΙΙΙ,
601 2075 620 2118 S
642 2074 680 2119 3,
701 2073 876 2121 xl—xw,
900 2075 978 2112 fere
1002 2072 1184 2124 judaicis,
1206 2072 1491 2125 Apocalypseos
1515 2078 1598 2108 tan·
1647 2115 1649 2118 Ι

115 2142 192 2171 tum
216 2135 373 2185 vestigia
389 2137 570 2174 nonnulla
595 2137 711 2189 relegi
732 2149 907 2189 possunt.

165 2198 280 2236 Liber
295 2199 400 2250 vlu,
427 2203 446 2247 ς
477 2214 506 2248 1,
529 2201 758 2241 christianus
778 2204 860 2251 ille,
882 2204 947 2243 sed
976 2203 1224 2250 millenarius,
1248 2201 1479 2254 Apocalypsi
1499 2214 1596 2253 prae·

112 2263 241 2301 sertim
268 2264 388 2301 utitur
408 2264 556 2316 (confer
575 2280 614 2307 v.
643 2269 705 2316 37,
722 2282 807 2320 sqq.
830 2269 893 2316 81,
923 2283 1005 2320 sqq.
1025 2270 1088 2317 88,
1109 2281 1190 2319 sqq.
1208 2268 1272 2317 95,
1298 2280 1381 2317 sqq.
1407 2279 1493 2314 107,
1511 2279 1592 2317 sqq.

119 2335 187 2374 ¹14
203 2358 213 2374 9
236 2342 319 2380 sqq·
340 2329 424 2378 ¹51,
451 2344 530 2381 sqq.
556 2339 642 2382 ¹94»
669 2347 752 2384 sqq.
783 2347 877 2381 200,
897 2334 1010 2385 sqq.),
1034 2333 1123 2385 quia
1155 2332 1236 2383 ejus
1256 2331 1344 2369 libri
1365 2330 1596 2369 auctoritate

113 2393 210 2430 salso
229 2395 482 2433 se-muniebat
501 2396 765 2435 Cliiliastarmn
783 2397 972 2436 obstinata
992 2398 1203 2449 persuasio.

169 2458 218 2495 At
234 2459 351 2497 ceteri
368 2459 471 2509 libri,
492 2462 592 2509 Vlll,
612 2466 630 2509 §
652 2476 687 2510 2,
710 2463 746 2510 3,
766 2469 814 2511 l.;
838 2463 933 2511 1,11‚
952 2464 1021 2511 ΙΙΙ,
1048 2464 1070 2514 5
1094 2477 1129 2510 1,
1151 2470 1265 2513 atque
1283 2460 1358 2513 ipsi
1379 2459 1429 2499 VI
1449 2468 1486 2499 et
1507 2459 1591 2507 Vll,

112 2523 285 2572 quamvis
304 2523 341 2561 hi
359 2525 514 2576 quidem
543 2526 720 2565 haeretica
753 2536 841 2566 nota
867 2541 943 2566 non
969 2535 1159 2575 carentes,
1185 2525 1386 2577 scripturis
1412 2522 1592 2562 omnibus

111 2587 304 2625 canonicis
322 2589 378 2627 uti
407 2590 611 2641 videntur,
632 2602 749 2644 atque
782 2593 885 2644 ipso,
912 2593 1084 2644 quamvis
1115 2592 1283 2630 omnium
1311 2588 1591 2639 recentissimo,

114 2651 193 2690 divi
221 2654 378 2692 sommis
396 2658 610 2707 evangeliO,
634 2672 682 2696 ex
703 2672 780 2710 quo
799 2673 904 2697 suam
926 2659 973 2697 de
992 2659 1134 2697 Christi
1154 2657 1353 2695 divinitate
1378 2655 1604 2712 doctrinam

112 2725 225 2767 atque
242 2717 365 2768 ipsum
386 2720 501 2759 Verbi
518 2736 654 2760 nomen
673 2723 898 2763 hauserunt.
917 2725 1057 2762 Plenus
1078 2731 1134 2761 est
1149 2736 1192 2760 ea
1208 2722 1383 2767 doctrina
1403 2718 1593 2771 praecipue

112 2781 210 2819 liber
238 2784 335 2832 vlu,
367 2791 389 2833 S
421 2799 458 2833 2,
479 2789 652 2835 eximius,
672 2788 742 2826 sub
763 2789 932 2841 Traiano
962 2790 1019 2827 vel
1040 2789 1235 2827 Hadriano
1261 2787 1446 2838 scriptus,
1475 2785 1592 2835 paulo

115 2854 202 2897 post
235 2846 357 2899 ipsum
388 2849 480 2888 illud
513 2853 772 2904 evaugelium3
791 2854 886 2892 sieut
905 2852 1027 2892 cidem
1049 2852 1149 2890 libro
1174 2852 1286 2889 affine
1313 2857 1592 2902 cognatumque
