<?xml version="1.0" encoding="UTF-8"?>
<!DOCTYPE html PUBLIC "-//W3C//DTD XHTML 1.0 Transitional//EN"
    "http://www.w3.org/TR/xhtml1/DTD/xhtml1-transitional.dtd">
<html xmlns="http://www.w3.org/1999/xhtml" xml:lang="en" lang="en">
 <head>
  <title>
</title>
<meta http-equiv="Content-Type" content="text/html;charset=utf-8" />
  <meta name='ocr-system' content='tesseract 3.04.00' />
  <meta name='ocr-capabilities' content='ocr_page ocr_carea ocr_par ocr_line ocrx_word'/>
</head>
<body>
  <div class='ocr_page' id='page_1' title='image "./excursusadsibyll00alexuoft_0358.png"; bbox 0 0 1686 3500; ppageno 0'>
   <div class='ocr_carea' id='block_1_1' title="bbox 595 123 1510 171">
    <p class='ocr_par' dir='ltr' id='par_1_1' title="bbox 595 123 1510 171">
     <span class='ocr_line' id='line_1_1' title="bbox 595 123 1510 171; baseline 0.002 -2"><span class='ocrx_word' id='word_1_1' title='bbox 595 123 748 170; x_wconf 79' lang='lat' dir='ltr'>EXCU</span> <span class='ocrx_word' id='word_1_2' title='bbox 757 124 899 169; x_wconf 82' lang='lat' dir='ltr'>RSUS</span> <span class='ocrx_word' id='word_1_3' title='bbox 932 125 988 171; x_wconf 66' lang='lat' dir='ltr'>V:</span> <span class='ocrx_word' id='word_1_4' title='bbox 1418 123 1510 171; x_wconf 71' lang='lat'>349</span> 
     </span>
    </p>
   </div>
   <div class='ocr_carea' id='block_1_2' title="bbox 41 223 1581 2804">
    <p class='ocr_par' dir='ltr' id='par_1_2' title="bbox 41 223 1523 278">
     <span class='ocr_line' id='line_1_2' title="bbox 41 223 1523 278; baseline -0.005 -7"><span class='ocrx_word' id='word_1_5' title='bbox 41 239 216 278; x_wconf 85' lang='lat' dir='ltr'>Caesarem</span> <span class='ocrx_word' id='word_1_6' title='bbox 228 235 265 267; x_wconf 82' lang='lat' dir='ltr'>et</span> <span class='ocrx_word' id='word_1_7' title='bbox 282 224 508 277; x_wconf 84' lang='lat' dir='ltr'>Pompeium</span> <span class='ocrx_word' id='word_1_8' title='bbox 520 252 532 272; x_wconf 90' lang='lat'>,</span> <span class='ocrx_word' id='word_1_9' title='bbox 549 223 688 263; x_wconf 83' lang='lat' dir='ltr'>deinde</span> <span class='ocrx_word' id='word_1_10' title='bbox 704 223 808 263; x_wconf 88' lang='lat' dir='ltr'>inter</span> <span class='ocrx_word' id='word_1_11' title='bbox 826 224 967 262; x_wconf 83' lang='lat' dir='ltr'>alteros</span> <span class='ocrx_word' id='word_1_12' title='bbox 983 223 1239 277; x_wconf 81' lang='lat' dir='ltr'>triumviros),</span> <span class='ocrx_word' id='word_1_13' title='bbox 1257 238 1295 264; x_wconf 77' lang='lat' dir='ltr'>v.</span> <span class='ocrx_word' id='word_1_14' title='bbox 1317 224 1523 274; x_wconf 46' lang='lat' dir='ltr'>4574&amp;ae</span> 
     </span>
    </p>

    <p class='ocr_par' dir='ltr' id='par_1_3' title="bbox 42 287 1527 408">
     <span class='ocr_line' id='line_1_3' title="bbox 88 287 1527 341; baseline -0.004 -7"><span class='ocrx_word' id='word_1_15' title='bbox 88 301 175 340; x_wconf 85' lang='lat' dir='ltr'>Post</span> <span class='ocrx_word' id='word_1_16' title='bbox 204 293 292 332; x_wconf 74' lang='lat' dir='ltr'>haee</span> <span class='ocrx_word' id='word_1_17' title='bbox 318 289 579 329; x_wconf 82' lang='lat' dir='ltr'>barbarorum&#39;</span> <span class='ocrx_word' id='word_1_18' title='bbox 599 288 770 327; x_wconf 86' lang='lat' dir='ltr'>incursio</span> <span class='ocrx_word' id='word_1_19' title='bbox 798 288 1024 341; x_wconf 72' lang='lat' dir='ltr'>praedicitur</span> <span class='ocrx_word' id='word_1_20' title='bbox 1040 287 1080 326; x_wconf 89' lang='lat' dir='ltr'>in</span> <span class='ocrx_word' id='word_1_21' title='bbox 1105 289 1232 328; x_wconf 82' lang='lat' dir='ltr'>Asiam</span> <span class='ocrx_word' id='word_1_22' title='bbox 1257 298 1296 328; x_wconf 87' lang='lat' dir='ltr'>et</span> <span class='ocrx_word' id='word_1_23' title='bbox 1314 290 1527 337; x_wconf 82' lang='lat' dir='ltr'>Thracen,-</span> 
     </span>
     <span class='ocr_line' id='line_1_4' title="bbox 42 352 1297 408; baseline -0.001 -13"><span class='ocrx_word' id='word_1_24' title='bbox 42 378 74 402; x_wconf 70' lang='grc' dir='ltr'>ν,</span> <span class='ocrx_word' id='word_1_25' title='bbox 94 360 181 406; x_wconf 70' lang='lat'>463,</span> <span class='ocrx_word' id='word_1_26' title='bbox 199 368 298 408; x_wconf 69' lang='lat' dir='ltr'>sqq„</span> <span class='ocrx_word' id='word_1_27' title='bbox 319 354 514 405; x_wconf 87' lang='lat' dir='ltr'>multaque</span> <span class='ocrx_word' id='word_1_28' title='bbox 543 352 634 391; x_wconf 87' lang='lat' dir='ltr'>inde</span> <span class='ocrx_word' id='word_1_29' title='bbox 665 366 737 406; x_wconf 87' lang='lat' dir='ltr'>per</span> <span class='ocrx_word' id='word_1_30' title='bbox 763 352 896 392; x_wconf 89' lang='lat' dir='ltr'>orbem</span> <span class='ocrx_word' id='word_1_31' title='bbox 916 353 1030 400; x_wconf 82' lang='lat' dir='ltr'>mala,</span> <span class='ocrx_word' id='word_1_32' title='bbox 1052 365 1089 391; x_wconf 80' lang='grc' dir='ltr'>ν.</span> <span class='ocrx_word' id='word_1_33' title='bbox 1109 353 1297 402; x_wconf 61' lang='grc'>467-482.</span> 
     </span>
    </p>

    <p class='ocr_par' dir='ltr' id='par_1_4' title="bbox 43 416 1524 597">
     <span class='ocr_line' id='line_1_5' title="bbox 87 416 1509 474; baseline 0 -16"><span class='ocrx_word' id='word_1_34' title='bbox 87 420 236 474; x_wconf 81' lang='lat' dir='ltr'>AEgypti</span> <span class='ocrx_word' id='word_1_35' title='bbox 255 419 399 471; x_wconf 80' lang='lat' dir='ltr'>templa</span> <span class='ocrx_word' id='word_1_36' title='bbox 423 418 640 464; x_wconf 79' lang='lat' dir='ltr'>diruentur,</span> <span class='ocrx_word' id='word_1_37' title='bbox 673 430 707 456; x_wconf 89' lang='lat' dir='ltr'>v.</span> <span class='ocrx_word' id='word_1_38' title='bbox 731 417 916 468; x_wconf 72' lang='lat'>483-490,</span> <span class='ocrx_word' id='word_1_39' title='bbox 937 431 1009 469; x_wconf 88' lang='lat' dir='ltr'>pro</span> <span class='ocrx_word' id='word_1_40' title='bbox 1026 416 1166 468; x_wconf 81' lang='lat' dir='ltr'>quibus</span> <span class='ocrx_word' id='word_1_41' title='bbox 1185 427 1314 469; x_wconf 79' lang='lat' dir='ltr'>surget</span> <span class='ocrx_word' id='word_1_42' title='bbox 1333 418 1386 458; x_wconf 89' lang='lat' dir='ltr'>ibi</span> <span class='ocrx_word' id='word_1_43' title='bbox 1412 427 1509 458; x_wconf 88' lang='lat' dir='ltr'>tem-</span> 
     </span>
     <span class='ocr_line' id='line_1_6' title="bbox 43 481 1524 544; baseline -0.005 -15"><span class='ocrx_word' id='word_1_44' title='bbox 43 491 137 544; x_wconf 86' lang='lat' dir='ltr'>plum</span> <span class='ocrx_word' id='word_1_45' title='bbox 156 485 226 525; x_wconf 93' lang='lat' dir='ltr'>Dei</span> <span class='ocrx_word' id='word_1_46' title='bbox 243 484 386 532; x_wconf 84' lang='lat' dir='ltr'>sancti,</span> <span class='ocrx_word' id='word_1_47' title='bbox 414 482 462 521; x_wconf 82' lang='lat' dir='ltr'>ad</span> <span class='ocrx_word' id='word_1_48' title='bbox 484 482 588 534; x_wconf 89' lang='lat' dir='ltr'>quod</span> <span class='ocrx_word' id='word_1_49' title='bbox 609 483 772 534; x_wconf 77' lang='lat' dir='ltr'>AEgyptii</span> <span class='ocrx_word' id='word_1_50' title='bbox 801 483 954 534; x_wconf 86' lang='lat' dir='ltr'><strong>(nempe</strong></span> <span class='ocrx_word' id='word_1_51' title='bbox 973 481 1021 521; x_wconf 84' lang='lat' dir='ltr'>ad</span> <span class='ocrx_word' id='word_1_52' title='bbox 1038 483 1162 521; x_wconf 91' lang='lat' dir='ltr'>Deum</span> <span class='ocrx_word' id='word_1_53' title='bbox 1177 482 1378 534; x_wconf 90' lang='lat' dir='ltr'>conversi),</span> <span class='ocrx_word' id='word_1_54' title='bbox 1397 483 1524 523; x_wconf 82' lang='lat' dir='ltr'>simul-</span> 
     </span>
     <span class='ocr_line' id='line_1_7' title="bbox 43 546 905 597; baseline -0.012 -3"><span class='ocrx_word' id='word_1_55' title='bbox 43 565 75 595; x_wconf 88' lang='lat' dir='ltr'>et</span> <span class='ocrx_word' id='word_1_56' title='bbox 90 550 208 593; x_wconf 80' lang='lat' dir='ltr'>Judaei</span> <span class='ocrx_word' id='word_1_57' title='bbox 231 549 402 587; x_wconf 86' lang='lat' dir='ltr'>victimas</span> <span class='ocrx_word' id='word_1_58' title='bbox 426 547 643 595; x_wconf 82' lang='lat' dir='ltr'>adducent,</span> <span class='ocrx_word' id='word_1_59' title='bbox 663 559 700 585; x_wconf 84' lang='lat' dir='ltr'>v.</span> <span class='ocrx_word' id='word_1_60' title='bbox 723 546 905 597; x_wconf 71' lang='lat'><strong>491-502.</strong></span> 
     </span>
    </p>

    <p class='ocr_par' dir='ltr' id='par_1_5' title="bbox 43 609 1530 856">
     <span class='ocr_line' id='line_1_8' title="bbox 88 609 1530 662; baseline -0.003 -7"><span class='ocrx_word' id='word_1_61' title='bbox 88 614 157 656; x_wconf 87' lang='lat' dir='ltr'>Sed</span> <span class='ocrx_word' id='word_1_62' title='bbox 177 612 329 652; x_wconf 87' lang='lat' dir='ltr'>tandem</span> <span class='ocrx_word' id='word_1_63' title='bbox 343 642 353 660; x_wconf 94' lang='lat'>,</span> <span class='ocrx_word' id='word_1_64' title='bbox 375 611 500 650; x_wconf 88' lang='lat' dir='ltr'>deleta</span> <span class='ocrx_word' id='word_1_65' title='bbox 520 610 569 650; x_wconf 87' lang='lat' dir='ltr'>ab</span> <span class='ocrx_word' id='word_1_66' title='bbox 590 611 833 662; x_wconf 82' lang='lat' dir='ltr'>AEthiopibus</span> <span class='ocrx_word' id='word_1_67' title='bbox 853 611 917 649; x_wconf 77' lang='lat' dir='ltr'>illa</span> <span class='ocrx_word' id='word_1_68' title='bbox 938 610 1043 657; x_wconf 88' lang='lat' dir='ltr'>aede,</span> <span class='ocrx_word' id='word_1_69' title='bbox 1062 623 1194 649; x_wconf 88' lang='lat' dir='ltr'>rursus</span> <span class='ocrx_word' id='word_1_70' title='bbox 1214 609 1436 650; x_wconf 82' lang='lat' dir='ltr'>exardescet</span> <span class='ocrx_word' id='word_1_71' title='bbox 1456 612 1530 651; x_wconf 81' lang='lat' dir='ltr'>irn-</span> 
     </span>
     <span class='ocr_line' id='line_1_9' title="bbox 43 674 1513 729; baseline -0.002 -11"><span class='ocrx_word' id='word_1_72' title='bbox 43 681 121 728; x_wconf 90' lang='lat' dir='ltr'>Dei,</span> <span class='ocrx_word' id='word_1_73' title='bbox 139 676 334 729; x_wconf 86' lang='lat' dir='ltr'>nullojam</span> <span class='ocrx_word' id='word_1_74' title='bbox 354 675 626 714; x_wconf 72' lang='lat' dir='ltr'>misericordiae</span> <span class='ocrx_word' id='word_1_75' title='bbox 645 676 778 714; x_wconf 87' lang='lat' dir='ltr'>relicto</span> <span class='ocrx_word' id='word_1_76' title='bbox 792 675 891 723; x_wconf 86' lang='lat' dir='ltr'>loco,</span> <span class='ocrx_word' id='word_1_77' title='bbox 908 688 944 714; x_wconf 92' lang='lat' dir='ltr'>v.</span> <span class='ocrx_word' id='word_1_78' title='bbox 963 674 1130 713; x_wconf 82' lang='lat'>503-510</span> <span class='ocrx_word' id='word_1_79' title='bbox 1146 687 1155 711; x_wconf 89' lang='lat'><strong>:</strong></span> <span class='ocrx_word' id='word_1_80' title='bbox 1173 683 1210 712; x_wconf 91' lang='lat' dir='ltr'>et</span> <span class='ocrx_word' id='word_1_81' title='bbox 1227 683 1306 712; x_wconf 88' lang='lat' dir='ltr'>tum</span> <span class='ocrx_word' id='word_1_82' title='bbox 1323 683 1513 715; x_wconf 79' lang='lat' dir='ltr'>astrorum</span> 
     </span>
     <span class='ocr_line' id='line_1_10' title="bbox 44 738 1514 793; baseline -0.003 -9"><span class='ocrx_word' id='word_1_83' title='bbox 44 748 76 786; x_wconf 91' lang='lat' dir='ltr'>in</span> <span class='ocrx_word' id='word_1_84' title='bbox 94 743 182 783; x_wconf 84' lang='lat' dir='ltr'>caelo</span> <span class='ocrx_word' id='word_1_85' title='bbox 201 754 328 793; x_wconf 69' lang='lat' dir='ltr'>pugna</span> <span class='ocrx_word' id='word_1_86' title='bbox 347 739 592 785; x_wconf 71' lang='lat' dir='ltr'>describitur,</span> <span class='ocrx_word' id='word_1_87' title='bbox 613 753 650 779; x_wconf 84' lang='lat' dir='ltr'>v.</span> <span class='ocrx_word' id='word_1_88' title='bbox 669 740 760 787; x_wconf 78' lang='lat'>51¹,</span> <span class='ocrx_word' id='word_1_89' title='bbox 781 753 880 791; x_wconf 83' lang='lat' dir='ltr'>sqq.,</span> <span class='ocrx_word' id='word_1_90' title='bbox 909 738 1012 777; x_wconf 84' lang='lat' dir='ltr'>unde</span> <span class='ocrx_word' id='word_1_91' title='bbox 1031 747 1220 777; x_wconf 84' lang='lat' dir='ltr'>terrarum</span> <span class='ocrx_word' id='word_1_92' title='bbox 1240 739 1461 779; x_wconf 85' lang='lat' dir='ltr'>incendium</span> <span class='ocrx_word' id='word_1_93' title='bbox 1477 750 1514 779; x_wconf 84' lang='lat' dir='ltr'>et</span> 
     </span>
     <span class='ocr_line' id='line_1_11' title="bbox 44 806 627 856; baseline -0.01 -6"><span class='ocrx_word' id='word_1_94' title='bbox 44 810 141 850; x_wconf 88' lang='lat' dir='ltr'>vacui</span> <span class='ocrx_word' id='word_1_95' title='bbox 156 807 236 846; x_wconf 83' lang='lat' dir='ltr'>caeli</span> <span class='ocrx_word' id='word_1_96' title='bbox 257 806 448 856; x_wconf 82' lang='lat' dir='ltr'>solitudo,</span> <span class='ocrx_word' id='word_1_97' title='bbox 469 819 508 845; x_wconf 86' lang='lat' dir='ltr'>v.</span> <span class='ocrx_word' id='word_1_98' title='bbox 528 807 627 844; x_wconf 79' lang='lat'>530:</span> 
     </span>
    </p>

    <p class='ocr_par' dir='ltr' id='par_1_6' title="bbox 186 866 1131 925">
     <span class='ocr_line' id='line_1_12' title="bbox 186 866 1131 925; baseline -0.002 -14"><span class='ocrx_word' id='word_1_99' title='bbox 186 866 306 925; x_wconf 69' lang='grc' dir='ltr'>Ἧψαν</span> <span class='ocrx_word' id='word_1_100' title='bbox 323 877 427 924; x_wconf 81' lang='grc' dir='ltr'>γαῖαν</span> <span class='ocrx_word' id='word_1_101' title='bbox 446 870 607 921; x_wconf 81' lang='grc' dir='ltr'>ἅπασαν,</span> <span class='ocrx_word' id='word_1_102' title='bbox 626 870 740 923; x_wconf 83' lang='grc' dir='ltr'>ἔμεινε</span> <span class='ocrx_word' id='word_1_103' title='bbox 760 869 789 908; x_wconf 84' lang='grc' dir='ltr'>δ’</span> <span class='ocrx_word' id='word_1_104' title='bbox 807 869 994 923; x_wconf 81' lang='grc' dir='ltr'>ἀνάστερος</span> <span class='ocrx_word' id='word_1_105' title='bbox 1015 868 1131 921; x_wconf 82' lang='grc' dir='ltr'>αἰθήρ.</span> 
     </span>
    </p>

    <p class='ocr_par' dir='ltr' id='par_1_7' title="bbox 45 935 1518 1312">
     <span class='ocr_line' id='line_1_13' title="bbox 91 935 1518 990; baseline -0.001 -13"><span class='ocrx_word' id='word_1_106' title='bbox 91 940 152 979; x_wconf 84' lang='lat' dir='ltr'>Est</span> <span class='ocrx_word' id='word_1_107' title='bbox 169 938 284 990; x_wconf 83' lang='lat' dir='ltr'>igitur</span> <span class='ocrx_word' id='word_1_108' title='bbox 305 938 421 976; x_wconf 86' lang='lat' dir='ltr'>totius</span> <span class='ocrx_word' id='word_1_109' title='bbox 436 936 525 975; x_wconf 83' lang='lat' dir='ltr'>libri</span> <span class='ocrx_word' id='word_1_110' title='bbox 543 949 712 983; x_wconf 85' lang='lat' dir='ltr'>summa,</span> <span class='ocrx_word' id='word_1_111' title='bbox 730 935 810 974; x_wconf 82' lang='lat' dir='ltr'>sive</span> <span class='ocrx_word' id='word_1_112' title='bbox 831 949 947 972; x_wconf 77' lang='lat' dir='ltr'>unuln</span> <span class='ocrx_word' id='word_1_113' title='bbox 968 948 1040 986; x_wconf 87' lang='lat' dir='ltr'>per</span> <span class='ocrx_word' id='word_1_114' title='bbox 1058 948 1190 974; x_wconf 85' lang='lat' dir='ltr'>omnes</span> <span class='ocrx_word' id='word_1_115' title='bbox 1205 936 1400 975; x_wconf 83' lang='lat' dir='ltr'>-carminis</span> <span class='ocrx_word' id='word_1_116' title='bbox 1422 949 1518 988; x_wconf 78' lang='lat' dir='ltr'>par-</span> 
     </span>
     <span class='ocr_line' id='line_1_14' title="bbox 45 999 1516 1053; baseline -0.002 -10"><span class='ocrx_word' id='word_1_117' title='bbox 45 1014 90 1044; x_wconf 83' lang='lat' dir='ltr'>tes</span> <span class='ocrx_word' id='word_1_118' title='bbox 105 1003 285 1042; x_wconf 81' lang='lat' dir='ltr'>diffusum</span> <span class='ocrx_word' id='word_1_119' title='bbox 303 1011 571 1053; x_wconf 80' lang='lat' dir='ltr'>argumentum</span> <span class='ocrx_word' id='word_1_120' title='bbox 587 1031 597 1049; x_wconf 88' lang='lat'>,</span> <span class='ocrx_word' id='word_1_121' title='bbox 620 1000 797 1052; x_wconf 78' lang='lat' dir='ltr'>proxima</span> <span class='ocrx_word' id='word_1_122' title='bbox 820 999 973 1052; x_wconf 76' lang='lat' dir='ltr'>imperii</span> <span class='ocrx_word' id='word_1_123' title='bbox 1002 999 1162 1038; x_wconf 79' lang='lat' dir='ltr'>Romani</span> <span class='ocrx_word' id='word_1_124' title='bbox 1184 1001 1311 1049; x_wconf 88' lang='lat' dir='ltr'>ruina,</span> <span class='ocrx_word' id='word_1_125' title='bbox 1335 1002 1516 1040; x_wconf 80' lang='lat' dir='ltr'>veniente</span> 
     </span>
     <span class='ocr_line' id='line_1_15' title="bbox 47 1064 1518 1122; baseline 0 -16"><span class='ocrx_word' id='word_1_126' title='bbox 47 1078 120 1122; x_wconf 85' lang='lat' dir='ltr'>post</span> <span class='ocrx_word' id='word_1_127' title='bbox 140 1068 353 1106; x_wconf 79' lang='lat' dir='ltr'>Antoninos</span> <span class='ocrx_word' id='word_1_128' title='bbox 369 1066 602 1104; x_wconf 82' lang='lat' dir='ltr'>Antichristo</span> <span class='ocrx_word' id='word_1_129' title='bbox 623 1079 709 1104; x_wconf 88' lang='lat' dir='ltr'>cum</span> <span class='ocrx_word' id='word_1_130' title='bbox 733 1065 859 1103; x_wconf 84' lang='lat' dir='ltr'>multis</span> <span class='ocrx_word' id='word_1_131' title='bbox 877 1064 983 1102; x_wconf 85' lang='lat' dir='ltr'>orbis</span> <span class='ocrx_word' id='word_1_132' title='bbox 1006 1073 1192 1104; x_wconf 83' lang='lat' dir='ltr'>terrarum</span> <span class='ocrx_word' id='word_1_133' title='bbox 1214 1066 1518 1115; x_wconf 75' lang='lat' dir='ltr'>calamitatibus,</span> 
     </span>
     <span class='ocr_line' id='line_1_16' title="bbox 47 1129 1515 1182; baseline -0.001 -10"><span class='ocrx_word' id='word_1_134' title='bbox 47 1134 153 1172; x_wconf 88' lang='lat' dir='ltr'>donec</span> <span class='ocrx_word' id='word_1_135' title='bbox 169 1132 345 1170; x_wconf 88' lang='lat' dir='ltr'>veniente</span> <span class='ocrx_word' id='word_1_136' title='bbox 367 1131 503 1170; x_wconf 81' lang='lat' dir='ltr'>Messia</span> <span class='ocrx_word' id='word_1_137' title='bbox 522 1131 656 1169; x_wconf 87' lang='lat' dir='ltr'>civitas</span> <span class='ocrx_word' id='word_1_138' title='bbox 675 1129 809 1169; x_wconf 76' lang='lat' dir='ltr'>Judaea</span> <span class='ocrx_word' id='word_1_139' title='bbox 827 1129 1053 1168; x_wconf 84' lang='lat' dir='ltr'>restituatur</span> <span class='ocrx_word' id='word_1_140' title='bbox 1067 1159 1077 1177; x_wconf 94' lang='lat'>,</span> <span class='ocrx_word' id='word_1_141' title='bbox 1101 1138 1232 1182; x_wconf 79' lang='lat' dir='ltr'>gentes</span> <span class='ocrx_word' id='word_1_142' title='bbox 1253 1145 1347 1170; x_wconf 87' lang='lat' dir='ltr'>vero</span> <span class='ocrx_word' id='word_1_143' title='bbox 1369 1131 1515 1182; x_wconf 83' lang='lat' dir='ltr'>(saltem</span> 
     </span>
     <span class='ocr_line' id='line_1_17' title="bbox 45 1196 1517 1251; baseline 0.001 -15"><span class='ocrx_word' id='word_1_144' title='bbox 45 1198 210 1251; x_wconf 78' lang='lat' dir='ltr'>AEgyptii)</span> <span class='ocrx_word' id='word_1_145' title='bbox 242 1197 289 1235; x_wconf 89' lang='lat' dir='ltr'>ad</span> <span class='ocrx_word' id='word_1_146' title='bbox 327 1211 456 1235; x_wconf 85' lang='lat' dir='ltr'>sanam</span> <span class='ocrx_word' id='word_1_147' title='bbox 487 1196 712 1248; x_wconf 82' lang='lat' dir='ltr'>religionem</span> <span class='ocrx_word' id='word_1_148' title='bbox 743 1203 1031 1244; x_wconf 83' lang='lat' dir='ltr'>convertantur,</span> <span class='ocrx_word' id='word_1_149' title='bbox 1061 1204 1255 1235; x_wconf 86' lang='lat' dir='ltr'>exstructa</span> <span class='ocrx_word' id='word_1_150' title='bbox 1283 1197 1322 1235; x_wconf 87' lang='lat' dir='ltr'>in</span> <span class='ocrx_word' id='word_1_151' title='bbox 1352 1198 1517 1250; x_wconf 80' lang='lat' dir='ltr'>AEgypto</span> 
     </span>
     <span class='ocr_line' id='line_1_18' title="bbox 47 1260 1412 1312; baseline -0.001 -11"><span class='ocrx_word' id='word_1_152' title='bbox 47 1264 113 1302; x_wconf 88' lang='lat' dir='ltr'>veri</span> <span class='ocrx_word' id='word_1_153' title='bbox 129 1262 301 1302; x_wconf 86' lang='lat' dir='ltr'>Numinis</span> <span class='ocrx_word' id='word_1_154' title='bbox 322 1261 422 1307; x_wconf 86' lang='lat' dir='ltr'>aedc,</span> <span class='ocrx_word' id='word_1_155' title='bbox 437 1275 513 1312; x_wconf 84' lang='lat' dir='ltr'>qua</span> <span class='ocrx_word' id='word_1_156' title='bbox 530 1261 685 1299; x_wconf 86' lang='lat' dir='ltr'>demum</span> <span class='ocrx_word' id='word_1_157' title='bbox 704 1273 860 1309; x_wconf 86' lang='lat' dir='ltr'>eversa,</span> <span class='ocrx_word' id='word_1_158' title='bbox 881 1260 963 1298; x_wconf 80' lang='lat' dir='ltr'>finis</span> <span class='ocrx_word' id='word_1_159' title='bbox 984 1260 1058 1298; x_wconf 89' lang='lat' dir='ltr'>erit</span> <span class='ocrx_word' id='word_1_160' title='bbox 1075 1260 1247 1300; x_wconf 89' lang='lat' dir='ltr'>omnium</span> <span class='ocrx_word' id='word_1_161' title='bbox 1268 1275 1412 1300; x_wconf 87' lang='lat' dir='ltr'>rerum.</span> 
     </span>
    </p>

    <p class='ocr_par' dir='ltr' id='par_1_8' title="bbox 46 1325 1552 1896">
     <span class='ocr_line' id='line_1_19' title="bbox 90 1325 1531 1378; baseline 0.001 -12"><span class='ocrx_word' id='word_1_162' title='bbox 90 1328 252 1366; x_wconf 71' lang='lat' dir='ltr'>fuerunt</span> <span class='ocrx_word' id='word_1_163' title='bbox 269 1326 426 1378; x_wconf 89' lang='lat' dir='ltr'>quidem</span> <span class='ocrx_word' id='word_1_164' title='bbox 454 1327 522 1378; x_wconf 92' lang='lat' dir='ltr'>qui</span> <span class='ocrx_word' id='word_1_165' title='bbox 546 1334 731 1378; x_wconf 84' lang='lat' dir='ltr'>negarent</span> <span class='ocrx_word' id='word_1_166' title='bbox 751 1338 885 1364; x_wconf 87' lang='lat' dir='ltr'>versus</span> <span class='ocrx_word' id='word_1_167' title='bbox 904 1325 1047 1377; x_wconf 83' lang='lat' dir='ltr'>primos</span> <span class='ocrx_word' id='word_1_168' title='bbox 1064 1340 1102 1363; x_wconf 78' lang='lat' dir='ltr'><strong>u</strong></span> <span class='ocrx_word' id='word_1_169' title='bbox 1117 1356 1127 1376; x_wconf 90' lang='lat'>,</span> <span class='ocrx_word' id='word_1_170' title='bbox 1148 1326 1186 1364; x_wconf 91' lang='lat' dir='ltr'>in</span> <span class='ocrx_word' id='word_1_171' title='bbox 1208 1326 1350 1378; x_wconf 86' lang='lat' dir='ltr'>quibus</span> <span class='ocrx_word' id='word_1_172' title='bbox 1372 1327 1531 1366; x_wconf 77' lang='lat' dir='ltr'>Roma--</span> 
     </span>
     <span class='ocr_line' id='line_1_20' title="bbox 46 1391 1552 1444; baseline 0.001 -14"><span class='ocrx_word' id='word_1_173' title='bbox 46 1406 169 1431; x_wconf 90' lang='lat' dir='ltr'>norum</span> <span class='ocrx_word' id='word_1_174' title='bbox 199 1393 479 1444; x_wconf 84' lang='lat' dir='ltr'>imperatorum</span> <span class='ocrx_word' id='word_1_175' title='bbox 497 1392 659 1430; x_wconf 85' lang='lat' dir='ltr'>historia.</span> <span class='ocrx_word' id='word_1_176' title='bbox 683 1392 885 1437; x_wconf 80' lang='lat' dir='ltr'>detexitur,</span> <span class='ocrx_word' id='word_1_177' title='bbox 906 1391 954 1430; x_wconf 83' lang='lat' dir='ltr'>ab</span> <span class='ocrx_word' id='word_1_178' title='bbox 975 1391 1120 1440; x_wconf 78' lang='lat' dir='ltr'>eadem,</span> <span class='ocrx_word' id='word_1_179' title='bbox 1142 1406 1217 1443; x_wconf 83' lang='lat' dir='ltr'>qua</span> <span class='ocrx_word' id='word_1_180' title='bbox 1237 1401 1379 1441; x_wconf 84' lang='lat' dir='ltr'>cetera,</span> <span class='ocrx_word' id='word_1_181' title='bbox 1401 1407 1552 1443; x_wconf 33' lang='lat' dir='ltr'>manu--</span> 
     </span>
     <span class='ocr_line' id='line_1_21' title="bbox 48 1456 1516 1510; baseline 0 -15"><span class='ocrx_word' id='word_1_182' title='bbox 48 1457 241 1510; x_wconf 82' lang='lat' dir='ltr'>prodiisse;</span> <span class='ocrx_word' id='word_1_183' title='bbox 278 1457 382 1507; x_wconf 91' lang='lat' dir='ltr'>quod</span> <span class='ocrx_word' id='word_1_184' title='bbox 413 1465 536 1495; x_wconf 85' lang='lat' dir='ltr'>tamen</span> <span class='ocrx_word' id='word_1_185' title='bbox 567 1456 711 1495; x_wconf 88' lang='lat' dir='ltr'>nullam</span> <span class='ocrx_word' id='word_1_186' title='bbox 744 1456 888 1507; x_wconf 85' lang='lat' dir='ltr'>patitur</span> <span class='ocrx_word' id='word_1_187' title='bbox 920 1456 1238 1495; x_wconf 81' lang='lat' dir='ltr'>controversiam.</span> <span class='ocrx_word' id='word_1_188' title='bbox 1270 1458 1365 1497; x_wconf 88' lang='lat' dir='ltr'>Nam</span> <span class='ocrx_word' id='word_1_189' title='bbox 1397 1471 1516 1496; x_wconf 81' lang='lat' dir='ltr'>exor-</span> 
     </span>
     <span class='ocr_line' id='line_1_22' title="bbox 47 1520 1518 1573; baseline 0 -13"><span class='ocrx_word' id='word_1_190' title='bbox 47 1523 139 1560; x_wconf 81' lang='lat' dir='ltr'>dium</span> <span class='ocrx_word' id='word_1_191' title='bbox 167 1520 248 1559; x_wconf 86' lang='lat' dir='ltr'>istis</span> <span class='ocrx_word' id='word_1_192' title='bbox 278 1520 446 1559; x_wconf 83' lang='lat' dir='ltr'>versibus</span> <span class='ocrx_word' id='word_1_193' title='bbox 475 1521 737 1572; x_wconf 76' lang='lat' dir='ltr'>praemissum,</span> <span class='ocrx_word' id='word_1_194' title='bbox 770 1534 806 1561; x_wconf 90' lang='lat' dir='ltr'>v.</span> <span class='ocrx_word' id='word_1_195' title='bbox 844 1533 931 1569; x_wconf 85' lang='lat'>1-9‚</span> <span class='ocrx_word' id='word_1_196' title='bbox 960 1520 1082 1558; x_wconf 85' lang='lat' dir='ltr'>multo</span> <span class='ocrx_word' id='word_1_197' title='bbox 1113 1534 1204 1558; x_wconf 88' lang='lat' dir='ltr'>sa-ne</span> <span class='ocrx_word' id='word_1_198' title='bbox 1237 1521 1386 1573; x_wconf 80' lang='lat' dir='ltr'>longius</span> <span class='ocrx_word' id='word_1_199' title='bbox 1418 1529 1518 1560; x_wconf 84' lang='lat' dir='ltr'>esset</span> 
     </span>
     <span class='ocr_line' id='line_1_23' title="bbox 48 1585 1518 1639; baseline 0 -15"><span class='ocrx_word' id='word_1_200' title='bbox 48 1600 145 1639; x_wconf 85' lang='lat' dir='ltr'>quam</span> <span class='ocrx_word' id='word_1_201' title='bbox 166 1600 236 1638; x_wconf 87' lang='lat' dir='ltr'>pro</span> <span class='ocrx_word' id='word_1_202' title='bbox 259 1585 398 1637; x_wconf 76' lang='lat' dir='ltr'>exigua</span> <span class='ocrx_word' id='word_1_203' title='bbox 425 1586 606 1624; x_wconf 85' lang='lat' dir='ltr'>carminis</span> <span class='ocrx_word' id='word_1_204' title='bbox 635 1586 689 1624; x_wconf 90' lang='lat' dir='ltr'>sic</span> <span class='ocrx_word' id='word_1_205' title='bbox 719 1585 906 1635; x_wconf 86' lang='lat' dir='ltr'>amputati</span> <span class='ocrx_word' id='word_1_206' title='bbox 936 1598 1124 1624; x_wconf 82' lang='lat' dir='ltr'>mensura.</span> <span class='ocrx_word' id='word_1_207' title='bbox 1146 1585 1296 1624; x_wconf 88' lang='lat' dir='ltr'>Deinde</span> <span class='ocrx_word' id='word_1_208' title='bbox 1319 1585 1434 1624; x_wconf 89' lang='lat' dir='ltr'>nimis</span> <span class='ocrx_word' id='word_1_209' title='bbox 1449 1585 1518 1624; x_wconf 82' lang='lat' dir='ltr'>ab·</span> 
     </span>
     <span class='ocr_line' id='line_1_24' title="bbox 49 1649 1533 1702; baseline 0.001 -15"><span class='ocrx_word' id='word_1_210' title='bbox 49 1659 145 1702; x_wconf 80' lang='lat' dir='ltr'>rupte</span> <span class='ocrx_word' id='word_1_211' title='bbox 172 1650 365 1688; x_wconf 82' lang='lat' dir='ltr'>desineret</span> <span class='ocrx_word' id='word_1_212' title='bbox 380 1650 420 1688; x_wconf 93' lang='lat' dir='ltr'>in</span> <span class='ocrx_word' id='word_1_213' title='bbox 449 1663 563 1688; x_wconf 87' lang='lat' dir='ltr'>versu</span> <span class='ocrx_word' id='word_1_214' title='bbox 582 1650 625 1688; x_wconf 80' lang='lat'>51</span> <span class='ocrx_word' id='word_1_215' title='bbox 651 1649 878 1687; x_wconf 85' lang='lat' dir='ltr'>vaticinium</span> <span class='ocrx_word' id='word_1_216' title='bbox 898 1650 1007 1701; x_wconf 83' lang='lat' dir='ltr'>quasi</span> <span class='ocrx_word' id='word_1_217' title='bbox 1034 1649 1277 1697; x_wconf 88' lang='lat' dir='ltr'>abortivum;</span> <span class='ocrx_word' id='word_1_218' title='bbox 1297 1658 1432 1688; x_wconf 77' lang='lat' dir='ltr'>contra</span> <span class='ocrx_word' id='word_1_219' title='bbox 1455 1663 1533 1689; x_wconf 66' lang='lat' dir='ltr'>ste--</span> 
     </span>
     <span class='ocr_line' id='line_1_25' title="bbox 48 1714 1515 1767; baseline 0 -15"><span class='ocrx_word' id='word_1_220' title='bbox 48 1728 152 1767; x_wconf 89' lang='lat' dir='ltr'>quens</span> <span class='ocrx_word' id='word_1_221' title='bbox 179 1727 267 1766; x_wconf 86' lang='lat' dir='ltr'>pars</span> <span class='ocrx_word' id='word_1_222' title='bbox 295 1714 387 1753; x_wconf 87' lang='lat' dir='ltr'>libri</span> <span class='ocrx_word' id='word_1_223' title='bbox 410 1728 430 1752; x_wconf 87' lang='lat' dir='ltr'>a</span> <span class='ocrx_word' id='word_1_224' title='bbox 449 1727 563 1753; x_wconf 85' lang='lat' dir='ltr'>versu</span> <span class='ocrx_word' id='word_1_225' title='bbox 582 1716 630 1754; x_wconf 78' lang='lat'>52</span> <span class='ocrx_word' id='word_1_226' title='bbox 653 1714 817 1753; x_wconf 85' lang='lat' dir='ltr'>exordio</span> <span class='ocrx_word' id='word_1_227' title='bbox 845 1722 1006 1753; x_wconf 85' lang='lat' dir='ltr'>careret.</span> <span class='ocrx_word' id='word_1_228' title='bbox 1026 1716 1076 1753; x_wconf 79' lang='lat' dir='ltr'>At</span> <span class='ocrx_word' id='word_1_229' title='bbox 1097 1727 1192 1752; x_wconf 87' lang='lat' dir='ltr'>vero</span> <span class='ocrx_word' id='word_1_230' title='bbox 1222 1714 1403 1752; x_wconf 89' lang='lat' dir='ltr'>transitus</span> <span class='ocrx_word' id='word_1_231' title='bbox 1423 1714 1515 1752; x_wconf 84' lang='lat' dir='ltr'>satis</span> 
     </span>
     <span class='ocr_line' id='line_1_26' title="bbox 50 1778 1516 1832; baseline 0 -14"><span class='ocrx_word' id='word_1_232' title='bbox 50 1780 253 1819; x_wconf 78' lang='lat' dir='ltr'>manifestus</span> <span class='ocrx_word' id='word_1_233' title='bbox 269 1793 291 1819; x_wconf 84' lang='lat' dir='ltr'>a</span> <span class='ocrx_word' id='word_1_234' title='bbox 310 1779 505 1832; x_wconf 85' lang='lat' dir='ltr'>prioribus</span> <span class='ocrx_word' id='word_1_235' title='bbox 525 1780 572 1818; x_wconf 83' lang='lat' dir='ltr'>ad</span> <span class='ocrx_word' id='word_1_236' title='bbox 590 1780 788 1832; x_wconf 82' lang='lat' dir='ltr'>sequentia</span> <span class='ocrx_word' id='word_1_237' title='bbox 811 1788 970 1831; x_wconf 80' lang='lat' dir='ltr'>paratur</span> <span class='ocrx_word' id='word_1_238' title='bbox 990 1779 1046 1818; x_wconf 89' lang='lat' dir='ltr'>vel</span> <span class='ocrx_word' id='word_1_239' title='bbox 1063 1779 1122 1818; x_wconf 83' lang='lat' dir='ltr'>his</span> <span class='ocrx_word' id='word_1_240' title='bbox 1141 1778 1232 1818; x_wconf 86' lang='lat' dir='ltr'>solis</span> <span class='ocrx_word' id='word_1_241' title='bbox 1252 1779 1300 1818; x_wconf 93' lang='lat' dir='ltr'>de</span> <span class='ocrx_word' id='word_1_242' title='bbox 1317 1779 1516 1818; x_wconf 77' lang='lat' dir='ltr'>Hadriano</span> 
     </span>
     <span class='ocr_line' id='line_1_27' title="bbox 52 1844 442 1896; baseline 0.003 -14"><span class='ocrx_word' id='word_1_243' title='bbox 52 1844 204 1883; x_wconf 81' lang='lat' dir='ltr'>versibus</span> <span class='ocrx_word' id='word_1_244' title='bbox 217 1875 228 1895; x_wconf 88' lang='lat'>‚</span> <span class='ocrx_word' id='word_1_245' title='bbox 252 1851 315 1894; x_wconf 73' lang='lat'>49,</span> <span class='ocrx_word' id='word_1_246' title='bbox 332 1858 416 1896; x_wconf 90' lang='lat' dir='ltr'>sqq.</span> <span class='ocrx_word' id='word_1_247' title='bbox 432 1859 442 1883; x_wconf 71' lang='lat' dir='ltr'><em>z</em></span> 
     </span>
    </p>

    <p class='ocr_par' dir='ltr' id='par_1_9' title="bbox 191 1907 1120 1962">
     <span class='ocr_line' id='line_1_28' title="bbox 191 1907 1120 1962; baseline -0.002 -14"><span class='ocrx_word' id='word_1_248' title='bbox 191 1909 263 1948; x_wconf 82' lang='grc' dir='ltr'>Καὶ</span> <span class='ocrx_word' id='word_1_249' title='bbox 284 1910 340 1948; x_wconf 73' lang='grc' dir='ltr'>ἐπὶ</span> <span class='ocrx_word' id='word_1_250' title='bbox 358 1909 411 1948; x_wconf 71' lang='grc' dir='ltr'>σοὶ</span> <span class='ocrx_word' id='word_1_251' title='bbox 424 1939 436 1962; x_wconf 84' lang='lat'>,</span> <span class='ocrx_word' id='word_1_252' title='bbox 455 1908 668 1962; x_wconf 80' lang='grc' dir='ltr'>πανάριστε,</span> <span class='ocrx_word' id='word_1_253' title='bbox 682 1907 872 1962; x_wconf 79' lang='grc' dir='ltr'>πανέξοχε,</span> <span class='ocrx_word' id='word_1_254' title='bbox 891 1913 1120 1961; x_wconf 75' lang='grc' dir='ltr'>κυανοχαῖτα,</span> 
     </span>
    </p>

    <p class='ocr_par' dir='ltr' id='par_1_10' title="bbox 190 1972 1169 2026">
     <span class='ocr_line' id='line_1_29' title="bbox 190 1972 1169 2026; baseline -0.001 -14"><span class='ocrx_word' id='word_1_255' title='bbox 190 1974 260 2012; x_wconf 83' lang='grc' dir='ltr'>Καὶ</span> <span class='ocrx_word' id='word_1_256' title='bbox 283 1973 340 2013; x_wconf 67' lang='grc' dir='ltr'>ἐπὶ</span> <span class='ocrx_word' id='word_1_257' title='bbox 358 1979 449 2013; x_wconf 83' lang='grc' dir='ltr'>σοῖσι</span> <span class='ocrx_word' id='word_1_258' title='bbox 468 1973 628 2012; x_wconf 79' lang='grc' dir='ltr'>κλάδοισι</span> <span class='ocrx_word' id='word_1_259' title='bbox 645 1974 720 2012; x_wconf 80' lang='grc' dir='ltr'>τάδ’</span> <span class='ocrx_word' id='word_1_260' title='bbox 739 1973 879 2013; x_wconf 81' lang='grc' dir='ltr'>ἔσσεται</span> <span class='ocrx_word' id='word_1_261' title='bbox 895 1972 1017 2026; x_wconf 75' lang='grc' dir='ltr'>ἤματα</span> <span class='ocrx_word' id='word_1_262' title='bbox 1033 1973 1169 2013; x_wconf 81' lang='grc' dir='ltr'>πάντα·</span> 
     </span>
    </p>

    <p class='ocr_par' dir='ltr' id='par_1_11' title="bbox 52 2037 1552 2414">
     <span class='ocr_line' id='line_1_30' title="bbox 192 2037 1163 2092; baseline -0.001 -14"><span class='ocrx_word' id='word_1_263' title='bbox 192 2041 296 2092; x_wconf 83' lang='grc' dir='ltr'>Τρεῖς</span> <span class='ocrx_word' id='word_1_264' title='bbox 312 2038 471 2092; x_wconf 77' lang='grc' dir='ltr'>ἄρξουσιν</span> <span class='ocrx_word' id='word_1_265' title='bbox 483 2052 492 2061; x_wconf 91' lang='grc'>·</span> <span class='ocrx_word' id='word_1_266' title='bbox 512 2041 529 2077; x_wconf 86' lang='grc' dir='ltr'>ὁ</span> <span class='ocrx_word' id='word_1_267' title='bbox 555 2039 589 2075; x_wconf 80' lang='grc' dir='ltr'>δὲ</span> <span class='ocrx_word' id='word_1_268' title='bbox 609 2037 770 2092; x_wconf 81' lang='grc' dir='ltr'>τρίτατος</span> <span class='ocrx_word' id='word_1_269' title='bbox 790 2040 886 2092; x_wconf 71' lang='grc' dir='ltr'>σφῶν</span> <span class='ocrx_word' id='word_1_270' title='bbox 903 2040 964 2090; x_wconf 62' lang='grc' dir='ltr'>ὀψὲ</span> <span class='ocrx_word' id='word_1_271' title='bbox 980 2037 1163 2092; x_wconf 72' lang='grc' dir='ltr'>κρατήσει.</span> 
     </span>
     <span class='ocr_line' id='line_1_31' title="bbox 52 2101 1540 2156; baseline 0 -16"><span class='ocrx_word' id='word_1_272' title='bbox 52 2101 125 2148; x_wconf 86' lang='lat' dir='ltr'>Quo</span> <span class='ocrx_word' id='word_1_273' title='bbox 137 2103 235 2141; x_wconf 88' lang='lat' dir='ltr'>enim</span> <span class='ocrx_word' id='word_1_274' title='bbox 253 2104 489 2155; x_wconf 81' lang='lat' dir='ltr'>respicerent</span> <span class='ocrx_word' id='word_1_275' title='bbox 503 2104 556 2142; x_wconf 90' lang='lat' dir='ltr'>illi</span> <span class='ocrx_word' id='word_1_276' title='bbox 571 2103 653 2142; x_wconf 85' lang='lat' dir='ltr'>dics</span> <span class='ocrx_word' id='word_1_277' title='bbox 667 2104 842 2151; x_wconf 77' lang='lat' dir='ltr'>extremi,</span> <span class='ocrx_word' id='word_1_278' title='bbox 859 2102 933 2141; x_wconf 78' lang='grc' dir='ltr'>τάδ’</span> <span class='ocrx_word' id='word_1_279' title='bbox 944 2102 1067 2155; x_wconf 80' lang='grc' dir='ltr'>ἤματα</span> <span class='ocrx_word' id='word_1_280' title='bbox 1084 2102 1210 2151; x_wconf 80' lang='grc' dir='ltr'>πάντα,</span> <span class='ocrx_word' id='word_1_281' title='bbox 1224 2102 1295 2141; x_wconf 87' lang='lat' dir='ltr'>nisi</span> <span class='ocrx_word' id='word_1_282' title='bbox 1309 2102 1357 2142; x_wconf 83' lang='lat' dir='ltr'>ad</span> <span class='ocrx_word' id='word_1_283' title='bbox 1372 2116 1415 2142; x_wconf 87' lang='lat' dir='ltr'>ea</span> <span class='ocrx_word' id='word_1_284' title='bbox 1432 2116 1540 2156; x_wconf 81' lang='lat' dir='ltr'>quae.</span> 
     </span>
     <span class='ocr_line' id='line_1_32' title="bbox 52 2166 1552 2232; baseline 0.003 -29"><span class='ocrx_word' id='word_1_285' title='bbox 52 2179 126 2205; x_wconf 84' lang='lat' dir='ltr'>mox</span> <span class='ocrx_word' id='word_1_286' title='bbox 148 2177 333 2206; x_wconf 88' lang='lat' dir='ltr'>canentur</span> <span class='ocrx_word' id='word_1_287' title='bbox 361 2168 408 2207; x_wconf 90' lang='lat' dir='ltr'>de</span> <span class='ocrx_word' id='word_1_288' title='bbox 428 2169 500 2207; x_wconf 82' lang='lat' dir='ltr'>fine</span> <span class='ocrx_word' id='word_1_289' title='bbox 519 2169 654 2207; x_wconf 88' lang='lat' dir='ltr'>mundi</span> <span class='ocrx_word' id='word_1_290' title='bbox 673 2177 789 2220; x_wconf 86' lang='lat' dir='ltr'>atque</span> <span class='ocrx_word' id='word_1_291' title='bbox 807 2168 950 2207; x_wconf 87' lang='lat' dir='ltr'>ultimis</span> <span class='ocrx_word' id='word_1_292' title='bbox 978 2166 1285 2218; x_wconf 68' lang='lat' dir='ltr'>calamitatibus?</span> <span class='ocrx_word' id='word_1_293' title='bbox 1306 2171 1552 2232; x_wconf 59' lang='lat' dir='ltr'>Aen-evera·</span> 
     </span>
     <span class='ocr_line' id='line_1_33' title="bbox 53 2229 1519 2285; baseline 0.003 -17"><span class='ocrx_word' id='word_1_294' title='bbox 53 2238 139 2270; x_wconf 87' lang='lat' dir='ltr'>totus</span> <span class='ocrx_word' id='word_1_295' title='bbox 156 2233 313 2284; x_wconf 87' lang='lat' dir='ltr'>quintus</span> <span class='ocrx_word' id='word_1_296' title='bbox 333 2233 429 2272; x_wconf 88' lang='lat' dir='ltr'>liber</span> <span class='ocrx_word' id='word_1_297' title='bbox 447 2248 549 2272; x_wconf 82' lang='lat' dir='ltr'>mera</span> <span class='ocrx_word' id='word_1_298' title='bbox 570 2243 626 2272; x_wconf 86' lang='lat' dir='ltr'>est</span> <span class='ocrx_word' id='word_1_299' title='bbox 648 2229 848 2285; x_wconf 76' lang='lat' dir='ltr'>praedictio</span> <span class='ocrx_word' id='word_1_300' title='bbox 869 2234 1057 2272; x_wconf 83' lang='lat' dir='ltr'>malorum</span> <span class='ocrx_word' id='word_1_301' title='bbox 1083 2232 1153 2271; x_wconf 89' lang='lat' dir='ltr'>sub</span> <span class='ocrx_word' id='word_1_302' title='bbox 1172 2233 1295 2271; x_wconf 88' lang='lat' dir='ltr'>tribus</span> <span class='ocrx_word' id='word_1_303' title='bbox 1313 2234 1519 2272; x_wconf 81' lang='lat' dir='ltr'>Antoninis</span> 
     </span>
     <span class='ocr_line' id='line_1_34' title="bbox 53 2294 1518 2350; baseline 0.005 -18"><span class='ocrx_word' id='word_1_304' title='bbox 53 2294 249 2336; x_wconf 80' lang='lat' dir='ltr'>futurorum</span> <span class='ocrx_word' id='word_1_305' title='bbox 270 2306 357 2349; x_wconf 88' lang='lat' dir='ltr'>post</span> <span class='ocrx_word' id='word_1_306' title='bbox 377 2299 517 2336; x_wconf 84' lang='lat' dir='ltr'>factam</span> <span class='ocrx_word' id='word_1_307' title='bbox 536 2298 583 2337; x_wconf 89' lang='lat' dir='ltr'>ab</span> <span class='ocrx_word' id='word_1_308' title='bbox 607 2298 803 2337; x_wconf 77' lang='lat' dir='ltr'>Hadriano</span> <span class='ocrx_word' id='word_1_309' title='bbox 819 2298 1042 2338; x_wconf 77' lang='lat' dir='ltr'>Judaeorum</span> <span class='ocrx_word' id='word_1_310' title='bbox 1062 2298 1371 2350; x_wconf 84' lang='lat' dir='ltr'>persecutionem</span> <span class='ocrx_word' id='word_1_311' title='bbox 1385 2329 1396 2349; x_wconf 91' lang='lat'>,</span> <span class='ocrx_word' id='word_1_312' title='bbox 1416 2299 1518 2339; x_wconf 86' lang='lat' dir='ltr'>unde</span> 
     </span>
     <span class='ocr_line' id='line_1_35' title="bbox 54 2361 958 2414; baseline 0.008 -19"><span class='ocrx_word' id='word_1_313' title='bbox 54 2371 145 2398; x_wconf 78' lang='lat' dir='ltr'>voces</span> <span class='ocrx_word' id='word_1_314' title='bbox 166 2362 266 2414; x_wconf 65' lang='lat' dir='ltr'>istae,</span> <span class='ocrx_word' id='word_1_315' title='bbox 283 2361 342 2400; x_wconf 75' lang='grc' dir='ltr'>καὶ</span> <span class='ocrx_word' id='word_1_316' title='bbox 365 2363 422 2400; x_wconf 76' lang='grc' dir='ltr'>ἐπὶ</span> <span class='ocrx_word' id='word_1_317' title='bbox 441 2362 495 2401; x_wconf 77' lang='grc' dir='ltr'>σοὶ</span> <span class='ocrx_word' id='word_1_318' title='bbox 515 2362 573 2400; x_wconf 76' lang='grc' dir='ltr'>καὶ</span> <span class='ocrx_word' id='word_1_319' title='bbox 591 2363 648 2401; x_wconf 74' lang='grc' dir='ltr'>ἐπὶ</span> <span class='ocrx_word' id='word_1_320' title='bbox 674 2368 767 2402; x_wconf 84' lang='grc' dir='ltr'>σοῖσι</span> <span class='ocrx_word' id='word_1_321' title='bbox 787 2363 958 2402; x_wconf 81' lang='grc' dir='ltr'>κλάδοισι.</span> 
     </span>
    </p>

    <p class='ocr_par' dir='ltr' id='par_1_12' title="bbox 54 2417 1581 2611">
     <span class='ocr_line' id='line_1_36' title="bbox 96 2417 1535 2481; baseline 0 -16"><span class='ocrx_word' id='word_1_322' title='bbox 96 2426 277 2467; x_wconf 77' lang='lat' dir='ltr'>Praeterea</span> <span class='ocrx_word' id='word_1_323' title='bbox 305 2417 412 2466; x_wconf 27' lang='lat' dir='ltr'>inter*</span> <span class='ocrx_word' id='word_1_324' title='bbox 434 2438 636 2480; x_wconf 86' lang='lat' dir='ltr'>utramque</span> <span class='ocrx_word' id='word_1_325' title='bbox 664 2428 753 2467; x_wconf 87' lang='lat' dir='ltr'>libri</span> <span class='ocrx_word' id='word_1_326' title='bbox 787 2438 934 2481; x_wconf 84' lang='lat' dir='ltr'>partem</span> <span class='ocrx_word' id='word_1_327' title='bbox 965 2437 1114 2468; x_wconf 84' lang='lat' dir='ltr'>constat</span> <span class='ocrx_word' id='word_1_328' title='bbox 1140 2428 1213 2468; x_wconf 84' lang='lat' dir='ltr'>sibi</span> <span class='ocrx_word' id='word_1_329' title='bbox 1242 2429 1399 2468; x_wconf 80' lang='lat' dir='ltr'>omnino</span> <span class='ocrx_word' id='word_1_330' title='bbox 1426 2443 1535 2469; x_wconf 72' lang='lat' dir='ltr'>sen-a.</span> 
     </span>
     <span class='ocr_line' id='line_1_37' title="bbox 54 2490 1581 2550; baseline 0.006 -25"><span class='ocrx_word' id='word_1_331' title='bbox 54 2490 238 2530; x_wconf 84' lang='lat' dir='ltr'>tentiarum</span> <span class='ocrx_word' id='word_1_332' title='bbox 250 2501 366 2544; x_wconf 88' lang='lat' dir='ltr'>atque</span> <span class='ocrx_word' id='word_1_333' title='bbox 383 2492 504 2544; x_wconf 87' lang='lat' dir='ltr'>ipsius</span> <span class='ocrx_word' id='word_1_334' title='bbox 523 2492 709 2531; x_wconf 78' lang='lat' dir='ltr'>orationis</span> <span class='ocrx_word' id='word_1_335' title='bbox 726 2493 848 2532; x_wconf 83' lang='lat' dir='ltr'>color.</span> <span class='ocrx_word' id='word_1_336' title='bbox 865 2493 959 2532; x_wconf 84' lang='lat' dir='ltr'>Nam</span> <span class='ocrx_word' id='word_1_337' title='bbox 972 2493 1037 2531; x_wconf 85' lang='lat' dir='ltr'>illa</span> <span class='ocrx_word' id='word_1_338' title='bbox 1056 2492 1104 2531; x_wconf 88' lang='lat' dir='ltr'>de</span> <span class='ocrx_word' id='word_1_339' title='bbox 1116 2494 1281 2542; x_wconf 87' lang='lat' dir='ltr'>Nerone,</span> <span class='ocrx_word' id='word_1_340' title='bbox 1293 2507 1330 2533; x_wconf 86' lang='grc' dir='ltr'>ν.</span> <span class='ocrx_word' id='word_1_341' title='bbox 1348 2493 1413 2543; x_wconf 82' lang='lat'>33,</span> <span class='ocrx_word' id='word_1_342' title='bbox 1431 2507 1488 2546; x_wconf 89' lang='lat' dir='ltr'>sq.</span> <span class='ocrx_word' id='word_1_343' title='bbox 1504 2506 1518 2534; x_wconf 71' lang='lat' dir='ltr'><em>z</em></span> <span class='ocrx_word' id='word_1_344' title='bbox 1575 2542 1581 2550; x_wconf 34' lang='lat'>⁸</span> 
     </span>
     <span class='ocr_line' id='line_1_38' title="bbox 649 2552 964 2611; baseline 0 -15"><span class='ocrx_word' id='word_1_345' title='bbox 649 2552 724 2597; x_wconf 70' lang='grc' dir='ltr'>Εἶτ’</span> <span class='ocrx_word' id='word_1_346' title='bbox 742 2557 964 2611; x_wconf 64' lang='grc' dir='ltr'>ἀνακάμψει,</span> 
     </span>
    </p>

    <p class='ocr_par' dir='ltr' id='par_1_13' title="bbox 55 2620 1544 2804">
     <span class='ocr_line' id='line_1_39' title="bbox 194 2620 1068 2675; baseline 0 -14"><span class='ocrx_word' id='word_1_347' title='bbox 194 2620 337 2667; x_wconf 81' lang='grc' dir='ltr'>Ἰσάζων</span> <span class='ocrx_word' id='word_1_348' title='bbox 357 2623 440 2675; x_wconf 78' lang='grc' dir='ltr'>Θεῷ</span> <span class='ocrx_word' id='word_1_349' title='bbox 461 2621 584 2661; x_wconf 74' lang='grc' dir='ltr'>αὐτόν·</span> <span class='ocrx_word' id='word_1_350' title='bbox 610 2622 739 2675; x_wconf 79' lang='grc' dir='ltr'>ἐλέγξει</span> <span class='ocrx_word' id='word_1_351' title='bbox 758 2622 787 2661; x_wconf 85' lang='grc' dir='ltr'>δ’</span> <span class='ocrx_word' id='word_1_352' title='bbox 808 2621 847 2661; x_wconf 87' lang='grc' dir='ltr'>οὔ</span> <span class='ocrx_word' id='word_1_353' title='bbox 865 2638 924 2674; x_wconf 88' lang='grc' dir='ltr'>μιν</span> <span class='ocrx_word' id='word_1_354' title='bbox 946 2622 1068 2671; x_wconf 78' lang='grc' dir='ltr'>ἐόντα,</span> 
     </span>
     <span class='ocr_line' id='line_1_40' title="bbox 55 2687 1544 2742; baseline 0.007 -25"><span class='ocrx_word' id='word_1_355' title='bbox 55 2693 234 2723; x_wconf 85' lang='lat' dir='ltr'>recurrent</span> <span class='ocrx_word' id='word_1_356' title='bbox 263 2700 365 2738; x_wconf 74' lang='lat' dir='ltr'>saepe</span> <span class='ocrx_word' id='word_1_357' title='bbox 385 2688 422 2725; x_wconf 90' lang='lat' dir='ltr'>in</span> <span class='ocrx_word' id='word_1_358' title='bbox 457 2687 708 2739; x_wconf 86' lang='lat' dir='ltr'>sequentibus</span> <span class='ocrx_word' id='word_1_359' title='bbox 733 2688 962 2739; x_wconf 78' lang='lat' dir='ltr'>amplificata</span> <span class='ocrx_word' id='word_1_360' title='bbox 976 2717 987 2739; x_wconf 90' lang='lat'>,</span> <span class='ocrx_word' id='word_1_361' title='bbox 1019 2701 1057 2728; x_wconf 90' lang='lat' dir='ltr'>v.</span> <span class='ocrx_word' id='word_1_362' title='bbox 1079 2690 1143 2739; x_wconf 87' lang='lat'>93,</span> <span class='ocrx_word' id='word_1_363' title='bbox 1165 2701 1268 2740; x_wconf 81' lang='lat' dir='ltr'>sqq.;</span> <span class='ocrx_word' id='word_1_364' title='bbox 1306 2688 1394 2742; x_wconf 82' lang='lat'>136,</span> <span class='ocrx_word' id='word_1_365' title='bbox 1412 2701 1518 2741; x_wconf 76' lang='lat' dir='ltr'>sqq.;</span> <span class='ocrx_word' id='word_1_366' title='bbox 1538 2709 1544 2718; x_wconf 85' lang='lat'><strong>·</strong></span> 
     </span>
     <span class='ocr_line' id='line_1_41' title="bbox 56 2747 1013 2804; baseline 0.01 -23"><span class='ocrx_word' id='word_1_367' title='bbox 56 2747 129 2795; x_wconf 76' lang='lat'>213,</span> <span class='ocrx_word' id='word_1_368' title='bbox 149 2763 232 2801; x_wconf 88' lang='lat' dir='ltr'>sqq.</span> <span class='ocrx_word' id='word_1_369' title='bbox 252 2751 401 2791; x_wconf 86' lang='lat' dir='ltr'>Deinde</span> <span class='ocrx_word' id='word_1_370' title='bbox 423 2752 515 2790; x_wconf 90' lang='lat' dir='ltr'>illud</span> <span class='ocrx_word' id='word_1_371' title='bbox 535 2752 584 2791; x_wconf 87' lang='lat' dir='ltr'>de</span> <span class='ocrx_word' id='word_1_372' title='bbox 598 2754 854 2804; x_wconf 83' lang='lat' dir='ltr'>Vespasiano,</span> <span class='ocrx_word' id='word_1_373' title='bbox 882 2767 916 2791; x_wconf 91' lang='lat' dir='ltr'>v.</span> <span class='ocrx_word' id='word_1_374' title='bbox 935 2754 983 2792; x_wconf 80' lang='lat'>36</span> <span class='ocrx_word' id='word_1_375' title='bbox 1003 2768 1013 2791; x_wconf 75' lang='grc' dir='ltr'>ι</span> 
     </span>
    </p>
   </div>
   <div class='ocr_carea' id='block_1_3' title="bbox 196 2809 1067 2870">
    <p class='ocr_par' dir='ltr' id='par_1_14' title="bbox 196 2809 1067 2870">
     <span class='ocr_line' id='line_1_42' title="bbox 196 2809 1067 2870; baseline 0.001 -16"><span class='ocrx_word' id='word_1_376' title='bbox 196 2809 284 2854; x_wconf 74' lang='grc' dir='ltr'>Εἶτά</span> <span class='ocrx_word' id='word_1_377' title='bbox 302 2831 354 2860; x_wconf 79' lang='grc' dir='ltr'>τις</span> <span class='ocrx_word' id='word_1_378' title='bbox 369 2815 537 2855; x_wconf 72' lang='grc' dir='ltr'>εὐσεῧέων</span> <span class='ocrx_word' id='word_1_379' title='bbox 555 2816 680 2870; x_wconf 80' lang='grc' dir='ltr'>ὀλετὴρ</span> <span class='ocrx_word' id='word_1_380' title='bbox 700 2816 774 2864; x_wconf 76' lang='grc' dir='ltr'>ἥξει</span> <span class='ocrx_word' id='word_1_381' title='bbox 788 2817 895 2869; x_wconf 80' lang='grc' dir='ltr'>μέγας</span> <span class='ocrx_word' id='word_1_382' title='bbox 913 2818 1046 2870; x_wconf 79' lang='grc' dir='ltr'>ἀνδρῶν</span> <span class='ocrx_word' id='word_1_383' title='bbox 1058 2846 1067 2864; x_wconf 87' lang='grc'>,</span> 
     </span>
    </p>
   </div>
  </div>
 </body>
</html>
