1752 3495
678 195 975 240 EXCURSUS
1007 197 1036 241 l.
1521 194 1576 245 4¹

128 294 277 340 cebant,
300 291 353 330 ibi
374 304 395 330 a
413 290 530 330 Musis
548 289 729 328 nutritam
744 319 754 337 ,
779 298 872 328 teste
899 291 1126 342 Plutarcho,
1145 293 1220 333 loc.
1235 294 1299 335 cit.
1316 309 1324 332 ε
1352 293 1428 341 Τὴν
1443 293 1583 347 πρώτην

128 356 302 397 ΣιΈυλλαν
327 357 365 394 ἐκ
392 357 452 392 τοῦ
477 351 666 398 Ἑλικῶνος
697 353 980 406 παραγενομένην
1018 355 1083 394 ὑπὸ
1102 357 1171 394 τῶν
1201 357 1350 396 Μουσῶν
1379 363 1579 411 τραφεῖσαν.

127 419 236 459 Unde‘
255 419 327 458 hoc
356 417 539 469 petitum?
565 416 622 455 Ita
645 416 819 454 nimirum
851 417 1032 456 suadebat
1057 418 1195 457 montis
1222 419 1409 459 Heliconis
1426 420 1580 460 vicinia.

126 485 267 522 Verum
286 492 321 522 et
337 483 388 519 ita
415 493 572 519 censere
591 480 725 519 debuit
743 481 915 532 quisquis
940 483 1180 533 Erythraeum
1210 495 1361 521 carmen
1387 485 1476 523 huic
1495 484 1583 524 Del-

126 548 246 600 phicae
266 544 480 593 tribuebat,
500 554 657 596 propter
675 545 770 583 illud
790 545 913 597 ipsum
938 546 1136 584 exordium
1157 561 1167 585 ε

381 601 432 647 Ὦ
453 609 592 661 Δελφοὶ,
611 607 810 661 θεράποντἐς
827 609 994 656 ἑκηδόλου
1010 609 1222 654 Ἀπόλλωνος
1241 642 1252 663 ‚

384 666 514 712 ’Ἦλθον
535 672 622 724 ἐγὼ.
639 701 649 711 .
666 703 676 712 .

382 737 677 789 Αὖτοκασιγνήτῳ
695 737 918 789 κεχολωμένη
935 737 1140 778 Ἀπόλλωνι.

124 803 302 852 Nam,'ut
327 815 434 839 soror
461 810 667 839 vocaretur
689 802 888 853 Apollinis,
911 802 1071 840 decebat
1093 802 1191 840 illam
1217 802 1256 840 in
1290 803 1373 855 ipso
1391 803 1583 841 Musarum

122 866 313 906 domicilio
336 866 395 904 vel
416 876 536 904 ortam
558 867 616 904 vel
636 867 765 904 saltem
785 866 982 905 educatam
1005 867 1137 915 suisse,
1155 865 1220 905 ὑπὸ
1240 867 1308 906 τῶν
1325 866 1476 906 Μουσῶν
1495 881 1584 919 τρα-

124 936 252 984 φεῖσαν.
290 930 338 969 Et
369 930 421 968 sic
453 931 626 982 profecto
656 931 833 982 'l'rojanis
869 931 981 970 rebus
1012 932 1122 982 longe
1152 932 1320 969 anterior
1355 931 1417 969 illa
1454 930 1580 971 tiebat.

122 996 218 1034 'suin
237 1007 328 1032 vero
347 994 594 1045 quaerendum
618 995 794 1043 restabat,
816 996 1010 1046 quomodo
1025 996 1133 1047 origo
1147 997 1217 1034 ista
1234 997 1455 1034 conveniret
1475 995 1582 1034 Heli-

124 1059 233 1096 conia
252 1072 336 1096 cum
372 1058 557 1110 Erythraei
585 1060 763 1098 carminis
795 1061 966 1099 versibus
992 1060 1131 1111 quibus
1162 1074 1201 1099 se
1233 1060 1378 1111 Sibylla
1409 1060 1584 1110 Erythris

123 1131 248 1161 natam
270 1123 523 1174 profitebatur
541 1125 686 1174 (confer
705 1138 833 1175 supra,
848 1139 930 1175 cap.
952 1138 987 1172 2,
1005 1138 1044 1175 p.
1071 1125 1146 1176 ιο).
1169 1124 1242 1163 Sed
1265 1126 1422 1162 sortasse
1443 1124 1583 1175 Delphi

124 1200 250 1226 versus
262 1188 353 1225 istos
375 1189 428 1225 vel
449 1197 641 1226 eraserant
657 1189 716 1226 vel
737 1188 906 1226 obelisco
927 1197 1177 1236 notaverant;
1196 1189 1252 1227 vel
1273 1188 1454 1239 Sibyllam
1475 1200 1583 1226 suam

123 1249 308 1301 putabant
326 1251 498 1302 Erythris
517 1251 671 1303 quidem
688 1260 826 1303 ortam,
843 1266 930 1290 casu
948 1266 1039 1290 vero
1055 1252 1192 1290 deinde
1207 1252 1244 1290 in
1260 1253 1440 1291 Helicona
1455 1261 1581 1290 trans.-

121 1315 228 1352 latam
243 1344 256 1364 ,
277 1315 343 1353 ubi
372 1330 457 1354 cum
478 1317 596 1355 Musis
616 1316 794 1363 educata,
815 1317 918 1355 haud
945 1316 1110 1355 absurde
1141 1331 1230 1355 sane
1250 1326 1398 1368 poterat
1417 1325 1455 1354 et
1473 1330 1583 1355 soror

117 1389 154 1419 et
179 1382 255 1419 filia
280 1391 316 1420 et
335 1383 474 1421 amasia
490 1382 564 1421 dici
587 1383 795 1434 Apollinis,
819 1384 892 1422 nisi
913 1383 1017 1435 quod
1037 1384 1234 1436 Erythraea
1253 1384 1304 1423 sic
1325 1385 1450 1436 potius
1467 1398 1581 1436 quani

115 1446 297 1497 Delphica
317 1447 475 1485 dicenda
494 1455 587 1484 erat.

163 1514 210 1550 At
234 1524 280 1549 ne
300 1512 438 1563 Delphi
464 1512 619 1563 quidem
650 1512 687 1550 in
717 1525 799 1551 eam
826 1513 1110 1564 persuasionem
1138 1527 1271 1552 omnes
1291 1513 1586 1562 conveniebant,

113 1584 205 1613 teste
232 1576 316 1627 ipso
348 1577 575 1621 Plutarcho.
599 1578 672 1615 loe.
696 1578 784 1616 cit.:
804 1576 921 1616 Ἔνιοι
943 1576 979 1615 δέ
1001 1592 1102 1631 φασιν
1129 1578 1176 1621 εἰς
1204 1579 1379 1616 Μαλεῶνα
1399 1576 1584 1630 ἀφικέσθαι

111 1640 251 1691 Λαμίας
271 1634 374 1679 οὖσαν
395 1641 565 1694 Θυγατέρα
581 1643 641 1688 τῆς
657 1642 892 1688 Ποσειδῶνος,
909 1642 1013 1692 quod
1035 1641 1082 1679 ab
1100 1642 1372 1692 interpretibus
1391 1642 1582 1694 plerisque

111 1704 296 1754 accipitur
325 1704 371 1742 de
394 1705 600 1756 longinqua
634 1706 721 1743 satis
758 1706 904 1757 origine
936 1706 1044 1757 hujus
1074 1705 1254 1756 Sibyllae,
1277 1720 1362 1757 quae
1391 1707 1532 1745 scilicet
1560 1720 1581 1744 e

118 1767 238 1818 Libya
258 1769 305 1806 ad
330 1769 488 1807 Maleam
516 1772 824 1821 promontorium
850 1771 1057 1821 appulisset
1088 1779 1201 1821 atque
1219 1770 1306 1808 inde
1326 1772 1494 1822 Delphos
1520 1784 1581 1809 ac-

116 1832 298 1870 cessisset.
335 1835 476 1871 Verum
505 1835 624 1872 multa
662 1835 752 1872 huic
783 1835 1086 1885 interpretationi
1121 1835 1382 1875 adversantur.
1410 1836 1578 1873 Primum

115 1909 184 1933 nec
203 1896 333 1946 Libyae
351 1910 420 1934 nec
441 1897 591 1948 Libycae
610 1898 766 1949 Sibyllae
787 1899 929 1936 montio
958 1899 1018 1936 hic
1040 1899 1112 1936 ulla
1136 1899 1177 1936 fit
1201 1911 1222 1936 a
1242 1898 1459 1945 Plutarcho,
1477 1900 1580 1938 nulla

115 1971 216 1998 certe
235 1961 385 1999 disertis
404 1962 544 2002 verbis,
563 1963 724 2011 Deinde,
738 1963 843 2013 quod
863 1963 964 2013 apud
981 1963 1103 2013 ipsum
1122 1964 1266 2013 legunt,
1285 1963 1471 2009 Μαλεῶνα,
1490 1963 1579 2001 bar-

114 2023 248 2063 barum
274 2034 329 2063 est
358 2025 584 2064 vocabulum
599 2040 610 2077 3
628 2040 697 2064 nec
720 2027 846 2078 potuit
870 2040 997 2063 errare
1020 2027 1247 2065 Plutarchus
1271 2027 1308 2064 in
1329 2027 1580 2078 promontorii

114 2090 299 2127 notissimi
331 2092 502 2137 nomine,
538 2091 747 2142 praesertim
772 2090 837 2142 qui
859 2091 977 2141 ipsius
1007 2100 1136 2141 aperte
1165 2092 1378 2129 meminerit
1414 2092 1453 2129 in
1474 2092 1580 2131 Arati

114 2155 218 2200 Vita,
242 2163 270 2195 t.
295 2156 339 2202 V,
365 2169 400 2206 p.
431 2155 517 2192 525.
552 2157 739 2194 Praeterea
769 2154 928 2193 verbum
955 2155 1137 2207 ἀφικέσθαι
1155 2168 1244 2193 sane
1265 2155 1338 2193 hoc
1369 2155 1453 2193 loco
1472 2155 1580 2207 frigi-

115 2218 205 2255 dum
235 2227 290 2256 est
324 2218 371 2256 de
407 2219 566 2270 trajectu
599 2219 812 2264 maritim03
846 2233 914 2256 nec
949 2220 1054 2256 locus
1096 2219 1158 2256 hic
1200 2228 1299 2256 totus
1332 2219 1383 2257 ita
1417 2221 1579 2270 scriptus

113 2283 231 2321 facilis
250 2282 360 2321 nobis
383 2284 535 2321 videtur
559 2283 774 2330 intellectu,
799 2284 875 2320 imo
900 2296 1069 2333 prorsus,
1090 2292 1132 2321 ut
1148 2284 1369 2334 opinamur,
1389 2297 1500 2322 sensu
1521 2297 1580 2322 ca·

115 2356 185 2393 ret,
205 2361 321 2398 quum
336 2348 465 2399 Libyae
482 2348 588 2399 prius
604 2348 707 2386 nulla
722 2348 863 2385 mentio
879 2348 977 2386 facta
991 2348 1117 2394 suerit,
1132 2349 1202 2386 nisi
1222 2348 1306 2399 quis
1325 2348 1424 2387 dicat
1441 2361 1579 2387 nomen

113 2411 239 2462 ipsum
262 2412 403 2462 Λαμίας
422 2412 563 2450 habere
595 2413 633 2450 in
656 2426 695 2450 se
723 2413 908 2450 inclusam
940 2412 1070 2463 Libyae
1102 2413 1355 2461 mentionem,
1378 2413 1480 2464 quod
1501 2427 1578 2451 non

115 2477 249 2527 liquet.
280 2478 419 2515 Verum
448 2478 525 2516 haec
556 2480 683 2515 omnia
711 2478 775 2515 vix
801 2487 888 2515 sunt
909 2477 1155 2528 disputationi
1176 2477 1322 2524 relicta,
1342 2490 1458 2527 quum
1475 2476 1579 2528 apud

113 2541 342 2580 Clementem
361 2540 660 2579 Alexandrinum
682 2541 761 2579 haec
781 2542 863 2593 ipsa
884 2541 1079 2580 Plutarchi
1099 2540 1215 2579 verba
1234 2541 1502 2592 compilantem
1522 2540 1580 2578 di-

115 2616 221 2640 versa
241 2603 352 2653 longe
371 2603 484 2641 lectio
503 2613 649 2650 exstet,
669 2605 850 2642 Strornat.
885 2603 949 2642 lib.
976 2605 1005 2652 1,
1026 2617 1064 2655 p.
1092 2605 1181 2651 358,
1212 2604 1270 2642 ed.
1288 2606 1360 2643 Ox.
1381 2619 1389 2641 :
1409 2601 1522 2643 Ἔνιοι
1541 2602 1579 2641 δέ

114 2680 215 2714 φασιν
236 2666 274 2703 ἐκ
290 2665 474 2704 Μαλιαίων
495 2666 700 2720 ἀφικέσθαι,
722 2654 861 2718 Λαμίας
879 2661 983 2705 οὖσαν
1006 2665 1176 2720 θυγατέρα
1207 2669 1268 2713 τῆς
1294 2667 1445 2710 Σιδῶνος
1465 2665 1578 2720 [male

115 2742 184 2778 pro
211 2729 453 2781 Ποσειδῶνος].
481 2732 564 2776 Qua
591 2731 689 2768 inre
716 2730 815 2769 absit
840 2739 881 2768 ut
902 2731 1106 2769 Clementis
1126 2731 1389 2769 auctoritatem
1418 2731 1583 2768 nimium

117 2794 295 2832 extollere
328 2794 507 2842 velimus,
539 2808 560 2833 a
594 2809 672 2846 quo
702 2796 968 2834 Plutarcheum
1008 2795 1109 2833 hunc
1144 2795 1270 2833 locum
1308 2795 1575 2846 properantius

119 2858 384 2908 transcriptum
414 2873 492 2896 esse
526 2868 626 2909 patet
658 2861 713 2898 vel
744 2875 790 2898 ex
819 2861 898 2911 ejus
929 2860 1225 2899 hallucinatione
1261 2860 1362 2899 circa
1392 2859 1575 2910 Serapio·
