<?xml version="1.0" encoding="UTF-8"?>
<!DOCTYPE html PUBLIC "-//W3C//DTD XHTML 1.0 Transitional//EN"
    "http://www.w3.org/TR/xhtml1/DTD/xhtml1-transitional.dtd">
<html xmlns="http://www.w3.org/1999/xhtml" xml:lang="en" lang="en">
 <head>
  <title>
</title>
<meta http-equiv="Content-Type" content="text/html;charset=utf-8" />
  <meta name='ocr-system' content='tesseract 3.04.00' />
  <meta name='ocr-capabilities' content='ocr_page ocr_carea ocr_par ocr_line ocrx_word'/>
</head>
<body>
  <div class='ocr_page' id='page_1' title='image "./excursusadsibyll00alexuoft_0493.png"; bbox 0 0 1686 3500; ppageno 0'>
   <div class='ocr_carea' id='block_1_1' title="bbox 128 128 1210 208">
    <p class='ocr_par' dir='ltr' id='par_1_1' title="bbox 128 128 1210 208">
     <span class='ocr_line' id='line_1_1' title="bbox 128 128 1210 208; baseline -0.005 0"><span class='ocrx_word' id='word_1_1' title='bbox 128 164 222 208; x_wconf 75' lang='grc'>484</span> <span class='ocrx_word' id='word_1_2' title='bbox 425 170 427 173; x_wconf 95' lang='grc'><strong><em>·</em></strong></span> <span class='ocrx_word' id='word_1_3' title='bbox 469 128 472 130; x_wconf 46' lang='grc'><strong>’</strong></span> <span class='ocrx_word' id='word_1_4' title='bbox 507 162 586 206; x_wconf 76' lang='lat' dir='ltr'>An</span> <span class='ocrx_word' id='word_1_5' title='bbox 615 158 962 205; x_wconf 56' lang='lat' dir='ltr'>&amp;mammos</span> <span class='ocrx_word' id='word_1_6' title='bbox 999 160 1210 204; x_wconf 73' lang='lat' dir='ltr'>munos</span> 
     </span>
    </p>
   </div>
   <div class='ocr_carea' id='block_1_2' title="bbox 118 252 1642 1727">
    <p class='ocr_par' dir='ltr' id='par_1_2' title="bbox 121 252 1599 566">
     <span class='ocr_line' id='line_1_2' title="bbox 281 252 1125 310; baseline -0.004 -11"><span class='ocrx_word' id='word_1_7' title='bbox 281 257 347 299; x_wconf 80' lang='grc' dir='ltr'>Ἐκ</span> <span class='ocrx_word' id='word_1_8' title='bbox 363 259 503 310; x_wconf 75' lang='grc' dir='ltr'>γενετῆς</span> <span class='ocrx_word' id='word_1_9' title='bbox 514 252 637 301; x_wconf 66' lang='grc' dir='ltr'>παῖδες</span> <span class='ocrx_word' id='word_1_10' title='bbox 652 255 922 310; x_wconf 77' lang='grc' dir='ltr'>πολιοκρόταφοι</span> <span class='ocrx_word' id='word_1_11' title='bbox 932 259 1125 310; x_wconf 79' lang='grc' dir='ltr'>γεγαῶτες,</span> 
     </span>
     <span class='ocr_line' id='line_1_3' title="bbox 121 315 1598 374; baseline -0.002 -13"><span class='ocrx_word' id='word_1_12' title='bbox 121 315 225 374; x_wconf 87' lang='lat' dir='ltr'>quod</span> <span class='ocrx_word' id='word_1_13' title='bbox 242 322 332 374; x_wconf 79' lang='lat' dir='ltr'>quia</span> <span class='ocrx_word' id='word_1_14' title='bbox 348 335 417 374; x_wconf 88' lang='lat' dir='ltr'>per</span> <span class='ocrx_word' id='word_1_15' title='bbox 435 335 566 361; x_wconf 86' lang='lat' dir='ltr'>omnes</span> <span class='ocrx_word' id='word_1_16' title='bbox 586 330 718 368; x_wconf 83' lang='lat' dir='ltr'>terras,</span> <span class='ocrx_word' id='word_1_17' title='bbox 739 320 828 359; x_wconf 72' lang='grc' dir='ltr'>κατὰ</span> <span class='ocrx_word' id='word_1_18' title='bbox 843 320 975 371; x_wconf 83' lang='grc' dir='ltr'>κόσμον</span> <span class='ocrx_word' id='word_1_19' title='bbox 995 319 1148 368; x_wconf 81' lang='grc' dir='ltr'>ἅπαντα,</span> <span class='ocrx_word' id='word_1_20' title='bbox 1176 320 1345 359; x_wconf 82' lang='lat' dir='ltr'>futurum</span> <span class='ocrx_word' id='word_1_21' title='bbox 1366 319 1598 371; x_wconf 82' lang='lat' dir='ltr'>praedicitur,</span> 
     </span>
     <span class='ocr_line' id='line_1_4' title="bbox 123 379 1598 438; baseline -0.003 -12"><span class='ocrx_word' id='word_1_22' title='bbox 123 388 271 427; x_wconf 80' lang='lat' dir='ltr'>videtur</span> <span class='ocrx_word' id='word_1_23' title='bbox 297 400 374 426; x_wconf 88' lang='lat' dir='ltr'>non</span> <span class='ocrx_word' id='word_1_24' title='bbox 392 386 452 425; x_wconf 74' lang='lat' dir='ltr'>&#39;ad</span> <span class='ocrx_word' id='word_1_25' title='bbox 479 386 633 438; x_wconf 78' lang='lat' dir='ltr'>aliquod</span> <span class='ocrx_word' id='word_1_26' title='bbox 654 399 788 424; x_wconf 89' lang='lat' dir='ltr'>recens</span> <span class='ocrx_word' id='word_1_27' title='bbox 806 386 1019 438; x_wconf 81' lang='lat' dir='ltr'>prodigium</span> <span class='ocrx_word' id='word_1_28' title='bbox 1042 385 1252 437; x_wconf 85' lang='lat' dir='ltr'>respicere,</span> <span class='ocrx_word' id='word_1_29' title='bbox 1269 385 1335 424; x_wconf 86' lang='lat' dir='ltr'>sed</span> <span class='ocrx_word' id='word_1_30' title='bbox 1353 385 1401 424; x_wconf 85' lang='lat' dir='ltr'>ad</span> <span class='ocrx_word' id='word_1_31' title='bbox 1421 379 1598 424; x_wconf 84' lang='lat' dir='ltr'>eommu-</span> 
     </span>
     <span class='ocr_line' id='line_1_5' title="bbox 123 450 1599 506; baseline -0.001 -16"><span class='ocrx_word' id='word_1_32' title='bbox 123 465 209 506; x_wconf 77' lang='lat' dir='ltr'>nem</span> <span class='ocrx_word' id='word_1_33' title='bbox 240 451 481 490; x_wconf 76' lang='lat' dir='ltr'>traditionem</span> <span class='ocrx_word' id='word_1_34' title='bbox 510 451 558 489; x_wconf 91' lang='lat' dir='ltr'>de</span> <span class='ocrx_word' id='word_1_35' title='bbox 583 450 768 502; x_wconf 79' lang='lat' dir='ltr'>prodigiis</span> <span class='ocrx_word' id='word_1_36' title='bbox 794 451 864 489; x_wconf 89' lang='lat' dir='ltr'>sub</span> <span class='ocrx_word' id='word_1_37' title='bbox 889 452 1000 488; x_wconf 85' lang='lat' dir='ltr'>[inem</span> <span class='ocrx_word' id='word_1_38' title='bbox 1031 450 1163 489; x_wconf 88' lang='lat' dir='ltr'>mundi</span> <span class='ocrx_word' id='word_1_39' title='bbox 1194 450 1346 490; x_wconf 82' lang='lat' dir='ltr'>suturis.</span> <span class='ocrx_word' id='word_1_40' title='bbox 1372 453 1599 501; x_wconf 87' lang='lat' dir='ltr'>Quanquam</span> 
     </span>
     <span class='ocr_line' id='line_1_6' title="bbox 122 513 1129 566; baseline -0.003 -12"><span class='ocrx_word' id='word_1_41' title='bbox 122 516 223 555; x_wconf 88' lang='lat' dir='ltr'>unde</span> <span class='ocrx_word' id='word_1_42' title='bbox 239 518 386 554; x_wconf 77' lang='lat' dir='ltr'>ortam?</span> <span class='ocrx_word' id='word_1_43' title='bbox 406 516 474 554; x_wconf 82' lang='lat' dir='ltr'>Hic</span> <span class='ocrx_word' id='word_1_44' title='bbox 495 528 588 554; x_wconf 78' lang='lat' dir='ltr'>vero</span> <span class='ocrx_word' id='word_1_45' title='bbox 606 515 644 553; x_wconf 86' lang='lat' dir='ltr'>in</span> <span class='ocrx_word' id='word_1_46' title='bbox 664 524 791 566; x_wconf 82' lang='lat' dir='ltr'>partes</span> <span class='ocrx_word' id='word_1_47' title='bbox 813 515 906 553; x_wconf 84' lang='lat' dir='ltr'>duas</span> <span class='ocrx_word' id='word_1_48' title='bbox 930 513 1129 552; x_wconf 83' lang='lat' dir='ltr'>trahimur.</span> 
     </span>
    </p>

    <p class='ocr_par' dir='ltr' id='par_1_3' title="bbox 118 577 1599 1145">
     <span class='ocr_line' id='line_1_7' title="bbox 174 577 1599 630; baseline -0.002 -12"><span class='ocrx_word' id='word_1_49' title='bbox 174 579 304 619; x_wconf 86' lang='lat' dir='ltr'>Potuit</span> <span class='ocrx_word' id='word_1_50' title='bbox 331 579 432 617; x_wconf 86' lang='lat' dir='ltr'>enim</span> <span class='ocrx_word' id='word_1_51' title='bbox 459 592 505 617; x_wconf 87' lang='lat' dir='ltr'>ex</span> <span class='ocrx_word' id='word_1_52' title='bbox 528 578 751 630; x_wconf 80' lang='lat' dir='ltr'>apocrypho</span> <span class='ocrx_word' id='word_1_53' title='bbox 771 578 900 628; x_wconf 87' lang='lat' dir='ltr'>aliquo</span> <span class='ocrx_word' id='word_1_54' title='bbox 918 577 1117 629; x_wconf 77' lang='lat' dir='ltr'>evangelio</span> <span class='ocrx_word' id='word_1_55' title='bbox 1130 577 1238 625; x_wconf 66' lang='lat' dir='ltr'>,sive</span> <span class='ocrx_word' id='word_1_56' title='bbox 1256 577 1443 628; x_wconf 81' lang='lat' dir='ltr'>adespoto</span> <span class='ocrx_word' id='word_1_57' title='bbox 1462 577 1599 628; x_wconf 88' lang='lat' dir='ltr'>quovis</span> 
     </span>
     <span class='ocr_line' id='line_1_8' title="bbox 120 642 1598 694; baseline -0.001 -13"><span class='ocrx_word' id='word_1_58' title='bbox 120 642 220 681; x_wconf 86' lang='lat' dir='ltr'>libro</span> <span class='ocrx_word' id='word_1_59' title='bbox 239 643 448 681; x_wconf 80' lang='lat' dir='ltr'>christiano</span> <span class='ocrx_word' id='word_1_60' title='bbox 468 642 708 694; x_wconf 80' lang='lat' dir='ltr'>veljudaico,</span> <span class='ocrx_word' id='word_1_61' title='bbox 724 643 762 681; x_wconf 87' lang='lat' dir='ltr'>in</span> <span class='ocrx_word' id='word_1_62' title='bbox 778 642 880 692; x_wconf 78' lang='lat' dir='ltr'>vulgi</span> <span class='ocrx_word' id='word_1_63' title='bbox 894 642 1115 692; x_wconf 85' lang='lat' dir='ltr'>opinionem</span> <span class='ocrx_word' id='word_1_64' title='bbox 1133 642 1307 681; x_wconf 85' lang='lat' dir='ltr'>transire.</span> <span class='ocrx_word' id='word_1_65' title='bbox 1320 642 1397 681; x_wconf 83' lang='lat' dir='ltr'>Nos</span> <span class='ocrx_word' id='word_1_66' title='bbox 1416 650 1540 681; x_wconf 79' lang='lat' dir='ltr'>tamen</span> <span class='ocrx_word' id='word_1_67' title='bbox 1559 643 1598 681; x_wconf 90' lang='lat' dir='ltr'>in</span> 
     </span>
     <span class='ocr_line' id='line_1_9' title="bbox 118 704 1597 760; baseline -0.002 -14"><span class='ocrx_word' id='word_1_68' title='bbox 118 707 353 760; x_wconf 76' lang='lat' dir='ltr'>apocryphis</span> <span class='ocrx_word' id='word_1_69' title='bbox 383 706 657 759; x_wconf 82' lang='lat' dir='ltr'>superstitibus</span> <span class='ocrx_word' id='word_1_70' title='bbox 686 706 778 745; x_wconf 88' lang='lat' dir='ltr'>nihil</span> <span class='ocrx_word' id='word_1_71' title='bbox 808 704 1027 756; x_wconf 83' lang='lat' dir='ltr'>hujusmodi</span> <span class='ocrx_word' id='word_1_72' title='bbox 1057 705 1241 744; x_wconf 84' lang='lat' dir='ltr'>hactenus</span> <span class='ocrx_word' id='word_1_73' title='bbox 1273 706 1500 757; x_wconf 77' lang='lat' dir='ltr'>reperimus,</span> <span class='ocrx_word' id='word_1_74' title='bbox 1525 705 1597 743; x_wconf 83' lang='lat' dir='ltr'>nisi</span> 
     </span>
     <span class='ocr_line' id='line_1_10' title="bbox 122 769 1598 823; baseline -0.001 -14"><span class='ocrx_word' id='word_1_75' title='bbox 122 771 218 810; x_wconf 85' lang='lat' dir='ltr'>sorte</span> <span class='ocrx_word' id='word_1_76' title='bbox 230 770 374 823; x_wconf 84' lang='lat' dir='ltr'>aliquid</span> <span class='ocrx_word' id='word_1_77' title='bbox 391 780 599 823; x_wconf 81' lang='lat' dir='ltr'>cognatum</span> <span class='ocrx_word' id='word_1_78' title='bbox 617 772 722 817; x_wconf 85' lang='lat' dir='ltr'>satis,</span> <span class='ocrx_word' id='word_1_79' title='bbox 740 770 932 808; x_wconf 81' lang='lat' dir='ltr'>diversum</span> <span class='ocrx_word' id='word_1_80' title='bbox 956 778 1093 817; x_wconf 77' lang='lat' dir='ltr'>tamen,</span> <span class='ocrx_word' id='word_1_81' title='bbox 1111 770 1148 807; x_wconf 92' lang='lat' dir='ltr'>in</span> <span class='ocrx_word' id='word_1_82' title='bbox 1178 770 1304 809; x_wconf 79' lang='lat' dir='ltr'>Esdrae</span> <span class='ocrx_word' id='word_1_83' title='bbox 1325 770 1425 809; x_wconf 87' lang='lat' dir='ltr'>libro</span> <span class='ocrx_word' id='word_1_84' title='bbox 1448 772 1513 819; x_wconf 81' lang='lat' dir='ltr'>lV,</span> <span class='ocrx_word' id='word_1_85' title='bbox 1532 769 1598 808; x_wconf 88' lang='lat' dir='ltr'>ubi</span> 
     </span>
     <span class='ocr_line' id='line_1_11' title="bbox 122 833 1598 885; baseline -0.003 -11"><span class='ocrx_word' id='word_1_86' title='bbox 122 836 219 874; x_wconf 88' lang='lat' dir='ltr'>inter</span> <span class='ocrx_word' id='word_1_87' title='bbox 236 836 325 874; x_wconf 83' lang='lat' dir='ltr'>novi</span> <span class='ocrx_word' id='word_1_88' title='bbox 347 836 477 874; x_wconf 87' lang='lat' dir='ltr'>saeculi</span> <span class='ocrx_word' id='word_1_89' title='bbox 497 834 733 874; x_wconf 83' lang='lat' dir='ltr'>advenientis</span> <span class='ocrx_word' id='word_1_90' title='bbox 762 833 966 885; x_wconf 67' lang='lat' dir='ltr'>praesagia,</span> <span class='ocrx_word' id='word_1_91' title='bbox 990 833 1069 871; x_wconf 78' lang='lat' dir='ltr'>haec</span> <span class='ocrx_word' id='word_1_92' title='bbox 1090 834 1290 885; x_wconf 79' lang='lat' dir='ltr'>leguntur,</span> <span class='ocrx_word' id='word_1_93' title='bbox 1310 847 1395 885; x_wconf 87' lang='lat' dir='ltr'>cap.</span> <span class='ocrx_word' id='word_1_94' title='bbox 1412 834 1450 881; x_wconf 91' lang='lat'>6,</span> <span class='ocrx_word' id='word_1_95' title='bbox 1470 847 1505 871; x_wconf 89' lang='lat' dir='ltr'>v.</span> <span class='ocrx_word' id='word_1_96' title='bbox 1522 847 1567 871; x_wconf 83' lang='lat'>21</span> <span class='ocrx_word' id='word_1_97' title='bbox 1589 847 1598 870; x_wconf 77' lang='grc' dir='ltr'>ε</span> 
     </span>
     <span class='ocr_line' id='line_1_12' title="bbox 119 896 1597 949; baseline -0.001 -14"><span class='ocrx_word' id='word_1_98' title='bbox 119 918 134 935; x_wconf 78' lang='grc' dir='ltr'>ιι</span> <span class='ocrx_word' id='word_1_99' title='bbox 151 900 200 938; x_wconf 86' lang='lat' dir='ltr'>Et</span> <span class='ocrx_word' id='word_1_100' title='bbox 218 899 386 938; x_wconf 78' lang='lat' dir='ltr'>anniculi</span> <span class='ocrx_word' id='word_1_101' title='bbox 412 899 573 938; x_wconf 76' lang='lat' dir='ltr'>infantes</span> <span class='ocrx_word' id='word_1_102' title='bbox 593 899 798 949; x_wconf 84' lang='lat' dir='ltr'>loquentur</span> <span class='ocrx_word' id='word_1_103' title='bbox 817 896 978 935; x_wconf 81' lang='lat' dir='ltr'>vocibus</span> <span class='ocrx_word' id='word_1_104' title='bbox 997 898 1088 945; x_wconf 89' lang='lat' dir='ltr'>suis,</span> <span class='ocrx_word' id='word_1_105' title='bbox 1105 906 1144 935; x_wconf 84' lang='lat' dir='ltr'>et</span> <span class='ocrx_word' id='word_1_106' title='bbox 1162 907 1399 949; x_wconf 81' lang='lat' dir='ltr'>praegnantes</span> <span class='ocrx_word' id='word_1_107' title='bbox 1418 898 1597 935; x_wconf 83' lang='lat' dir='ltr'>immatu-</span> 
     </span>
     <span class='ocr_line' id='line_1_13' title="bbox 120 961 1599 1017; baseline -0.003 -14"><span class='ocrx_word' id='word_1_108' title='bbox 120 983 135 999; x_wconf 69' lang='grc' dir='ltr'>ι</span> <span class='ocrx_word' id='word_1_109' title='bbox 151 978 215 1003; x_wconf 86' lang='lat' dir='ltr'>ros</span> <span class='ocrx_word' id='word_1_110' title='bbox 237 965 388 1017; x_wconf 85' lang='lat' dir='ltr'>parient</span> <span class='ocrx_word' id='word_1_111' title='bbox 406 964 568 1002; x_wconf 82' lang='lat' dir='ltr'>infantes</span> <span class='ocrx_word' id='word_1_112' title='bbox 584 961 699 1000; x_wconf 88' lang='lat' dir='ltr'>trium</span> <span class='ocrx_word' id='word_1_113' title='bbox 716 971 754 1000; x_wconf 91' lang='lat' dir='ltr'>et</span> <span class='ocrx_word' id='word_1_114' title='bbox 775 970 942 1012; x_wconf 87' lang='lat' dir='ltr'>quatuor</span> <span class='ocrx_word' id='word_1_115' title='bbox 962 961 1170 1010; x_wconf 83' lang='lat' dir='ltr'>mensium,</span> <span class='ocrx_word' id='word_1_116' title='bbox 1190 970 1228 1000; x_wconf 89' lang='lat' dir='ltr'>et</span> <span class='ocrx_word' id='word_1_117' title='bbox 1247 961 1401 1010; x_wconf 80' lang='lat' dir='ltr'>vivent,</span> <span class='ocrx_word' id='word_1_118' title='bbox 1418 970 1457 1000; x_wconf 89' lang='lat' dir='ltr'>et</span> <span class='ocrx_word' id='word_1_119' title='bbox 1477 961 1599 1003; x_wconf 85' lang='lat' dir='ltr'>susci-</span> 
     </span>
     <span class='ocr_line' id='line_1_14' title="bbox 120 1026 1599 1074; baseline 0.001 -10"><span class='ocrx_word' id='word_1_120' title='bbox 120 1048 136 1064; x_wconf 77' lang='lat'><strong>·</strong></span> <span class='ocrx_word' id='word_1_121' title='bbox 153 1029 336 1068; x_wconf 90' lang='lat' dir='ltr'>tabuutur</span> <span class='ocrx_word' id='word_1_122' title='bbox 350 1047 379 1067; x_wconf 85' lang='lat'>».</span> <span class='ocrx_word' id='word_1_123' title='bbox 402 1027 475 1067; x_wconf 79' lang='lat' dir='ltr'>sed</span> <span class='ocrx_word' id='word_1_124' title='bbox 497 1027 544 1066; x_wconf 89' lang='lat' dir='ltr'>de</span> <span class='ocrx_word' id='word_1_125' title='bbox 564 1026 767 1065; x_wconf 88' lang='lat' dir='ltr'>immatura</span> <span class='ocrx_word' id='word_1_126' title='bbox 787 1027 926 1065; x_wconf 84' lang='lat' dir='ltr'>canitie</span> <span class='ocrx_word' id='word_1_127' title='bbox 953 1027 1154 1065; x_wconf 86' lang='lat' dir='ltr'>infantium</span> <span class='ocrx_word' id='word_1_128' title='bbox 1180 1026 1361 1074; x_wconf 85' lang='lat' dir='ltr'>istorum,</span> <span class='ocrx_word' id='word_1_129' title='bbox 1385 1040 1433 1065; x_wconf 90' lang='lat' dir='ltr'>ne</span> <span class='ocrx_word' id='word_1_130' title='bbox 1456 1035 1599 1065; x_wconf 80' lang='lat' dir='ltr'>mussat</span> 
     </span>
     <span class='ocr_line' id='line_1_15' title="bbox 124 1091 1580 1145; baseline 0.001 -15"><span class='ocrx_word' id='word_1_131' title='bbox 124 1092 280 1145; x_wconf 87' lang='lat' dir='ltr'>quidem</span> <span class='ocrx_word' id='word_1_132' title='bbox 312 1091 615 1144; x_wconf 77' lang='lat' dir='ltr'>pseudo-Esdrae</span> <span class='ocrx_word' id='word_1_133' title='bbox 639 1091 853 1142; x_wconf 82' lang='lat' dir='ltr'>prophetia.</span> <span class='ocrx_word' id='word_1_134' title='bbox 1574 1131 1580 1140; x_wconf 80' lang='grc'><em>,</em></span> 
     </span>
    </p>

    <p class='ocr_par' dir='ltr' id='par_1_4' title="bbox 124 1154 1642 1334">
     <span class='ocr_line' id='line_1_16' title="bbox 174 1154 1642 1208; baseline -0.002 -12"><span class='ocrx_word' id='word_1_135' title='bbox 174 1159 275 1196; x_wconf 89' lang='lat' dir='ltr'>Vero</span> <span class='ocrx_word' id='word_1_136' title='bbox 293 1157 410 1208; x_wconf 82' lang='lat' dir='ltr'>igitur</span> <span class='ocrx_word' id='word_1_137' title='bbox 440 1155 599 1194; x_wconf 87' lang='lat' dir='ltr'>similius</span> <span class='ocrx_word' id='word_1_138' title='bbox 616 1164 696 1202; x_wconf 87' lang='lat' dir='ltr'>est,</span> <span class='ocrx_word' id='word_1_139' title='bbox 721 1155 826 1206; x_wconf 86' lang='lat' dir='ltr'>quod</span> <span class='ocrx_word' id='word_1_140' title='bbox 847 1155 927 1207; x_wconf 82' lang='lat' dir='ltr'>jam</span> <span class='ocrx_word' id='word_1_141' title='bbox 958 1156 1048 1194; x_wconf 87' lang='lat' dir='ltr'>olim</span> <span class='ocrx_word' id='word_1_142' title='bbox 1068 1154 1254 1207; x_wconf 86' lang='lat' dir='ltr'>suspicati</span> <span class='ocrx_word' id='word_1_143' title='bbox 1274 1168 1404 1193; x_wconf 88' lang='lat' dir='ltr'>sumus</span> <span class='ocrx_word' id='word_1_144' title='bbox 1432 1155 1469 1193; x_wconf 88' lang='lat' dir='ltr'>in</span> <span class='ocrx_word' id='word_1_145' title='bbox 1495 1155 1599 1193; x_wconf 82' lang='lat' dir='ltr'>curis</span> <span class='ocrx_word' id='word_1_146' title='bbox 1627 1189 1642 1204; x_wconf 78' lang='grc'><em>,</em></span> 
     </span>
     <span class='ocr_line' id='line_1_17' title="bbox 124 1218 1600 1275; baseline -0.002 -15"><span class='ocrx_word' id='word_1_147' title='bbox 124 1219 399 1275; x_wconf 70' lang='lat' dir='ltr'>posterioribus</span> <span class='ocrx_word' id='word_1_148' title='bbox 418 1219 466 1257; x_wconf 87' lang='lat' dir='ltr'>ad</span> <span class='ocrx_word' id='word_1_149' title='bbox 492 1219 528 1258; x_wconf 89' lang='lat' dir='ltr'>h.</span> <span class='ocrx_word' id='word_1_150' title='bbox 545 1219 589 1266; x_wconf 90' lang='lat' dir='ltr'>l.,</span> <span class='ocrx_word' id='word_1_151' title='bbox 617 1218 655 1257; x_wconf 85' lang='lat' dir='ltr'>id</span> <span class='ocrx_word' id='word_1_152' title='bbox 677 1220 858 1258; x_wconf 86' lang='lat' dir='ltr'>Nostrum</span> <span class='ocrx_word' id='word_1_153' title='bbox 877 1219 922 1259; x_wconf 88' lang='lat' dir='ltr'>‹le</span> <span class='ocrx_word' id='word_1_154' title='bbox 941 1233 1012 1258; x_wconf 93' lang='lat' dir='ltr'>suo</span> <span class='ocrx_word' id='word_1_155' title='bbox 1032 1220 1278 1258; x_wconf 83' lang='lat' dir='ltr'>vaticinatum</span> <span class='ocrx_word' id='word_1_156' title='bbox 1300 1234 1380 1258; x_wconf 85' lang='lat' dir='ltr'>esse</span> <span class='ocrx_word' id='word_1_157' title='bbox 1400 1219 1447 1258; x_wconf 89' lang='lat' dir='ltr'>ad</span> <span class='ocrx_word' id='word_1_158' title='bbox 1479 1220 1600 1258; x_wconf 87' lang='lat' dir='ltr'>instar</span> 
     </span>
     <span class='ocr_line' id='line_1_18' title="bbox 126 1282 863 1334; baseline -0.007 -10"><span class='ocrx_word' id='word_1_159' title='bbox 126 1284 294 1330; x_wconf 81' lang='lat' dir='ltr'>Hesiodi,</span> <span class='ocrx_word' id='word_1_160' title='bbox 315 1285 415 1334; x_wconf 88' lang='lat' dir='ltr'>opp.</span> <span class='ocrx_word' id='word_1_161' title='bbox 433 1291 470 1321; x_wconf 92' lang='lat' dir='ltr'>et</span> <span class='ocrx_word' id='word_1_162' title='bbox 491 1282 592 1320; x_wconf 86' lang='lat' dir='ltr'>dieb.</span> <span class='ocrx_word' id='word_1_163' title='bbox 612 1296 647 1320; x_wconf 92' lang='lat' dir='ltr'>v.</span> <span class='ocrx_word' id='word_1_164' title='bbox 674 1283 760 1331; x_wconf 77' lang='lat'>178,</span> <span class='ocrx_word' id='word_1_165' title='bbox 778 1297 836 1334; x_wconf 85' lang='lat' dir='ltr'>sq.</span> <span class='ocrx_word' id='word_1_166' title='bbox 855 1299 863 1322; x_wconf 90' lang='lat'><strong>:</strong></span> 
     </span>
    </p>

    <p class='ocr_par' dir='ltr' id='par_1_5' title="bbox 281 1344 1258 1402">
     <span class='ocr_line' id='line_1_19' title="bbox 281 1344 1258 1402; baseline 0 -16"><span class='ocrx_word' id='word_1_167' title='bbox 281 1345 366 1391; x_wconf 67' lang='grc' dir='ltr'>Ζεὺς</span> <span class='ocrx_word' id='word_1_168' title='bbox 381 1347 410 1386; x_wconf 83' lang='grc' dir='ltr'>δ’</span> <span class='ocrx_word' id='word_1_169' title='bbox 422 1344 534 1385; x_wconf 80' lang='grc' dir='ltr'>ὀλέσει</span> <span class='ocrx_word' id='word_1_170' title='bbox 553 1344 613 1384; x_wconf 75' lang='grc' dir='ltr'>καὶ</span> <span class='ocrx_word' id='word_1_171' title='bbox 633 1349 734 1384; x_wconf 81' lang='grc' dir='ltr'>τοῦτο</span> <span class='ocrx_word' id='word_1_172' title='bbox 746 1345 846 1398; x_wconf 82' lang='grc' dir='ltr'>γένος</span> <span class='ocrx_word' id='word_1_173' title='bbox 864 1346 1026 1400; x_wconf 85' lang='grc' dir='ltr'>μερόπων</span> <span class='ocrx_word' id='word_1_174' title='bbox 1043 1345 1234 1402; x_wconf 84' lang='grc' dir='ltr'>ἀνθρώπων</span> <span class='ocrx_word' id='word_1_175' title='bbox 1247 1377 1258 1396; x_wconf 96' lang='lat'>,</span> 
     </span>
    </p>

    <p class='ocr_par' dir='ltr' id='par_1_6' title="bbox 125 1406 1602 1727">
     <span class='ocr_line' id='line_1_20' title="bbox 282 1406 1092 1465; baseline 0 -14"><span class='ocrx_word' id='word_1_176' title='bbox 282 1406 367 1452; x_wconf 62' lang='grc' dir='ltr'>Εἶτ’</span> <span class='ocrx_word' id='word_1_177' title='bbox 382 1411 422 1450; x_wconf 81' lang='grc' dir='ltr'>ἂν</span> <span class='ocrx_word' id='word_1_178' title='bbox 439 1411 613 1462; x_wconf 79' lang='grc' dir='ltr'>γινόμενοι</span> <span class='ocrx_word' id='word_1_179' title='bbox 626 1411 896 1465; x_wconf 77' lang='grc' dir='ltr'>πολιοκρόταφοι</span> <span class='ocrx_word' id='word_1_180' title='bbox 912 1412 1092 1451; x_wconf 82' lang='grc' dir='ltr'>τελέθωσι.</span> 
     </span>
     <span class='ocr_line' id='line_1_21' title="bbox 126 1476 1601 1529; baseline -0.003 -11"><span class='ocrx_word' id='word_1_181' title='bbox 126 1478 260 1519; x_wconf 87' lang='lat' dir='ltr'>Prodit</span> <span class='ocrx_word' id='word_1_182' title='bbox 279 1477 379 1515; x_wconf 82' lang='lat' dir='ltr'>enim</span> <span class='ocrx_word' id='word_1_183' title='bbox 399 1476 647 1515; x_wconf 83' lang='lat' dir='ltr'>imitationem</span> <span class='ocrx_word' id='word_1_184' title='bbox 667 1485 706 1515; x_wconf 90' lang='lat' dir='ltr'>et</span> <span class='ocrx_word' id='word_1_185' title='bbox 722 1477 888 1529; x_wconf 79' lang='lat' dir='ltr'>plagium</span> <span class='ocrx_word' id='word_1_186' title='bbox 908 1490 1042 1529; x_wconf 84' lang='lat' dir='ltr'>magna</span> <span class='ocrx_word' id='word_1_187' title='bbox 1063 1479 1101 1515; x_wconf 89' lang='lat' dir='ltr'>in</span> <span class='ocrx_word' id='word_1_188' title='bbox 1117 1478 1240 1517; x_wconf 86' lang='lat' dir='ltr'>altero</span> <span class='ocrx_word' id='word_1_189' title='bbox 1259 1491 1373 1516; x_wconf 88' lang='lat' dir='ltr'>versu</span> <span class='ocrx_word' id='word_1_190' title='bbox 1391 1477 1601 1517; x_wconf 74' lang='lat' dir='ltr'>similitudo</span> 
     </span>
     <span class='ocr_line' id='line_1_22' title="bbox 125 1543 1602 1597; baseline -0.001 -11"><span class='ocrx_word' id='word_1_191' title='bbox 125 1561 200 1586; x_wconf 91' lang='lat' dir='ltr'>non</span> <span class='ocrx_word' id='word_1_192' title='bbox 215 1544 408 1584; x_wconf 85' lang='lat' dir='ltr'>sententiae</span> <span class='ocrx_word' id='word_1_193' title='bbox 429 1543 556 1592; x_wconf 82' lang='lat' dir='ltr'>modu,</span> <span class='ocrx_word' id='word_1_194' title='bbox 575 1543 642 1582; x_wconf 91' lang='lat' dir='ltr'>sed</span> <span class='ocrx_word' id='word_1_195' title='bbox 662 1552 700 1582; x_wconf 86' lang='lat' dir='ltr'>et</span> <span class='ocrx_word' id='word_1_196' title='bbox 715 1543 945 1591; x_wconf 80' lang='lat' dir='ltr'>verborum3</span> <span class='ocrx_word' id='word_1_197' title='bbox 969 1558 1013 1583; x_wconf 88' lang='lat' dir='ltr'>ac</span> <span class='ocrx_word' id='word_1_198' title='bbox 1033 1558 1132 1597; x_wconf 84' lang='lat' dir='ltr'>saepe</span> <span class='ocrx_word' id='word_1_199' title='bbox 1150 1545 1229 1597; x_wconf 85' lang='lat' dir='ltr'>jam</span> <span class='ocrx_word' id='word_1_200' title='bbox 1256 1545 1542 1585; x_wconf 81' lang='lat' dir='ltr'>observavimus</span> <span class='ocrx_word' id='word_1_201' title='bbox 1563 1546 1602 1584; x_wconf 91' lang='lat' dir='ltr'>in</span> 
     </span>
     <span class='ocr_line' id='line_1_23' title="bbox 125 1607 1602 1663; baseline -0.002 -12"><span class='ocrx_word' id='word_1_202' title='bbox 125 1610 347 1663; x_wconf 83' lang='lat' dir='ltr'>Sibyllinis,</span> <span class='ocrx_word' id='word_1_203' title='bbox 378 1608 445 1647; x_wconf 88' lang='lat' dir='ltr'>sed</span> <span class='ocrx_word' id='word_1_204' title='bbox 467 1608 660 1661; x_wconf 86' lang='lat' dir='ltr'>praecipue</span> <span class='ocrx_word' id='word_1_205' title='bbox 686 1607 787 1647; x_wconf 88' lang='lat' dir='ltr'>libro</span> <span class='ocrx_word' id='word_1_206' title='bbox 806 1610 841 1658; x_wconf 85' lang='grc' dir='ltr'>Ι,</span> <span class='ocrx_word' id='word_1_207' title='bbox 875 1609 942 1661; x_wconf 89' lang='lat' dir='ltr'>qui</span> <span class='ocrx_word' id='word_1_208' title='bbox 966 1623 1054 1648; x_wconf 88' lang='lat' dir='ltr'>cum</span> <span class='ocrx_word' id='word_1_209' title='bbox 1075 1609 1175 1648; x_wconf 89' lang='lat' dir='ltr'>libro</span> <span class='ocrx_word' id='word_1_210' title='bbox 1193 1610 1228 1650; x_wconf 88' lang='lat'>11</span> <span class='ocrx_word' id='word_1_211' title='bbox 1254 1609 1423 1662; x_wconf 82' lang='lat' dir='ltr'>ejusdem</span> <span class='ocrx_word' id='word_1_212' title='bbox 1447 1610 1602 1661; x_wconf 81' lang='lat' dir='ltr'>Sibyllae</span> 
     </span>
     <span class='ocr_line' id='line_1_24' title="bbox 126 1673 1401 1727; baseline 0 -12"><span class='ocrx_word' id='word_1_213' title='bbox 126 1677 224 1715; x_wconf 84' lang='lat' dir='ltr'>setus</span> <span class='ocrx_word' id='word_1_214' title='bbox 242 1684 316 1724; x_wconf 86' lang='lat' dir='ltr'>est,</span> <span class='ocrx_word' id='word_1_215' title='bbox 345 1674 506 1727; x_wconf 84' lang='lat' dir='ltr'>plurima</span> <span class='ocrx_word' id='word_1_216' title='bbox 524 1687 571 1712; x_wconf 80' lang='lat' dir='ltr'>ex</span> <span class='ocrx_word' id='word_1_217' title='bbox 588 1673 778 1712; x_wconf 87' lang='lat' dir='ltr'>Hesiodeo</span> <span class='ocrx_word' id='word_1_218' title='bbox 795 1675 960 1713; x_wconf 78' lang='lat' dir='ltr'>armario</span> <span class='ocrx_word' id='word_1_219' title='bbox 976 1684 1129 1726; x_wconf 79' lang='lat' dir='ltr'>sumpta</span> <span class='ocrx_word' id='word_1_220' title='bbox 1149 1675 1401 1726; x_wconf 83' lang='lat' dir='ltr'>deprehendi.</span> 
     </span>
    </p>
   </div>
   <div class='ocr_carea' id='block_1_3' title="bbox 825 1820 906 1831">
    <p class='ocr_par' dir='ltr' id='par_1_7' title="bbox 825 1820 906 1831">
     <span class='ocr_line' id='line_1_25' title="bbox 825 1820 906 1831; baseline 0 -2"><span class='ocrx_word' id='word_1_221' title='bbox 825 1820 906 1831; x_wconf 63' lang='grc'>.-</span> 
     </span>
    </p>
   </div>
   <div class='ocr_carea' id='block_1_4' title="bbox 477 1928 1246 1969">
    <p class='ocr_par' dir='ltr' id='par_1_8' title="bbox 477 1928 1246 1969">
     <span class='ocr_line' id='line_1_26' title="bbox 477 1928 1246 1969; baseline 0.003 -2"><span class='ocrx_word' id='word_1_222' title='bbox 477 1928 585 1969; x_wconf 77' lang='lat' dir='ltr'><strong>CAP.</strong></span> <span class='ocrx_word' id='word_1_223' title='bbox 615 1928 718 1969; x_wconf 81' lang='lat' dir='ltr'>Xssl.</span> <span class='ocrx_word' id='word_1_224' title='bbox 746 1930 805 1966; x_wconf 86' lang='lat' dir='ltr'>De</span> <span class='ocrx_word' id='word_1_225' title='bbox 822 1931 1019 1967; x_wconf 79' lang='lat' dir='ltr'>mulierum</span> <span class='ocrx_word' id='word_1_226' title='bbox 1039 1931 1246 1969; x_wconf 78' lang='lat' dir='ltr'>sterilitate.</span> 
     </span>
    </p>
   </div>
   <div class='ocr_carea' id='block_1_5' title="bbox 66 2059 1602 2372">
    <p class='ocr_par' dir='ltr' id='par_1_9' title="bbox 66 2059 1602 2177">
     <span class='ocr_line' id='line_1_27' title="bbox 184 2059 1602 2113; baseline -0.001 -12"><span class='ocrx_word' id='word_1_227' title='bbox 184 2060 296 2102; x_wconf 74' lang='lat' dir='ltr'>Aliud</span> <span class='ocrx_word' id='word_1_228' title='bbox 329 2060 478 2112; x_wconf 85' lang='lat' dir='ltr'>signum</span> <span class='ocrx_word' id='word_1_229' title='bbox 511 2074 556 2099; x_wconf 79' lang='lat' dir='ltr'>nc</span> <span class='ocrx_word' id='word_1_230' title='bbox 588 2060 710 2112; x_wconf 79' lang='lat' dir='ltr'>priori</span> <span class='ocrx_word' id='word_1_231' title='bbox 738 2059 854 2099; x_wconf 79' lang='lat' dir='ltr'>affine</span> <span class='ocrx_word' id='word_1_232' title='bbox 884 2061 1063 2099; x_wconf 84' lang='lat' dir='ltr'>sterilitas</span> <span class='ocrx_word' id='word_1_233' title='bbox 1099 2069 1155 2099; x_wconf 89' lang='lat' dir='ltr'>est</span> <span class='ocrx_word' id='word_1_234' title='bbox 1185 2061 1409 2109; x_wconf 85' lang='lat' dir='ltr'>mulierum,</span> <span class='ocrx_word' id='word_1_235' title='bbox 1443 2060 1491 2100; x_wconf 86' lang='lat' dir='ltr'>de</span> <span class='ocrx_word' id='word_1_236' title='bbox 1524 2075 1602 2113; x_wconf 76' lang='lat' dir='ltr'>qua</span> 
     </span>
     <span class='ocr_line' id='line_1_28' title="bbox 66 2126 1164 2177; baseline -0.006 -8"><span class='ocrx_word' id='word_1_237' title='bbox 66 2164 81 2176; x_wconf 34' lang='lat' dir='ltr'>x</span> <span class='ocrx_word' id='word_1_238' title='bbox 131 2128 196 2169; x_wconf 88' lang='lat' dir='ltr'>lib.</span> <span class='ocrx_word' id='word_1_239' title='bbox 218 2128 275 2175; x_wconf 85' lang='lat'>11,</span> <span class='ocrx_word' id='word_1_240' title='bbox 291 2139 331 2167; x_wconf 77' lang='lat' dir='ltr'>v,</span> <span class='ocrx_word' id='word_1_241' title='bbox 357 2126 444 2177; x_wconf 82' lang='lat'>163,</span> <span class='ocrx_word' id='word_1_242' title='bbox 463 2138 543 2176; x_wconf 86' lang='lat' dir='ltr'>sq.:</span> <span class='ocrx_word' id='word_1_243' title='bbox 1157 2131 1164 2138; x_wconf 79' lang='grc'><strong>“</strong></span> 
     </span>
    </p>

    <p class='ocr_par' dir='ltr' id='par_1_10' title="bbox 288 2187 1205 2243">
     <span class='ocr_line' id='line_1_29' title="bbox 288 2187 1205 2243; baseline -0.003 -12"><span class='ocrx_word' id='word_1_244' title='bbox 288 2189 436 2238; x_wconf 80' lang='grc' dir='ltr'>Νήπιοι,</span> <span class='ocrx_word' id='word_1_245' title='bbox 454 2187 531 2228; x_wconf 81' lang='grc' dir='ltr'>οὐδὲ</span> <span class='ocrx_word' id='word_1_246' title='bbox 550 2193 704 2234; x_wconf 76' lang='grc' dir='ltr'>νοοῦντες</span> <span class='ocrx_word' id='word_1_247' title='bbox 722 2187 786 2237; x_wconf 76' lang='grc' dir='ltr'>ὅθ’,</span> <span class='ocrx_word' id='word_1_248' title='bbox 802 2188 905 2237; x_wconf 76' lang='grc' dir='ltr'>ἡνίκα</span> <span class='ocrx_word' id='word_1_249' title='bbox 924 2189 1014 2243; x_wconf 81' lang='grc' dir='ltr'>φῦλα</span> <span class='ocrx_word' id='word_1_250' title='bbox 1031 2191 1205 2241; x_wconf 80' lang='grc' dir='ltr'>γυναικῶν</span> 
     </span>
    </p>

    <p class='ocr_par' dir='ltr' id='par_1_11' title="bbox 129 2252 1600 2372">
     <span class='ocr_line' id='line_1_30' title="bbox 285 2252 1187 2308; baseline -0.001 -14"><span class='ocrx_word' id='word_1_251' title='bbox 285 2255 348 2302; x_wconf 77' lang='grc' dir='ltr'>Μὴ</span> <span class='ocrx_word' id='word_1_252' title='bbox 365 2254 547 2301; x_wconf 79' lang='grc' dir='ltr'>τίκτωσιν,</span> <span class='ocrx_word' id='word_1_253' title='bbox 564 2253 627 2307; x_wconf 71' lang='grc' dir='ltr'>ἔφυ</span> <span class='ocrx_word' id='word_1_254' title='bbox 641 2253 682 2293; x_wconf 81' lang='grc' dir='ltr'>τὸ</span> <span class='ocrx_word' id='word_1_255' title='bbox 697 2253 793 2308; x_wconf 78' lang='grc' dir='ltr'>θέρος</span> <span class='ocrx_word' id='word_1_256' title='bbox 811 2253 972 2307; x_wconf 79' lang='grc' dir='ltr'>μερόπων</span> <span class='ocrx_word' id='word_1_257' title='bbox 985 2252 1187 2307; x_wconf 83' lang='grc' dir='ltr'>ἀνθρώπων.</span> 
     </span>
     <span class='ocr_line' id='line_1_31' title="bbox 129 2318 1600 2372; baseline -0.002 -13"><span class='ocrx_word' id='word_1_258' title='bbox 129 2320 241 2368; x_wconf 85' lang='lat' dir='ltr'>Quod</span> <span class='ocrx_word' id='word_1_259' title='bbox 273 2332 340 2372; x_wconf 91' lang='lat' dir='ltr'>per</span> <span class='ocrx_word' id='word_1_260' title='bbox 365 2332 405 2356; x_wconf 87' lang='lat' dir='ltr'>se</span> <span class='ocrx_word' id='word_1_261' title='bbox 426 2318 689 2370; x_wconf 78' lang='lat' dir='ltr'>manifestum,</span> <span class='ocrx_word' id='word_1_262' title='bbox 714 2318 884 2357; x_wconf 82' lang='lat' dir='ltr'>humano</span> <span class='ocrx_word' id='word_1_263' title='bbox 917 2318 1049 2369; x_wconf 81' lang='lat' dir='ltr'>generi</span> <span class='ocrx_word' id='word_1_264' title='bbox 1090 2319 1202 2356; x_wconf 85' lang='lat' dir='ltr'>linem</span> <span class='ocrx_word' id='word_1_265' title='bbox 1239 2326 1318 2356; x_wconf 86' lang='lat' dir='ltr'>tum</span> <span class='ocrx_word' id='word_1_266' title='bbox 1352 2318 1476 2356; x_wconf 80' lang='lat' dir='ltr'>affore</span> <span class='ocrx_word' id='word_1_267' title='bbox 1510 2331 1600 2370; x_wconf 92' lang='lat' dir='ltr'>pro-</span> 
     </span>
    </p>
   </div>
   <div class='ocr_carea' id='block_1_6' title="bbox 129 2382 1667 2436">
    <p class='ocr_par' dir='ltr' id='par_1_12' title="bbox 129 2382 1667 2436">
     <span class='ocr_line' id='line_1_32' title="bbox 129 2382 1667 2436; baseline -0.003 -12"><span class='ocrx_word' id='word_1_268' title='bbox 129 2386 287 2433; x_wconf 82' lang='lat' dir='ltr'>ximum,</span> <span class='ocrx_word' id='word_1_269' title='bbox 306 2398 425 2436; x_wconf 80' lang='lat' dir='ltr'>quum</span> <span class='ocrx_word' id='word_1_270' title='bbox 450 2383 650 2421; x_wconf 85' lang='lat' dir='ltr'>mulierum</span> <span class='ocrx_word' id='word_1_271' title='bbox 679 2383 893 2436; x_wconf 79' lang='lat' dir='ltr'>puerperiis</span> <span class='ocrx_word' id='word_1_272' title='bbox 915 2384 1121 2435; x_wconf 82' lang='lat' dir='ltr'>propagari</span> <span class='ocrx_word' id='word_1_273' title='bbox 1141 2383 1308 2421; x_wconf 86' lang='lat' dir='ltr'>desierit.</span> <span class='ocrx_word' id='word_1_274' title='bbox 1338 2382 1381 2422; x_wconf 86' lang='lat' dir='ltr'>ld</span> <span class='ocrx_word' id='word_1_275' title='bbox 1409 2392 1532 2421; x_wconf 90' lang='lat' dir='ltr'>tamen</span> <span class='ocrx_word' id='word_1_276' title='bbox 1554 2396 1602 2421; x_wconf 76' lang='lat' dir='ltr'>ex</span> <span class='ocrx_word' id='word_1_277' title='bbox 1664 2403 1667 2407; x_wconf 93' lang='lat'>·</span> 
     </span>
    </p>
   </div>
   <div class='ocr_carea' id='block_1_7' title="bbox 98 2448 1606 2890">
    <p class='ocr_par' dir='ltr' id='par_1_13' title="bbox 98 2448 1606 2890">
     <span class='ocr_line' id='line_1_33' title="bbox 98 2448 1602 2502; baseline -0.002 -13"><span class='ocrx_word' id='word_1_278' title='bbox 98 2450 101 2455; x_wconf 74' lang='grc'>’</span> <span class='ocrx_word' id='word_1_279' title='bbox 128 2450 391 2502; x_wconf 80' lang='lat' dir='ltr'>AEgyptiorum</span> <span class='ocrx_word' id='word_1_280' title='bbox 415 2448 609 2499; x_wconf 78' lang='lat' dir='ltr'>evangelio</span> <span class='ocrx_word' id='word_1_281' title='bbox 638 2462 808 2486; x_wconf 83' lang='lat' dir='ltr'>manasse</span> <span class='ocrx_word' id='word_1_282' title='bbox 829 2448 935 2487; x_wconf 88' lang='lat' dir='ltr'>testis</span> <span class='ocrx_word' id='word_1_283' title='bbox 959 2456 1015 2486; x_wconf 86' lang='lat' dir='ltr'>est</span> <span class='ocrx_word' id='word_1_284' title='bbox 1038 2448 1212 2487; x_wconf 86' lang='lat' dir='ltr'>Clemens</span> <span class='ocrx_word' id='word_1_285' title='bbox 1238 2448 1522 2487; x_wconf 79' lang='lat' dir='ltr'>Alexandrinus</span> <span class='ocrx_word' id='word_1_286' title='bbox 1543 2448 1602 2486; x_wconf 88' lang='lat' dir='ltr'>ci·-</span> 
     </span>
     <span class='ocr_line' id='line_1_34' title="bbox 127 2512 1599 2565; baseline -0.002 -11"><span class='ocrx_word' id='word_1_287' title='bbox 127 2525 224 2554; x_wconf 83' lang='lat' dir='ltr'>tatus</span> <span class='ocrx_word' id='word_1_288' title='bbox 243 2529 265 2554; x_wconf 85' lang='lat' dir='ltr'>a</span> <span class='ocrx_word' id='word_1_289' title='bbox 283 2514 393 2553; x_wconf 86' lang='lat' dir='ltr'>uobis</span> <span class='ocrx_word' id='word_1_290' title='bbox 417 2514 453 2552; x_wconf 86' lang='lat' dir='ltr'>in</span> <span class='ocrx_word' id='word_1_291' title='bbox 476 2527 556 2552; x_wconf 83' lang='lat' dir='ltr'>cur.</span> <span class='ocrx_word' id='word_1_292' title='bbox 578 2522 674 2565; x_wconf 81' lang='lat' dir='ltr'>post.</span> <span class='ocrx_word' id='word_1_293' title='bbox 691 2514 738 2552; x_wconf 87' lang='lat' dir='ltr'>ad</span> <span class='ocrx_word' id='word_1_294' title='bbox 760 2514 796 2553; x_wconf 85' lang='lat' dir='ltr'>h.</span> <span class='ocrx_word' id='word_1_295' title='bbox 819 2514 846 2554; x_wconf 89' lang='grc'>1.</span> <span class='ocrx_word' id='word_1_296' title='bbox 875 2514 960 2565; x_wconf 88' lang='lat' dir='ltr'>lpse</span> <span class='ocrx_word' id='word_1_297' title='bbox 975 2514 1076 2552; x_wconf 89' lang='lat' dir='ltr'>enim</span> <span class='ocrx_word' id='word_1_298' title='bbox 1096 2514 1152 2552; x_wconf 89' lang='lat' dir='ltr'>sic</span> <span class='ocrx_word' id='word_1_299' title='bbox 1173 2514 1244 2561; x_wconf 88' lang='lat' dir='ltr'>ait,</span> <span class='ocrx_word' id='word_1_300' title='bbox 1271 2515 1410 2552; x_wconf 87' lang='lat' dir='ltr'>Strom.</span> <span class='ocrx_word' id='word_1_301' title='bbox 1437 2512 1503 2551; x_wconf 89' lang='lat' dir='ltr'>lib.</span> <span class='ocrx_word' id='word_1_302' title='bbox 1523 2513 1599 2558; x_wconf 86' lang='lat'>111,</span> 
     </span>
     <span class='ocr_line' id='line_1_35' title="bbox 126 2576 1596 2631; baseline -0.002 -13"><span class='ocrx_word' id='word_1_303' title='bbox 126 2582 147 2631; x_wconf 86' lang='lat'>§</span> <span class='ocrx_word' id='word_1_304' title='bbox 176 2582 198 2618; x_wconf 90' lang='lat'><strong>6</strong></span> <span class='ocrx_word' id='word_1_305' title='bbox 218 2596 226 2618; x_wconf 90' lang='lat'>:</span> <span class='ocrx_word' id='word_1_306' title='bbox 244 2581 301 2631; x_wconf 77' lang='grc' dir='ltr'>Τῇ</span> <span class='ocrx_word' id='word_1_307' title='bbox 319 2577 475 2628; x_wconf 73' lang='grc' dir='ltr'>Σαλώμη</span> <span class='ocrx_word' id='word_1_308' title='bbox 504 2580 522 2617; x_wconf 83' lang='grc' dir='ltr'>ὁ</span> <span class='ocrx_word' id='word_1_309' title='bbox 552 2578 676 2630; x_wconf 77' lang='grc' dir='ltr'>Κύριος</span> <span class='ocrx_word' id='word_1_310' title='bbox 698 2576 938 2631; x_wconf 70' lang='grc' dir='ltr'>πυνθανομένῃ</span> <span class='ocrx_word' id='word_1_311' title='bbox 957 2577 1063 2631; x_wconf 77' lang='grc' dir='ltr'>μέχρι</span> <span class='ocrx_word' id='word_1_312' title='bbox 1089 2577 1173 2617; x_wconf 84' lang='grc' dir='ltr'>πότε</span> <span class='ocrx_word' id='word_1_313' title='bbox 1193 2577 1338 2621; x_wconf 76' lang='grc' dir='ltr'>Θάνατος</span> <span class='ocrx_word' id='word_1_314' title='bbox 1363 2577 1520 2631; x_wconf 81' lang='grc' dir='ltr'>ἰσχύσει,</span> <span class='ocrx_word' id='word_1_315' title='bbox 1534 2606 1542 2616; x_wconf 91' lang='grc'><strong>.</strong></span> <span class='ocrx_word' id='word_1_316' title='bbox 1560 2607 1570 2616; x_wconf 91' lang='grc'><em>.</em></span> <span class='ocrx_word' id='word_1_317' title='bbox 1587 2606 1596 2615; x_wconf 93' lang='grc'><strong>.</strong></span> 
     </span>
     <span class='ocr_line' id='line_1_36' title="bbox 127 2636 1603 2698; baseline -0.003 -15"><span class='ocrx_word' id='word_1_318' title='bbox 127 2644 263 2697; x_wconf 79' lang='grc' dir='ltr'>Μέχρις</span> <span class='ocrx_word' id='word_1_319' title='bbox 277 2643 317 2681; x_wconf 82' lang='grc' dir='ltr'>ἂν</span> <span class='ocrx_word' id='word_1_320' title='bbox 330 2673 341 2694; x_wconf 87' lang='grc'>,</span> <span class='ocrx_word' id='word_1_321' title='bbox 364 2636 457 2681; x_wconf 75' lang='grc' dir='ltr'>εἶπεν</span> <span class='ocrx_word' id='word_1_322' title='bbox 469 2673 479 2690; x_wconf 90' lang='grc'><em>,</em></span> <span class='ocrx_word' id='word_1_323' title='bbox 494 2645 589 2693; x_wconf 79' lang='grc' dir='ltr'>ὑμεῖς</span> <span class='ocrx_word' id='word_1_324' title='bbox 604 2645 640 2682; x_wconf 79' lang='grc' dir='ltr'>αἱ</span> <span class='ocrx_word' id='word_1_325' title='bbox 658 2649 817 2694; x_wconf 83' lang='grc' dir='ltr'>γυναῖκες</span> <span class='ocrx_word' id='word_1_326' title='bbox 829 2642 964 2682; x_wconf 53' lang='grc' dir='ltr'>τίκτει-ε</span> <span class='ocrx_word' id='word_1_327' title='bbox 989 2641 1071 2698; x_wconf 85' lang='lat' dir='ltr'>[seu</span> <span class='ocrx_word' id='word_1_328' title='bbox 1092 2643 1219 2695; x_wconf 85' lang='lat' dir='ltr'>potius</span> <span class='ocrx_word' id='word_1_329' title='bbox 1238 2642 1395 2693; x_wconf 80' lang='grc' dir='ltr'>τίκτητε]</span> <span class='ocrx_word' id='word_1_330' title='bbox 1408 2671 1418 2688; x_wconf 83' lang='grc'>,</span> <span class='ocrx_word' id='word_1_331' title='bbox 1440 2640 1548 2693; x_wconf 88' lang='lat' dir='ltr'>quod</span> <span class='ocrx_word' id='word_1_332' title='bbox 1565 2649 1603 2678; x_wconf 84' lang='lat' dir='ltr'>et</span> 
     </span>
     <span class='ocr_line' id='line_1_37' title="bbox 125 2706 1606 2759; baseline -0.004 -10"><span class='ocrx_word' id='word_1_333' title='bbox 125 2711 172 2749; x_wconf 86' lang='lat' dir='ltr'>ad</span> <span class='ocrx_word' id='word_1_334' title='bbox 191 2711 302 2747; x_wconf 82' lang='lat' dir='ltr'>linem</span> <span class='ocrx_word' id='word_1_335' title='bbox 332 2708 536 2748; x_wconf 85' lang='lat' dir='ltr'>Clementis</span> <span class='ocrx_word' id='word_1_336' title='bbox 557 2721 717 2759; x_wconf 84' lang='lat' dir='ltr'>operum</span> <span class='ocrx_word' id='word_1_337' title='bbox 739 2722 871 2747; x_wconf 89' lang='lat' dir='ltr'>rursus</span> <span class='ocrx_word' id='word_1_338' title='bbox 893 2709 1031 2759; x_wconf 77' lang='lat' dir='ltr'>legitur</span> <span class='ocrx_word' id='word_1_339' title='bbox 1057 2709 1155 2746; x_wconf 86' lang='lat' dir='ltr'>inter</span> <span class='ocrx_word' id='word_1_340' title='bbox 1183 2716 1364 2759; x_wconf 81' lang='lat' dir='ltr'>excerpta</span> <span class='ocrx_word' id='word_1_341' title='bbox 1394 2706 1606 2754; x_wconf 86' lang='lat' dir='ltr'>Theodoti,</span> 
     </span>
     <span class='ocr_line' id='line_1_38' title="bbox 125 2771 1602 2824; baseline -0.003 -12"><span class='ocrx_word' id='word_1_342' title='bbox 125 2781 145 2822; x_wconf 75' lang='lat' dir='ltr'>S</span> <span class='ocrx_word' id='word_1_343' title='bbox 166 2776 227 2821; x_wconf 86' lang='lat'>67.</span> <span class='ocrx_word' id='word_1_344' title='bbox 257 2773 450 2823; x_wconf 80' lang='lat' dir='ltr'>Origiuem</span> <span class='ocrx_word' id='word_1_345' title='bbox 471 2786 561 2810; x_wconf 87' lang='lat' dir='ltr'>vero</span> <span class='ocrx_word' id='word_1_346' title='bbox 580 2773 696 2823; x_wconf 86' lang='lat' dir='ltr'>hujus</span> <span class='ocrx_word' id='word_1_347' title='bbox 717 2787 802 2810; x_wconf 87' lang='lat' dir='ltr'>cum</span> <span class='ocrx_word' id='word_1_348' title='bbox 822 2773 972 2812; x_wconf 66' lang='lat' dir='ltr'>salome</span> <span class='ocrx_word' id='word_1_349' title='bbox 991 2773 1147 2824; x_wconf 77' lang='lat' dir='ltr'>dialogi,</span> <span class='ocrx_word' id='word_1_350' title='bbox 1167 2773 1266 2811; x_wconf 87' lang='lat' dir='ltr'>illam</span> <span class='ocrx_word' id='word_1_351' title='bbox 1286 2774 1405 2824; x_wconf 84' lang='lat' dir='ltr'>ipsam</span> <span class='ocrx_word' id='word_1_352' title='bbox 1420 2802 1429 2816; x_wconf 81' lang='lat'>,</span> <span class='ocrx_word' id='word_1_353' title='bbox 1452 2786 1498 2810; x_wconf 88' lang='lat' dir='ltr'>ne</span> <span class='ocrx_word' id='word_1_354' title='bbox 1517 2771 1602 2822; x_wconf 87' lang='lat' dir='ltr'>quis</span> 
     </span>
     <span class='ocr_line' id='line_1_39' title="bbox 127 2835 1589 2890; baseline -0.002 -13"><span class='ocrx_word' id='word_1_355' title='bbox 127 2838 287 2888; x_wconf 86' lang='lat' dir='ltr'>dubitet,</span> <span class='ocrx_word' id='word_1_356' title='bbox 322 2836 548 2889; x_wconf 47' lang='lat' dir='ltr'>[Egyptiang</span> <span class='ocrx_word' id='word_1_357' title='bbox 594 2837 734 2874; x_wconf 84' lang='lat' dir='ltr'>iudicat</span> <span class='ocrx_word' id='word_1_358' title='bbox 754 2837 929 2876; x_wconf 81' lang='lat' dir='ltr'>Clemens</span> <span class='ocrx_word' id='word_1_359' title='bbox 950 2839 1065 2889; x_wconf 72' lang='lat' dir='ltr'>paulo</span> <span class='ocrx_word' id='word_1_360' title='bbox 1097 2838 1216 2884; x_wconf 81' lang='lat' dir='ltr'>infra,</span> <span class='ocrx_word' id='word_1_361' title='bbox 1238 2840 1380 2875; x_wconf 81' lang='lat' dir='ltr'>Strom.</span> <span class='ocrx_word' id='word_1_362' title='bbox 1407 2837 1475 2882; x_wconf 83' lang='lat'>111,</span> <span class='ocrx_word' id='word_1_363' title='bbox 1493 2836 1521 2890; x_wconf 87' lang='lat'>§</span> <span class='ocrx_word' id='word_1_364' title='bbox 1547 2835 1589 2872; x_wconf 81' lang='lat'>13</span> 
     </span>
    </p>
   </div>
  </div>
 </body>
</html>
