1752 3495
587 184 892 232 Exeuasus
923 184 999 230 ιιι.
1126 155 1130 158 ’
1415 185 1520 248 ,167

68 298 185 338 eoque
205 284 354 322 honore
375 280 464 319 libri
492 281 664 333 insigniti
688 290 776 320 sunt
799 280 1012 320 Tiburtinae
1043 282 1121 338 sire
1141 282 1322 322 Albuneae
1347 273 1521 334 sitiynae,

69 349 291 391 Marciorum
310 345 493 393 fratrum,
514 346 656 397 Begoes
675 345 867 397 nymphae.

115 411 186 453 Sed
207 408 470 450 de'riburtina
483 408 629 460 Sibylla
649 409 766 448 multa
780 408 860 460 jam
876 408 1091 448 diximusin
1107 409 1197 448 Exc.
1213 411 1242 456 1,
1259 424 1344 463 cap.
1364 424 1409 450 10
1422 440 1433 461 ,
1453 410 1520 449 ubi

67 488 101 518 et
118 476 241 516 obiter
259 473 500 525 quaesivimus
523 486 690 524 quonam
711 473 875 511 maxime
896 481 1067 524 tempore
1093 474 1173 524 ejus
1191 473 1279 512 libri
1306 477 1343 513 in
1362 475 1519 526 Capito-

69 544 151 581 lium
172 538 341 577 translati
370 538 615 584 viderentur3
651 550 810 589 nempe,
841 538 898 576 uti
934 537 1046 576 nobis
1070 538 1230 588 placuit,
1257 547 1345 576 ante
1373 539 1517 577 Punica

69 606 179 651 bella,
199 602 332 653 quinto
354 601 431 640 sere
460 610 548 653 post
575 604 733 640 Romam
760 601 966 651 conditam,
989 601 1101 640 tertio
1129 609 1218 639 ante
1235 601 1426 640 Christum
1451 615 1519 640 sae-

66 670 156 710 culo.
177 667 303 706 Primo
319 679 401 703 eam
421 666 505 704 loco
520 666 736 717 ponendam
758 665 929 704 ducimus
948 679 1080 703 eorum
1104 664 1228 703 vatum
1249 678 1412 716 quorum
1431 664 1517 703 libri

67 731 249 783 Sibyllinis
285 729 439 782 publice
479 729 650 782 adjuncti
677 739 786 778 sunt,
820 729 1001 781 quoniam
1039 729 1086 768 de
1132 730 1213 780 ipsa
1250 737 1338 767 ante
1375 737 1519 768 ceteros

67 795 261 846 excogitari
289 793 423 833 debuit
447 795 574 834 honor
591 795 676 843 ille,
700 807 823 845 neque
843 795 911 833 ulli
942 794 1095 832 videtur
1117 795 1250 832 melius
1282 794 1517 835 convenisse.

67 865 178 909 Quam
206 859 305 897 enim
342 858 502 897 decebat
529 859 681 910 Sibyllae
711 859 897 910 Sibyllam
929 859 1104 898 comitem
1131 858 1221 897 addi
1250 869 1428 909 tanquam
1454 872 1521 896 so—

67 927 199 963 rorem!
221 927 363 975 Aperta
382 937 450 974 per
470 924 570 962 illam
604 926 664 963 via
694 924 831 963 ceteris
865 923 1004 962 deinde
1035 923 1183 962 facilius
1203 923 1341 975 patuit.
1366 926 1431 967 Ac,
1450 922 1519 960 nisi

66 990 232 1036 fallimur,
247 987 295 1026 ab
315 988 379 1026 illo
395 988 508 1026 etiam
530 997 702 1040 tempore
724 997 922 1039 coeperunt
940 988 1105 1027 Romani
1127 997 1200 1026 tres
1220 988 1369 1027 italicas
1397 999 1518 1038 agno-

65 1068 158 1093 scere
184 1052 360 1103 sibyllas,
391 1053 645 1101 Carmentam,
675 1056 897 1101 Cumanam,
927 1052 1181 1100 Tiburtinam,
1202 1066 1363 1104 quarum
1388 1060 1518 1104 postea

65 1129 129 1156 tres
159 1125 298 1155 statuas
335 1117 466 1156 Romae
499 1118 536 1155 in
572 1118 659 1156 foco
692 1117 793 1155 eirca
832 1119 968 1167 Rostra
1010 1118 1150 1169 positas
1186 1130 1301 1168 supra
1337 1116 1518 1165 diximus,

64 1196 134 1234 cap.
156 1194 190 1227 2,
210 1181 317 1220 extr}

109 1247 232 1286 Serius
252 1255 430 1297 putamus
461 1247 500 1284 in
525 1245 754 1297 Sibyllinum
784 1246 1018 1285 consortium
1048 1253 1236 1297 receptam
1256 1259 1336 1284 esse
1366 1246 1514 1297 Begoeu

63 1311 279 1362 nympham,
297 1312 366 1348 etsi
386 1311 433 1349 de
450 1311 513 1349 illa
534 1311 596 1349 vix
627 1311 721 1350 certi
753 1311 960 1361 quidquam
981 1311 1113 1348 afferri
1140 1318 1266 1362 potest
1284 1310 1322 1348 in
1347 1319 1515 1348 extrema

61 1378 366 1415 documentorum
396 1375 568 1427 penuria.
596 1375 748 1415 Primus
768 1389 811 1413 ac
831 1389 938 1427 paene
964 1390 1060 1414 unus
1088 1376 1135 1414 de
1157 1384 1261 1415 tanto
1286 1376 1384 1414 vatis
1404 1375 1517 1428 hujus

62 1440 247 1493 privilegio
275 1440 379 1478 testis
400 1448 454 1477 est
481 1439 654 1487 Servius,
676 1439 723 1478 ad
757 1440 840 1479 AEn.
861 1442 911 1480 vl
928 1469 938 1487 ,
959 1455 1029 1488 72,
1056 1440 1104 1478 de
1122 1439 1319 1491 Sibyllinis
1341 1440 1449 1479 libris
1465 1440 1515 1478 ita

61 1508 206 1556 loquens
226 1517 235 1544 ε
258 1521 272 1538 ιι
291 1504 365 1551 Qui
385 1503 472 1542 libri
491 1504 530 1542 in
549 1505 693 1555 templo
711 1505 896 1556 Apollinis
913 1505 1165 1544 servabantur
1184 1503 1245 1559 [id
1269 1514 1344 1552 est,
1369 1507 1425 1543 uti
1448 1519 1516 1544 su·
1546 1509 1549 1512 ’

60 1590 71 1603 ‹-
91 1583 153 1620 pra
172 1568 317 1606 dictum
331 1599 341 1616 ,
372 1582 456 1620 cap.
474 1575 494 1614 l,
508 1600 518 1617 ,
539 1569 577 1606 in
599 1570 740 1621 templo
773 1571 883 1609 Jovis
908 1570 1138 1622 Capitolini,
1159 1571 1350 1622 Apollinis
1369 1568 1483 1624 cella]
1504 1585 1515 1622 3

60 1652 71 1667 ιι
90 1647 153 1671 nec
173 1635 242 1686 ipsi
266 1643 426 1683 tantum,
452 1635 517 1674 sed
535 1645 572 1674 et
591 1637 837 1684 Marciorum,
859 1645 897 1675 et
917 1639 1060 1688 Begoes
1080 1638 1273 1689 nymphae,
1291 1651 1374 1689 quae
1394 1646 1513 1675 artem

61 1719 72 1733 ιι
90 1699 285 1750 scripserat
313 1700 581 1751 fulguritarum
603 1701 705 1752 apud
740 1701 902 1742 Tuscos.
923 1720 938 1735 n
959 1705 1039 1741 Nec
1067 1703 1130 1741 ille
1150 1703 1282 1754 plura,
1311 1703 1513 1741 vacillante

60 1765 157 1803 etiam
177 1766 214 1804 in
235 1765 430 1805 codicibus
458 1767 622 1805 nominis
652 1768 845 1818 scriptura
863 1779 873 1808 ε
891 1782 977 1806 nam
1007 1769 1072 1807 alii
1096 1772 1235 1820 Begoes
1265 1767 1426 1820 habent,
1449 1770 1512 1808 alii

60 1833 202 1881 Bygoe's,
220 1832 375 1882 quidam
397 1835 551 1881 Bygok's.
570 1833 693 1883 lpsatn
713 1833 918 1884 nympham
941 1835 1053 1872 docet
1069 1848 1140 1872 nos
1162 1834 1261 1872 idem
1275 1843 1510 1873 numeratam

60 1896 159 1934 fuisse
178 1896 226 1934 ab
245 1896 416 1936 Etruscis
441 1897 541 1935 inter
563 1906 738 1936 auctores
760 1910 824 1936 eos
842 1899 908 1949 qui
926 1897 1045 1937 libros
1061 1888 1514 1950 scripserantficlgurales

59 1974 76 1998 a
89 1961 266 1999 Cicerone
287 1962 425 2011 dictos,
445 1961 493 1999 de
511 1961 679 2000 Divinat.
696 1961 762 2000 lib.
780 1962 851 2009 1,§
874 1963 942 2013 333
967 1976 987 2000 a
1004 1963 1135 2001 Servio
1154 1971 1295 2012 autem,
1313 1963 1360 2000 ad
1376 1964 1459 2003 AEn.
1479 1964 1510 2009 l,

61 2032 111 2071 Λα,
129 2025 238 2064 libros
256 2024 570 2077 defitlguratura,
592 2027 664 2077 vel,
694 2035 866 2077 utsupra
887 2028 1024 2065 lectum
1050 2036 1107 2064 est
1128 2026 1175 2066 ad
1205 2026 1269 2068 lib.
1300 2027 1364 2073 Vl,
1385 2041 1448 2074 72,
1467 2030 1513 2064 tle

58 2100 126 2127 aree
135 2088 404 2141 fulguriturum
424 2092 582 2143 (supple
597 2091 789 2139 arborum)
802 2120 812 2139 ‚
836 2105 902 2129 seu
921 2091 1050 2129 verius
1071 2091 1230 2130 sortasse
1248 2090 1510 2142 fulguritorum

58 2155 200 2206 (supple
231 2158 438 2206 locorum),
464 2156 502 2194 id
524 2165 600 2204 est,
628 2157 675 2195 de
703 2157 777 2194 ritu
806 2156 987 2207 expiandi
1018 2156 1146 2194 locum
1174 2157 1331 2194 fulmine
1350 2165 1508 2204 tactum,

55 2232 153 2269 quem
172 2220 302 2258 Festus
323 2220 537 2272 fulguritum
572 2229 701 2266 vocat,
730 2221 908 2272 proprio,
926 2222 979 2259 uti
1001 2229 1191 2273 putamus,
1211 2221 1379 2272 nomine,
1399 2230 1510 2259 ante-

57 2297 156 2333 quam
173 2285 364 2336 expietur3
391 2285 595 2324 dicendum
628 2295 761 2337 postea
779 2287 966 2331 bidental,
985 2284 1034 2323 ab
1053 2286 1134 2323 ovis
1151 2284 1316 2323 bidentis
1336 2285 1508 2324 immola-

57 2350 160 2388 tione⁴
194 2351 325 2388 Plures
354 2351 576 2401 hujusmodi
605 2351 723 2390 libros
755 2351 868 2389 fuisse
889 2359 1034 2389 certum
1067 2358 1123 2388 est
1147 2350 1246 2401 apud
1272 2350 1465 2397 Etruscos,
1489 2363 1510 2386 a

55 2413 180 2463 quibus
203 2415 362 2453 Romani
382 2416 581 2454 maximam
612 2424 761 2468 partem
783 2416 925 2453 rituum
956 2429 999 2453 ac
1029 2414 1334 2452 caerimoniarum
1355 2427 1508 2451 suarum

55 2489 266 2529 acceperant
291 2493 300 2519 t
333 2480 498 2532 duplicis
526 2481 604 2519 imo
632 2481 781 2532 generis
807 2481 980 2527 suerunt,
1012 2479 1265 2530 distinguente
1301 2478 1510 2524 Cicerone,

55 2543 76 2581 Ι.
94 2544 381 2596 οῐῑ.]ὶι1ἕ;ιιναῐε.ς,
391 2555 426 2584 et
447 2549 661 2584 tonitruales
681 2539 814 2592 libros,
836 2559 998 2597 quorum
1017 2546 1177 2596 priores,
1196 2545 1249 2582 uti
1271 2543 1437 2592 videtur,
1461 2543 1508 2581 de

55 2607 133 2645 locis
152 2609 366 2660 fulguratis,
390 2610 499 2647 alteri
520 2610 567 2648 de
590 2610 780 2648 ominibus
799 2624 819 2647 e
841 2610 984 2647 tonitru
1009 2609 1204 2660 capiendis
1224 2608 1401 2660 agebant.

98 2672 149 2709 Ad
169 2674 389 2712 tonitruales
412 2675 600 2713 referendi
627 2688 788 2725 quorum
812 2675 1022 2726 fragmenta
1043 2688 1119 2712 non
1140 2674 1275 2724 exigua
1298 2674 1461 2723 primum
1485 2686 1508 2711 a

54 2733 166 2775 latinis
184 2739 512 2791 compilatoribus,
534 2741 739 2791 Capitone,
770 2740 947 2787 Fonteio,
975 2738 1180 2785 Labeone,
1203 2738 1358 2789 Figulo,
1380 2736 1506 2776 Plinio

53 2811 234 2853 excerpta,
248 2813 353 2843 etex
373 2814 524 2842 etrusca
538 2804 668 2855 lingua
687 2806 723 2842 in
740 2806 894 2842 latinam
915 2804 1106 2849 translata,
1127 2802 1266 2840 deinde
1292 2816 1422 2840 rursus
1441 2815 1505 2840 cx-

52 2876 166 2916 t‘t-tpta
194 2878 229 2906 et
255 2883 374 2920 graere
399 2883 521 2918 versa,
548 2869 707 2908 solicitor-
736 2870 844 2907 nobis
873 2878 1019 2907 servata
1042 2876 1128 2906 sunt
1152 2883 1170 2907 a
1200 2871 1345 2905 Joanne
1373 2866 1501 2915 Lydo,
