1752 3495
645 178 725 222 AD
762 177 1084 224 EXCURSUM
1119 181 1201 225 111.

1563 181 1650 226 251

324 280 436 320 Caede
459 293 614 318 memor.
632 280 732 319 'llum
749 281 948 330 caeruieas,
969 282 1212 320 nascentibus
1233 295 1354 321 aevum

254 359 296 382 ιο
325 344 537 386 Pandentes
553 372 563 390 ,
585 344 687 381 ultro
704 344 950 383 veneraberis
968 346 1141 396 ilithyias
1155 375 1164 391 ,

325 409 411 454 Quo
429 408 485 445 sas
503 421 667 459 cumque
687 410 813 448 modo.
839 410 970 449 Terrae
988 423 1073 449 mox
1097 410 1355 462 omniparenti

323 474 420 513 Cum
435 474 526 511 soetu
547 487 610 511 sus
629 474 737 524 nigra
753 487 845 521 suo;
862 475 970 514 Jovis
989 476 1080 513 inde
1101 475 1173 514 snb
1193 489 1258 514 ara

323 538 539 577 Candentes
558 539 655 576 tauri
676 547 905 587 mactentur,
924 540 1003 578 sole
1023 540 1193 587 nitente,

323 604 406 642 Non
431 610 546 640 noctu
566 615 574 638 τ
592 615 678 639 nam
698 602 888 640 caelitibus
913 616 1019 641 sacra
1037 604 1110 641 rite
1131 603 1270 642 diurna

251 670 293 706 15
323 667 410 704 Sola
428 666 592 716 placent.
613 667 704 705 Post
720 667 798 705 haec
814 676 950 705 sanctae
966 668 1130 707 sunonis
1149 668 1195 707 ad
1216 667 1333 706 aedein

289 749 292 751 ·
324 731 462 769 Bucula
483 731 646 769 ducatur
666 732 830 782 pinguis.
851 732 950 770 Tum
973 733 1140 771 Phoebus
1160 733 1320 784 Apono,

322 796 466 833 Latona
480 795 630 845 genitus
643 822 652 839 ,
674 809 786 846 quem
807 797 932 835 Solem
951 798 1106 834 nomine
1122 797 1255 835 dicunt
1268 826 1279 844 ,

321 864 488 899 Ornetur
508 860 665 911 paribus
684 861 820 907 donis->3
850 875 1059 913 omnesque
1077 861 1204 900 Latini

322 927 472 964 Paeanas
492 923 684 962 celebrent
702 937 711 963 τ
735 925 843 976 pueri
863 927 974 963 simui
995 934 1110 976 atque
1132 926 1268 976 pueiiae

246 1005 292 1028 ἰο
319 990 480 1040 Templa
496 990 634 1027 adeant
650 991 810 1039 Divum,
827 990 985 1027 choreas
1006 999 1129 1028 tamen
1152 990 1240 1028 inde
1256 991 1411 1041 pueHae,

325 1055 420 1092 Hinc
441 1056 551 1105 pueri
572 1055 736 1100 ducant,
753 1055 861 1105 queis
881 1055 928 1092 sit
947 1068 1017 1105 par
1039 1054 1218 1093 omnibus
1237 1065 1339 1098 aetas,

323 1120 367 1158 Et
383 1118 521 1169 quibus
543 1120 753 1156 incotumes
767 1119 921 1169 vigeant
940 1120 1093 1170 utrique
1112 1128 1304 1170 parentes·

320 1188 367 1222 At
383 1198 467 1234 quae
487 1184 673 1221 connubii
692 1192 802 1234 grato
821 1192 911 1220 sunt
927 1183 1067 1222 soedere
1087 1185 1224 1222 vinctae
1238 1214 1248 1231 ,

321 1248 390 1285 ΙΙΙο
407 1261 527 1297 genua
545 1248 606 1286 die
624 1248 779 1286 flectant
793 1248 956 1286 Junonis
977 1249 1023 1286 ad
1040 1262 1142 1286 aram
1156 1278 1166 1296 ,

243 1310 289 1348 25
316 1311 609 1362 Conciiicntque
628 1313 767 1358 Deam,
786 1312 920 1349 solatia
941 1326 1077 1363 nempe
1098 1313 1286 1349 malorum

317 1375 457 1413 Matres
476 1384 594 1426 utque
613 1375 684 1413 viri
704 1376 878 1426 capiant,
896 1376 959 1414 sed
981 1376 1146 1426 plurima
1161 1385 1312 1415 inatres,

316 1439 474 1476 Munera
490 1438 652 1488 quisquc
667 1438 782 1476 domo
804 1452 930 1476 secum
953 1439 1051 1476 serat
1066 1439 1191 1476 omnia
1205 1467 1215 1486 ,
1236 1451 1322 1489 quae
1341 1439 1396 1477 sus

318 1502 509 1540 primitias
526 1502 613 1540 vitae
628 1503 777 1553 superis
794 1503 948 1548 offerre,
969 1502 1123 1553 benigni

314 1567 397 1611 Quo
416 1565 533 1616 magis
550 1573 663 1616 atque
683 1567 799 1617 inagis
820 1568 911 1604 {iant
929 1575 966 1603 et
985 1575 1074 1604 vota
1094 1566 1318 1605 secundent.

243 1631 287 1665 30
314 1629 449 1667 Omnia
466 1628 651 1667 caelitibus
665 1630 741 1668 sint
760 1630 839 1667 haec
855 1631 1046 1668 cumulata
1068 1644 1136 1681 pei·
1152 1644 1236 1669 aras
1249 1660 1261 1681 ,

314 1695 424 1734 Unde
444 1703 569 1733 tamen
591 1704 737 1746 partem
754 1696 942 1746 accipiant
964 1705 1179 1746 matresque
1198 1696 1348 1747 virique

313 1759 386 1805 Qui
402 1760 518 1797 sacris
537 1759 714 1797 aderunt.
735 1760 874 1798 Noctes
896 1760 947 1798 ibi
962 1761 1107 1811 quippe
1123 1761 1282 1811 diesque

316 1823 380 1860 vis
400 1823 600 1861 hominurn
618 1837 787 1875 praesens
805 1824 852 1862 ad
872 1825 1087 1875 pulvinaria
1106 1825 1245 1862 Divum

193 1964 259 1997 vide
274 1974 312 1997 an
329 1966 472 2003 Λατίνοις
489 1966 655 2006 tegendum
668 1991 677 2007 ,
695 1969 730 1998 ut
742 1976 816 1998 cum
831 1976 878 1998 se-

191 2013 352 2046 ntientibus
375 2018 590 2047 construatur.

234 2060 279 2092 19.
312 2061 420 2102 Phleg.
455 2065 601 2103 παιᾶνες,
619 2064 654 2093 ut
673 2070 752 2101 nos,
779 2064 811 2093 et
835 2061 880 2094 sic

193 2106 268 2146 apud
285 2108 441 2140 zosimum
457 2109 557 2141 codex
575 2109 681 2147 voum
697 2109 752 2141 scd
770 2109 878 2149 vulgo,

190 2157 322 2194 παιᾶνας,
348 2159 382 2188 ut
398 2157 695 2201 &sttbaevot'active
715 2156 879 2197 capiatur,

192 2202 340 2236 rarissimo
365 2204 476 2237 mediae
502 2204 588 2236 vocis
608 2213 664 2236 usu
682 2207 772 2236 extra
793 2204 878 2236 rutn-

193 2257 256 2279 rum
279 2250 308 2280 in
327 2251 383 2282 hoc
398 2251 510 2283 verbu.
533 2252 652 2283 Deinde
674 2251 780 2290 Pliieg.
800 2252 877 2283 κού·

191 2295 255 2335 ρῃσί
267 2307 310 2335 τε,
331 2299 365 2328 ut
383 2306 440 2329 nos
458 2307 466 2328 ι
481 2302 550 2330 zos.
564 2298 704 2339 κούραισί
719 2309 764 2330 τε.

228 2348 274 2375 20.
297 2345 416 2375 Bastius
443 2347 528 2377 recte
551 2346 654 2385 ἄγοιεν
681 2345 740 2384 legi
766 2344 877 2385 suasit,

191 2394 309 2430 propter
333 2392 467 2424 similem
495 2401 604 2424 versus
630 2393 744 2432 prioris
768 2392 877 2432 finem,

190 2444 247 2475 quo
261 2436 346 2469 facile
363 2438 510 2470 librarius
527 2438 588 2470 salii
606 2438 721 2479 potuit.

227 2487 272 2515 22.
295 2482 549 2518 construendum
573 2487 617 2522 οἷς
641 2487 737 2526 φύτλη
758 2487 877 2526 γον-ὴων

189 2529 264 2561 ἐστὶν
276 2531 452 2573 ἀμφιθαλής,
474 2533 502 2564 id
518 2536 566 2566 est
581 2533 730 2571 utrinque
751 2533 877 2572 florens,

191 2577 332 2618 utrinque
359 2580 470 2612 vivens
495 2583 526 2612 et
553 2580 742 2619 incoiumis,
761 2583 796 2611 ut
814 2580 879 2612 sint

141 2665 147 2671 .
191 2624 273 2659 pueri
293 2625 415 2664 patrimi
438 2627 651 2668 matriinique.

227 2674 273 2702 2³.
298 2673 416 2703 Bastius
444 2674 570 2706 volebat
595 2675 626 2705 αἳ
651 2674 682 2706 δέ
710 2673 788 2714 legi,
818 2674 878 2705 hoc

189 2719 324 2749 accentu.
352 2721 470 2752 Deinde
501 2721 583 2761 apud
608 2721 766 2754 zosimum
804 2720 874 2752 cod.

190 2763 274 2795 polit.
285 2767 416 2806 ζεύγλαις
429 2768 514 2807 δεδμ.

227 2813 274 2841 25.
293 2812 397 2853 Pliicg.
425 2815 522 2846 ἅπασι
547 2815 578 2846 δὲ
597 2815 724 2855 λύματα.
745 2819 813 2847 Zos.
832 2816 877 2846 θε·

189 2854 313 2898 λήματα,
331 2861 366 2891 ut
385 2868 455 2899 nos,
474 2860 526 2893 sed
554 2860 596 2892 ibi
619 2861 689 2894 cod.
718 2862 810 2894 Potit.
833 2863 878 2893 Οε·

951 1968 1081 2007 λύματα.
1122 1970 1259 1998 Damnat
1287 1966 1460 2000 Mitsciieri.
1488 1966 1653 2008 vulgatam

951 2015 1062 2046 zosimi
1077 2014 1258 2054 tectionem,
1269 2016 1304 2046 ut
1316 2013 1478 2046 indoctam
1490 2021 1527 2046 ac
1542 2022 1653 2055 parum

950 2070 1084 2101 graecam
1095 2072 1106 2102 ;
1118 2061 1244 2093 -addere
1261 2064 1408 2102 potuerat
1421 2062 1528 2094 minus
1550 2064 1653 2094 metro

953 2109 1115 2141 faventem
1133 2119 1140 2140 :
1157 2109 1189 2140 in
1205 2109 1304 2140 altera
1319 2111 1426 2141 tamen
1442 2110 1534 2141 vacat
1555 2109 1600 2148 δέ,
1621 2111 1652 2142 et

949 2157 1069 2196 λύματα
1083 2156 1292 2198 improprium
1308 2156 1447 2195 videtur,
1457 2157 1542 2197 qnod
1558 2156 1654 2196 vulgo

949 2205 1141 2244 sordes,non
1155 2204 1278 2245 piacula
1292 2203 1467 2243 significan
1485 2212 1543 2235 nec
1558 2203 1588 2235 in
1601 2212 1650 2236 se-

950 2251 1060 2291 quenti
1073 2260 1163 2282 versu
1179 2251 1259 2282 satis
1275 2250 1437 2291 apparebit
1453 2259 1510 2282 cnr
1525 2250 1651 2283 semina,

951 2299 1050 2337 magis
1074 2307 1169 2338 quam
1197 2299 1255 2329 viri
1277 2298 1410 2338 piaculis
1430 2301 1553 2338 egeant.

993 2351 1043 2378 26.
1081 2346 1188 2385 Phieg.
1216 2346 1434 2387 θηλυτέραισιν.
1469 2349 1541 2378 zos.
1556 2345 1651 2385 vnigo

950 2393 1139 2434 θηλυτέρῃσι,
1163 2393 1215 2423 ubi
1239 2392 1312 2424 cod.
1331 2393 1421 2424 polit.
1439 2393 1650 2433 Οηλυτέρῃσιν,

950 2441 986 2471 ut
1009 2448 1078 2471 nOS.
1107 2439 1163 2471 Sed
1191 2439 1293 2470 variat
1329 2439 1361 2470 in
1386 2438 1503 2470 talibus
1538 2438 1650 2477 tectio,

949 2496 1105 2527 nusquam
1120 2487 1179 2518 sibi
1195 2487 1416 2518 constantibus
1431 2485 1524 2519 codd.

991 2538 1039 2565 28.
1066 2535 1300 2576 Ἀπαρχομένοις
1320 2534 1435 2575 βιότοιο
1458 2534 1565 2565 minus
1585 2533 1648 2565 erit

947 2580 1132 2620 obscurum,
1157 2581 1184 2612 si
1208 2580 1323 2623 βιότοιο
1352 2589 1414 2612 non
1429 2579 1469 2613 de
1492 2580 1571 2620 vita,
1589 2579 1646 2612 sed

947 2627 986 2659 de
1003 2629 1081 2660 vitae
1105 2627 1197 2659 bonis
1223 2627 1392 2667 intelligas,
1417 2636 1553 2668 quorum
1582 2626 1648 2668 pri-

949 2675 1048 2707 mitiae‘
1072 2676 1265 2708 offeruntur.

989 2725 1041 2753 30.
1065 2722 1171 2761 Phieg.
1190 2723 1330 2762 κεῖσθαι,
1352 2721 1406 2753 ubi
1423 2725 1493 2754 zos.
1516 2721 1644 2761 κείσθω,

951 2770 1123 2808 utrumque
1139 2771 1234 2801 recte.
1628 2766 1631 2769 '

989 2820 1038 2847 33.
1058 2816 1166 2854 l’hteg.
1181 2815 1430 2856 ἐπασσυτέραισι.
1445 2817 1511 2848 Zos.
1527 2816 1563 2846 ut
1576 2822 1643 2845 nos.

950 2861 1066 2894 Deinde
1091 2863 1196 2902 Pliieg.
1215 2862 1430 2903 θεοπροπίους,
1453 2861 1506 2893 ubi
1523 2864 1593 2893 zos.
1611 2861 1647 2891 'm
