1686 3500
670 217 986 264 ExcURsth
1019 200 1082 264 v.'
1501 217 1592 267 343

79 329 88 352 ·.
102 314 230 369 jjustis
251 313 418 351 tantum?
430 312 460 363 ),
487 311 683 365 regnat—uri
699 324 767 363 per
786 310 919 351 orbem
936 311 1016 350 sine
1035 311 1107 349 tine
1119 339 1130 358 ,
1148 324 1184 350 v.
1200 313 1287 363 169,
1300 324 1382 365 sqq.
1400 294 1594 353 Adversus

125 391 234 431 quem
255 375 460 416 concitabit
479 374 739 415 Antichristus
758 375 964 433 submissas
980 373 1054 413 sibi
1070 383 1211 426 gentes,
1225 389 1260 415 v.
1283 377 1370 425 176,
1388 390 1432 428 sq
1436 405 1508 420 .....
1520 377 1595 417 Sed

125 446 184 484 hic
204 443 338 481 lacuna
358 455 491 480 sensus
510 442 768 493 abrumpitur,
792 442 901 481 facile
920 441 1141 493 conjectura
1159 440 1407 492 supplendus.

174 507 394 556 Sequuntur
412 504 519 556 signa
538 505 726 544 venientis
757 519 885 545 rerum
906 506 1014 553 (inis,
1038 517 1214 557 agrorum
1236 505 1415 554 sterilitas
1429 536 1439 555 ,
1469 507 1595 546 homi·

126 583 291 620 numque
320 568 526 608 foedissima
562 571 802 622 corruptela,
835 585 870 610 v.
906 570 1089 619 178-189.
1119 570 1318 607 Astrorum
1353 569 1517 623 denique
1546 571 1594 610 de

125 634 213 673 caelo
236 634 382 684 lapsus,
414 647 581 684 quorum
613 647 748 685 agmen
777 635 891 674 ducet
919 642 1069 673 cometa
1105 632 1276 685 quidam,
1303 633 1414 672 fatale
1447 635 1594 674 mundo

125 699 267 750 signum
288 696 454 735 afferens
468 727 479 745 ,
494 711 529 739 v.
552 699 737 749 190-193.

173 764 266 801 Orat
279 760 422 812 Sibylla
444 775 492 800 ne
509 761 582 800 sibi
601 770 682 800 tum
697 762 827 801 vivere
843 762 978 809 detur,
995 775 1111 813 quum
1132 761 1266 800 hilaris
1284 760 1420 799 mulier
1437 762 1593 814 (Roma,

124 825 191 864 nisi
204 824 381 876 fallimur)
402 824 621 877 imperabit,
642 839 679 866 v.
699 831 787 876 194,
807 826 873 865 scd
892 835 971 865 tum
991 839 1108 878 quum
1125 825 1265 864 divinae
1283 825 1416 878 gratiae
1434 839 1594 878 regnum

123 888 300 939 incipiet,
331 902 467 940 nempe
501 897 588 940 post
618 890 757 941 impios
784 890 837 941 (id
869 898 950 937 est,
982 890 1210 928 Antichristi
1234 890 1370 940 socios)
1402 902 1424 928 a
1453 890 1596 941 juvene

124 952 282 1004 quodam
302 952 353 1004 (id
375 962 447 1001 est,
469 952 517 992 ab
544 954 700 1005 angelo,
729 955 861 992 confer
882 955 1041 1006 Apocal.
1064 968 1152 1006 cap.
1180 953 1244 1006 ιο)
1264 953 1304 992 in
1325 953 1498 992 barathri
1515 967 1593 1006 pu-

126 1026 221 1056 teum
245 1018 436 1065 detrusos,
455 1031 491 1056 v.
518 1018 610 1068 ¹95·
633 1018 720 1068 198.

172 1083 309 1121 Postea
328 1096 446 1132 quum
465 1082 612 1120 decima
627 1083 823 1133 generatio
842 1082 1030 1122 occiderit
1043 1083 1246 1135 (intellige,
1265 1096 1383 1134 quum
1397 1096 1444 1121 ex
1458 1095 1595 1134 magna

124 1155 228 1198 purte
247 1147 431 1184 exhausta
460 1147 611 1197 fuerit),
643 1161 680 1187 v.
708 1161 801 1198 199,
829 1147 983 1186 exsistet
1006 1147 1220 1186 dominatio
1245 1140 1370 1186 vidu'ae
1396 1146 1596 1198 cujusdam

123 1210 302 1258 mulieris,
325 1224 412 1262 quae
431 1211 576 1248 mundo
596 1211 774 1249 universo
796 1212 893 1249 mala
914 1211 1076 1260 inseret,
1097 1225 1132 1250 v.
1154 1224 1338 1250 200-202.

169 1275 390 1325 Sequuntur
412 1275 605 1313 horrenda
633 1275 828 1327 prodigia,
863 1276 992 1314 caelnm
1022 1276 1140 1314 stellis
1165 1275 1330 1323 orbum,
1364 1284 1465 1315 terra
1500 1288 1597 1328 pro-

122 1338 221 1376 cellis
241 1346 446 1385 vastatn,v.
470 1339 559 1385 203,
579 1352 677 1390 sqq,
699 1339 784 1378 dein
803 1339 1034 1378 resurrectio
1051 1349 1290 1378 mortuorum
1311 1339 1595 1391 (omniumjam,

124 1402 188 1440 nisi
211 1402 392 1451 fallimur,
415 1417 490 1440 non
516 1404 708 1454 justorum
731 1405 908 1454 tantum),
934 1417 969 1442 v.
993 1403 1084 1455 205,
1105 1412 1143 1442 et
1167 1417 1281 1442 aurea
1311 1403 1513 1454 (justorum
1535 1405 1599 1442 vi-

123 1468 270 1515 delicet)
286 1469 322 1505 in
338 1468 450 1505 terris
468 1468 663 1506 renovatis
684 1468 842 1506 felicitas
856 1497 866 1516 ,
886 1482 921 1506 v.
940 1468 1127 1508 206-212.

170 1533 237 1571 llic
265 1546 398 1572 rursus
421 1532 587 1583 abrupto
613 1541 716 1571 textu
739 1546 952 1584 sensuque,
975 1533 1125 1585 reliqua
1145 1533 1305 1583 desunt,
1326 1525 1596 1585 superstitibus

122 1597 245 1648 paucis
268 1606 412 1635 tantum
444 1597 718 1645 hemistichiis,
749 1597 786 1635 in
815 1596 955 1648 quibus
978 1597 1039 1648 agi
1073 1597 1225 1637 videtur
1247 1598 1295 1637 de
1313 1599 1446 1637 ultima
1466 1611 1594 1637 rerum

122 1662 378 1699 universarum
397 1661 646 1700 conversione
660 1675 704 1699 ac
723 1662 770 1700 de
790 1661 1143 1714 supremojudicio.

171 1729 256 1765 llaec
275 1735 403 1766 autem
422 1729 552 1766 onmia
575 1729 754 1766 attentius
777 1729 959 1779 relegenti
981 1728 1130 1779 patebit
1151 1729 1318 1780 primum
1336 1759 1347 1778 ,
1368 1729 1473 1780 quod
1490 1728 1593 1768 dixi-

122 1805 218 1839 mus,
251 1791 346 1829 nihil
374 1805 456 1830 esse
485 1806 689 1831 commune
716 1792 818 1831 inter
842 1792 940 1830 hanc
960 1792 1075 1843 hujus
1104 1792 1192 1831 libri
1220 1802 1366 1844 partem
1385 1801 1422 1831 et
1440 1794 1593 1832 alteram

121 1855 238 1894 statim
259 1865 494 1906 sequentem.
515 1857 608 1895 Nam
629 1856 666 1893 in
683 1855 862 1900 secunda,
884 1866 972 1907 post
989 1856 1279 1895 acrostichidem
1307 1856 1356 1908 de
1370 1856 1519 1908 judicio
1535 1870 1597 1895 su-

123 1933 270 1970 premo,
292 1932 416 1957 sermo
439 1920 565 1958 omnis
584 1928 640 1957 est
659 1919 706 1957 de
725 1920 868 1959 Christi
887 1921 927 1957 in
954 1921 1066 1959 terris
1092 1921 1414 1966 commoratione,
1433 1921 1482 1960 ‹le
1506 1935 1596 1961 vera

122 1984 299 2035 religione
316 1996 359 2021 ac
376 1983 423 2021 de
448 1984 629 2021 salsorum
650 1983 849 2021 numinum
876 1984 1062 2031 vanitate;
1081 1983 1174 2021 nihil
1199 1984 1247 2021 de
1271 1984 1476 2033 Romanis,
1498 1986 1592 2023 nihil

121 2047 164 2085 ‹le
186 2048 356 2098 profanis
377 2047 506 2088 rebus.
536 2049 607 2087 llic
636 2051 762 2086 autem
784 2061 890 2098 paene
915 2048 1044 2086 omnia
1068 2048 1117 2086 de
1143 2048 1321 2087 Romanis
1344 2058 1382 2088 et
1411 2050 1595 2088 adversus

123 2112 318 2159 Romanos,
333 2112 435 2163 quod
452 2112 608 2163 quidem
626 2120 741 2163 poeta
762 2112 844 2163 ipse
865 2120 1167 2163 praemonuerat,
1189 2126 1225 2151 v.
1247 2126 1272 2163 9
1290 2128 1299 2150 :

271 2176 470 2228 Πέμπομαι
489 2178 535 2219 εἰς
555 2177 698 2216 Ἰταλῶν
716 2175 852 2224 κλεινὴν
876 2176 1054 2228 βασιλείαν
1073 2177 1244 2229 ἄθεσμον,

123 2248 315 2292 totmnque
330 2255 482 2280 carmen
500 2242 574 2279 hoc
593 2254 709 2279 unum
726 2241 963 2292 propositum
979 2240 1095 2279 habet
1115 2250 1156 2279 ut
1172 2241 1332 2281 Romani
1346 2241 1496 2293 imperii
1510 2242 1594 2280 linis

124 2305 418 2356 piaenuntietur,
449 2304 673 2343 Antichristi
693 2318 832 2356 nempe
858 2303 1065 2342 adventum
1094 2313 1386 2343 consecuturus.
1418 2303 1491 2343 Sed
1525 2303 1594 2342 ad-

123 2378 249 2406 ventus
271 2369 334 2407 ille
366 2369 531 2420 praevius
562 2369 633 2407 crit
655 2369 802 2420 judicio
829 2381 1032 2419 suprcm03
1060 2368 1177 2418 idque
1199 2382 1275 2406 non
1301 2368 1417 2407 semel
1447 2369 1485 2407 in
1507 2369 1593 2441 ipso

123 2445 150 2468 c.
146 2433 283 2471 nmine
297 2432 536 2479 ‹leclaiatur3
553 2441 651 2471 etex
671 2432 744 2470 illis
761 2446 797 2483 p
789 2433 893 2470 tucis
915 2440 1030 2482 atque
1046 2431 1210 2469 mutilis
1202 2445 1238 2468 m
1257 2432 1329 2469 fine
1343 2411 1594 2470 hemistichiis

123 2496 253 2546 conjici
282 2505 410 2548 potest
439 2498 558 2536 latere
585 2497 640 2535 ibi
671 2498 708 2534 in
737 2497 870 2534 lacuna
899 2497 1070 2547 supremi
1097 2496 1232 2547 judicii
1258 2496 1588 2548 descriptionem:
1609 2496 1612 2499 ’

123 2573 333 2611 quanquam
354 2562 508 2599 minime
528 2561 942 2600 credimustransitum
963 2561 1052 2598 inde
1067 2561 1148 2599 fieri
1171 2561 1339 2612 potuisse
1361 2561 1408 2599 ad
1423 2561 1594 2612 ejusdem

123 2621 205 2662 libri
227 2629 406 2675 partem§
427 2638 464 2672 2,
494 2639 578 2676 quae
599 2626 712 2678 longe
730 2625 805 2663 alio
834 2626 990 2675 ingenio
1011 2624 1166 2663 videtur
1183 2638 1263 2664 esse
1280 2625 1436 2676 scripta.

170 2688 321 2739 Quippe
343 2689 404 2726 vix
428 2688 538 2727 nobis
563 2689 764 2740 quisquam
789 2689 1029 2740 persuadeat,
1060 2689 1307 2740 Sibyllistam,
1325 2690 1414 2740 qui,
1438 2698 1591 2728 metune

123 2763 166 2787 au
183 2753 339 2791 consilio
360 2768 407 2792 an
423 2753 497 2791 alia
517 2753 566 2791 de
585 2767 712 2800 cansa,
729 2767 917 2804 nusquam
934 2761 1065 2804 aperte
1083 2753 1122 2791 in
1143 2753 1274 2805 priore
1302 2762 1411 2805 parte
1431 2753 1590 2806 religio·
1617 2796 1623 2803 ,

122 2826 202 2852 nem
232 2829 335 2855 suam
356 2817 548 2868 professus
574 2827 656 2856 crat
671 2848 680 2863 ‚
700 2826 860 2869 repente
887 2817 925 2854 in
949 2818 1068 2855 altera
1093 2818 1217 2868 palam
1238 2816 1494 2855 Christianum
1511 2828 1591 2854 esse

125 2879 274 2926 sactum,
297 2894 339 2919 ac
361 2882 406 2920 de
422 2882 564 2921 Christi
585 2882 661 2921 vita
688 2892 725 2921 ct
746 2883 940 2921 miraculis
967 2891 1003 2921 et
1023 2882 1217 2934 passione,
1242 2882 1368 2920 soluto
1386 2880 1464 2932 jam
1485 2880 1591 2918 omni.
