1686 3500
121 169 214 216 546
502 166 578 211 An
611 166 955 213 SIBYLLINOS
988 167 1199 213 LIBROS

119 265 209 304 satis
239 271 411 315 apertum
448 262 551 313 apud
571 263 749 310 Nostros,
771 262 837 300 sed
859 265 986 314 potius
1012 263 1114 314 apud
1141 263 1326 315 Athenng.
1349 264 1423 305 loc.
1445 265 1511 306 cit.
1530 267 1592 305 De

110 328 252 369 ‘animis
270 337 508 367 mortuorum
528 327 623 365 salso
642 327 797 365 creditis
816 328 980 379 aliquam
1009 329 1047 365 in
1067 327 1239 366 homines
1260 328 1425 367 retinere
1445 338 1586 381 poten-

120 395 231 447 tiam,
251 392 432 431 Tati-anus
462 398 593 429 contra
624 391 799 441 Graecos,
821 396 840 439 S
875 394 949 429 16:
976 391 1146 441 Δαίμονες
1172 390 1208 429 δὲ
1235 393 1265 430 οἱ
1293 398 1366 436 τοῖς
1395 393 1588 447 ἀνθρώποις

116 457 367 507 ἐπιτάττοντες,
401 457 462 495 οὒκ
500 455 585 494 εἰσὶν
615 456 650 493 αἱ
680 456 749 493 τῶν
776 456 965 509 ἀνθρώπων
994 455 1117 509 ψυχαί.
1150 457 1232 499 Πῶς
1262 456 1328 510 γὰρ
1363 457 1403 496 ἂν
1434 459 1590 510 γένοιντο

116 522 296 576 ὅροισι-ικαὶ
316 521 375 560 καὶ
407 518 494 571 μετὰ
510 519 549 558 τὸ
573 521 776 567 ἀποθανεῑν;
808 521 973 558 Alteram
997 533 1087 557 vero
1111 533 1227 572 supra
1252 522 1364 560 dictae
1395 524 1589 574 opinionis

115 597 276 639 partem,
297 599 373 637 qua
391 585 582 623 idolorum
602 584 727 622 cultus
745 584 795 622 ab
815 585 1057 634 antiquorum
1082 598 1210 636 regum
1229 586 1488 625 sive'heroum
1510 602 1586 626 nie·

113 653 235 690 moria
268 648 552 700 deducebatur,
573 648 702 686 multis
740 649 981 699 antiquorum
1011 648 1170 686 Patruin
1206 650 1393 701 placuisse
1430 654 1585 690 monui-

112 730 196 755 mus
215 729 352 767 supra,
370 727 452 765 cap.
474 727 512 753 2.
533 714 610 752 Nec
631 713 768 751 mirum
785 713 845 750 isti
864 714 1060 751 sententiae
1081 714 1298 760 adhaesisse,
1322 717 1387 766 qui
1410 717 1584 755 viderent

113 782 302 819 Romanos
336 780 502 818 Caesares
533 786 649 827 atque
680 791 726 815 ex
755 777 801 814 iis
833 776 1079 815 deterrimum
1114 792 1304 829 quemque
1338 780 1375 817 in
1405 779 1584 820 divorum

109 857 308 882 numerum
328 851 417 895 post
435 850 593 880 mortem
622 841 773 887 ascisci,
802 841 969 891 templis,
998 842 1187 889 donariis,
1213 844 1405 881 sacrificiis
1422 845 1519 892 coli,
1542 854 1584 883 ut

109 908 316 946 Antinoiim
345 907 523 944 sileamus
545 906 696 956 aliaque
717 906 874 943 istorum
905 914 1123 957 temporum
1145 917 1338 958 portenta.
1357 909 1498 959 Utique
1517 911 1582 949 Si-

105 972 273 1023 byllinos
293 971 412 1010 libros
432 971 660 1010 recentiores
686 971 702 1009 1
722 979 759 1008 et
786 970 821 1009 11
854 983 876 1008 a
904 980 1059 1024 recepta
1079 971 1127 1009 dc
1147 972 1385 1011 daemonibus
1406 974 1581 1013 doctrina

107 1038 232 1076 minus
245 1036 440 1075 discedere
457 1035 666 1073 notandum
683 1043 753 1083 est,
773 1048 887 1086 quum
905 1048 950 1073 ex
970 1037 1189 1088 evangelica
1208 1037 1284 1076 fide
1301 1039 1497 1077 Christum
1517 1040 1577 1077 in-

105 1103 252 1141 ducunt
274 1101 460 1139 daernoncs
478 1099 705 1150 corporibus
724 1100 957 1149 ejicientem,
979 1100 1046 1141 lib.
1068 1102 1106 1150 1,
1127 1115 1165 1141 v.
1187 1101 1262 1140 355
1284 1117 1294 1141 τ

340 1164 342 1166 ’
365 1163 539 1214 Δαίμονας
559 1162 731 1211 ἐξελάσει,

104 1240 169 1269 aut
185 1243 300 1282 quum
320 1228 406 1267 illos
426 1228 616 1266 damnatis
643 1236 728 1279 post
747 1241 970 1279 supremum
999 1229 1188 1280 judicium
1221 1231 1379 1271 comites
1410 1232 1520 1270 simul
1542 1243 1579 1271 et

105 1303 269 1333 tortores
288 1293 522 1344 adjungunt,
542 1292 612 1332 lib.
634 1293 690 1342 ll,
713 1306 752 1331 v.
778 1306 850 1342 291
867 1321 877 1338 ‚
896 1306 983 1345 sqq.
1002 1309 1010 1331 ε

709 1354 861 1396 Ἔπειτα
884 1356 920 1396 δὲ
939 1358 1059 1403 νυκτὸς
1079 1360 1249 1413 ἀμολγῷ,

313 1423 381 1460 Ἐν
400 1421 500 1473 γεένῃ
516 1420 635 1473 θηρσὶν
652 1420 719 1459 ὑπὸ
735 1421 951 1474 ταρταρίοισι
973 1424 1159 1474 βαλοῦνται
1173 1453 1185 1475 ,

310 1488 481 1536 Πολλοῖς,
508 1487 751 1539 δειμαλέοισιν.

294 1699 407 1740 CAP.
426 1698 541 1739 XXX.
570 1701 628 1737 De
646 1698 774 1737 ritibus
792 1703 1107 1750 sacramentisque
1126 1701 1354 1742 christianis.

149 1813 260 1854 Nunc
289 1825 403 1862 vero,
438 1800 619 1864 quon‘iam
648 1811 841 1863 praecipua
872 1811 1089 1851 christianas
1114 1813 1202 1852 fidei
1221 1813 1423 1867 dogmata,
1458 1829 1577 1870 prout

97 1877 201 1930 apud
220 1877 435 1929 Sibyllistas
454 1876 628 1928 exposita
655 1886 768 1924 sunt,
792 1877 1078 1926 recensuimus,
1103 1878 1152 1917 de
1183 1879 1318 1919 ritibus
1339 1895 1492 1933 quoque
1518 1892 1575 1922 est

96 1942 312 1995 agendum,
340 1955 438 1992 quos
466 1950 571 1980 arcta
592 1955 679 1980 cum
712 1941 956 1993 dogmatibus
987 1944 1215 1994 cognatione
1245 1945 1443 1985 devinctos
1462 1961 1544 1986 esse
1561 1978 1571 1995 ,

97 2008 286 2047 neminem
306 2007 414 2045 fallit.
430 2007 555 2045 Porro
573 2007 674 2045 inter
693 2007 789 2045 ritus
805 2007 1035 2045 christianos
1052 2017 1139 2046 sunt
1153 2010 1221 2060 qni
1240 2011 1435 2062 religionis
1453 2012 1575 2065 ipsius

97 2086 185 2124 pars
204 2072 414 2111 necessaria
443 2071 680 2119 habeantur,
704 2072 934 2123 minimeque
965 2071 1013 2110 ab
1042 2086 1087 2111 ea
1114 2074 1246 2113 revelli
1275 2076 1446 2127 possint,
1476 2091 1578 2129 quos

97 2138 240 2190 primos
258 2138 296 2175 iu
315 2137 510 2188 Sibyllinis
531 2137 815 2188 perquiremus.

150 2203 180 2242 E
199 2202 466 2248 sacramentis,
491 2202 602 2239 unius
622 2201 803 2252 baptismi
825 2201 970 2240 mentio
988 2202 1051 2247 fit,
1069 2202 1138 2242 lib.
1161 2204 1230 2252 lv,
1251 2218 1286 2244 v.
1311 2206 1383 2244 160
1406 2206 1513 2258 (164)
1535 2220 1548 2243 ε

306 2265 369 2304 Ἐν
388 2271 557 2317 ποταμοῖς
573 2265 743 2305 λούσασθε
762 2264 841 2304 ὅλον
859 2265 967 2318 δέμας
982 2267 1156 2305 ἅενάοισιν
1171 2291 1200 2314 ,-

93 2337 132 2368 et
146 2329 214 2368 lib.
232 2330 336 2377 vnl,
358 2342 399 2370 v.
422 2343 511 2378 ¹271,
531 2330 578 2369 de
599 2331 752 2370 Christo
771 2344 842 2382 per
860 2332 1056 2383 apostolos
1076 2331 1296 2383 baptizante
1315 2349 1324 2373 :

302 2392 433 2434 “Hau
448 2395 604 2447 φωτίζων
622 2394 677 2434 διὰ
694 2395 937 2448 πρεσὸυτέρων
954 2395 1030 2448 ἅμα
1048 2399 1176 2449 χειρῶν
1189 2428 1200 2447 ,

97 2466 134 2496 et
149 2458 244 2499 ibid.
264 2472 304 2498 v.
327 2459 425 2506 315,
445 2472 533 2510 sqq.
557 2474 566 2497 ε

306 2521 492 2562 {loavia-ou
509 2525 624 2574 πηγῆς
641 2521 698 2561 ἵνα
721 2522 928 2574 λουσάμενοι
945 2524 1109 2565 ὑδάτεσσι

305 2586 378 2631 Τὰς
399 2587 561 2642 πρότερον
579 2587 702 2631 κακίας
714 2618 724 2636 ,
746 2589 1030 2640 ἀναγεννηθέντες
1048 2590 1199 2639 ἄνωθεν,-

305 2651 444 2698 Μηκέτι
463 2652 667 2692 δουλεύωσιν
687 2652 848 2704 ἀθέσμοις
866 2653 966 2701 ἤθεσι
984 2654 1136 2707 κόσμου,

95 2724 135 2755 et
156 2715 225 2757 lib.
248 2717 286 2763 1,
307 2729 346 2756 v.
369 2717 468 2767 339,
488 2731 571 2769 sqq.
594 2717 642 2756 de
658 2718 819 2757 Joannis
839 2718 1031 2770 baptismo
1051 2734 1061 2759 ε

673 2781 746 2821 Καὶ
771 2781 870 2822 ὕδασι
887 2784 1093 2838 φωτίζεσθαι

305 2846 382 2884 Πίν
403 2843 510 2897 δέμας
525 2845 733 2899 ἀνθρώπων,
753 2844 809 2886 ἵνα
831 2850 1048 2900 γεννηθέντες
1068 2850 1199 2889 ἄνωθεν
