<?xml version="1.0" encoding="UTF-8"?>
<!DOCTYPE html PUBLIC "-//W3C//DTD XHTML 1.0 Transitional//EN"
    "http://www.w3.org/TR/xhtml1/DTD/xhtml1-transitional.dtd">
<html xmlns="http://www.w3.org/1999/xhtml" xml:lang="en" lang="en">
 <head>
  <title>
</title>
<meta http-equiv="Content-Type" content="text/html;charset=utf-8" />
  <meta name='ocr-system' content='tesseract 3.04.00' />
  <meta name='ocr-capabilities' content='ocr_page ocr_carea ocr_par ocr_line ocrx_word'/>
</head>
<body>
  <div class='ocr_page' id='page_1' title='image "./excursusadsibyll00alexuoft_0060.png"; bbox 0 0 1752 3495; ppageno 0'>
   <div class='ocr_carea' id='block_1_1' title="bbox 589 162 1505 230">
    <p class='ocr_par' dir='ltr' id='par_1_1' title="bbox 589 162 1505 230">
     <span class='ocr_line' id='line_1_1' title="bbox 589 162 1505 230; baseline 0.003 -4"><span class='ocrx_word' id='word_1_1' title='bbox 589 183 900 229; x_wconf 78' lang='lat' dir='ltr'>EXCURSUS</span> <span class='ocrx_word' id='word_1_2' title='bbox 930 162 985 229; x_wconf 75' lang='grc' dir='ltr'><strong>ι’..</strong></span> <span class='ocrx_word' id='word_1_3' title='bbox 1453 186 1505 230; x_wconf 73' lang='lat'><strong>:31</strong></span> 
     </span>
    </p>
   </div>
   <div class='ocr_carea' id='block_1_2' title="bbox 47 279 1522 2903">
    <p class='ocr_par' dir='ltr' id='par_1_2' title="bbox 51 279 1515 462">
     <span class='ocr_line' id='line_1_2' title="bbox 53 279 1515 331; baseline 0.001 -10"><span class='ocrx_word' id='word_1_4' title='bbox 53 283 210 331; x_wconf 57' lang='lat' dir='ltr'><strong>fabum,</strong></span> <span class='ocrx_word' id='word_1_5' title='bbox 229 282 294 321; x_wconf 80' lang='lat' dir='ltr'><strong>sed</strong></span> <span class='ocrx_word' id='word_1_6' title='bbox 315 282 427 320; x_wconf 83' lang='lat' dir='ltr'><strong>etiam</strong></span> <span class='ocrx_word' id='word_1_7' title='bbox 444 292 465 317; x_wconf 88' lang='lat' dir='ltr'><strong>e</strong></span> <span class='ocrx_word' id='word_1_8' title='bbox 485 279 654 318; x_wconf 86' lang='lat' dir='ltr'><strong>locorum</strong></span> <span class='ocrx_word' id='word_1_9' title='bbox 671 282 742 319; x_wconf 84' lang='grc' dir='ltr'>·ἰιιι</span> <span class='ocrx_word' id='word_1_10' title='bbox 764 280 885 330; x_wconf 79' lang='lat' dir='ltr'><strong>probe</strong></span> <span class='ocrx_word' id='word_1_11' title='bbox 911 281 1133 331; x_wconf 67' lang='lat' dir='ltr'><strong>explorato,</strong></span> <span class='ocrx_word' id='word_1_12' title='bbox 1157 282 1203 320; x_wconf 83' lang='lat' dir='ltr'><strong>ad</strong></span> <span class='ocrx_word' id='word_1_13' title='bbox 1230 291 1407 322; x_wconf 87' lang='lat' dir='ltr'><strong>ornatum</strong></span> <span class='ocrx_word' id='word_1_14' title='bbox 1425 297 1515 322; x_wconf 79' lang='lat' dir='ltr'><strong>car-</strong></span> 
     </span>
     <span class='ocr_line' id='line_1_3' title="bbox 53 343 1512 399; baseline 0 -15"><span class='ocrx_word' id='word_1_15' title='bbox 53 346 164 385; x_wconf 87' lang='lat' dir='ltr'><strong>minis</strong></span> <span class='ocrx_word' id='word_1_16' title='bbox 191 346 251 384; x_wconf 83' lang='lat' dir='ltr'><strong>sui</strong></span> <span class='ocrx_word' id='word_1_17' title='bbox 282 343 440 384; x_wconf 86' lang='lat' dir='ltr'><strong>contulit</strong></span> <span class='ocrx_word' id='word_1_18' title='bbox 472 355 516 380; x_wconf 84' lang='lat' dir='ltr'><strong>ea</strong></span> <span class='ocrx_word' id='word_1_19' title='bbox 541 356 624 394; x_wconf 84' lang='lat' dir='ltr'><strong>quae</strong></span> <span class='ocrx_word' id='word_1_20' title='bbox 644 357 778 382; x_wconf 87' lang='lat' dir='ltr'><strong>omnes</strong></span> <span class='ocrx_word' id='word_1_21' title='bbox 809 343 958 393; x_wconf 86' lang='lat' dir='ltr'><strong>sciunt,</strong></span> <span class='ocrx_word' id='word_1_22' title='bbox 987 343 1209 394; x_wconf 82' lang='lat' dir='ltr'><strong>excipienda</strong></span> <span class='ocrx_word' id='word_1_23' title='bbox 1229 345 1408 399; x_wconf 81' lang='lat' dir='ltr'><strong>deinceps</strong></span> <span class='ocrx_word' id='word_1_24' title='bbox 1429 360 1512 385; x_wconf 85' lang='lat' dir='ltr'><strong>ma-</strong></span> 
     </span>
     <span class='ocr_line' id='line_1_4' title="bbox 51 405 1304 462; baseline -0.001 -16"><span class='ocrx_word' id='word_1_25' title='bbox 51 422 238 462; x_wconf 75' lang='lat' dir='ltr'><strong>gnamque</strong></span> <span class='ocrx_word' id='word_1_26' title='bbox 257 418 401 460; x_wconf 87' lang='lat' dir='ltr'><strong>partem</strong></span> <span class='ocrx_word' id='word_1_27' title='bbox 432 406 716 445; x_wconf 79' lang='lat' dir='ltr'><strong>transcribenda</strong></span> <span class='ocrx_word' id='word_1_28' title='bbox 737 407 864 445; x_wconf 83' lang='lat' dir='ltr'><strong>latinis</strong></span> <span class='ocrx_word' id='word_1_29' title='bbox 880 405 1002 457; x_wconf 81' lang='lat' dir='ltr'><strong>po&#39;etis</strong></span> <span class='ocrx_word' id='word_1_30' title='bbox 1018 407 1304 448; x_wconf 76' lang='lat' dir='ltr'><strong>recentioribus,</strong></span> 
     </span>
    </p>

    <p class='ocr_par' dir='ltr' id='par_1_3' title="bbox 48 470 1520 1554">
     <span class='ocr_line' id='line_1_5' title="bbox 102 470 1516 524; baseline -0.004 -12"><span class='ocrx_word' id='word_1_31' title='bbox 102 473 262 512; x_wconf 86' lang='lat' dir='ltr'><strong>Multum</strong></span> <span class='ocrx_word' id='word_1_32' title='bbox 280 484 369 513; x_wconf 82' lang='lat' dir='ltr'><strong>sane</strong></span> <span class='ocrx_word' id='word_1_33' title='bbox 388 483 432 508; x_wconf 81' lang='lat' dir='ltr'><strong>ex</strong></span> <span class='ocrx_word' id='word_1_34' title='bbox 455 470 604 509; x_wconf 86' lang='lat' dir='ltr'><strong>illorum</strong></span> <span class='ocrx_word' id='word_1_35' title='bbox 622 471 834 509; x_wconf 85' lang='lat' dir='ltr'><strong>·1rtificum</strong></span> <span class='ocrx_word' id='word_1_36' title='bbox 825 472 1012 522; x_wconf 80' lang='lat' dir='ltr'><strong>ingeniis</strong></span> <span class='ocrx_word' id='word_1_37' title='bbox 1002 471 1049 517; x_wconf 91' lang='lat' dir='ltr'><strong>ad</strong></span> <span class='ocrx_word' id='word_1_38' title='bbox 1076 472 1255 511; x_wconf 78' lang='lat' dir='ltr'><strong>Cumanae</strong></span> <span class='ocrx_word' id='word_1_39' title='bbox 1280 472 1434 524; x_wconf 82' lang='lat' dir='ltr'><strong>Sibyllae</strong></span> <span class='ocrx_word' id='word_1_40' title='bbox 1459 475 1516 513; x_wconf 64' lang='lat' dir='ltr'><strong>sa-</strong></span> 
     </span>
     <span class='ocr_line' id='line_1_6' title="bbox 52 534 1512 587; baseline -0.001 -13"><span class='ocrx_word' id='word_1_41' title='bbox 52 550 148 574; x_wconf 86' lang='lat' dir='ltr'><strong>mam</strong></span> <span class='ocrx_word' id='word_1_42' title='bbox 165 536 406 587; x_wconf 83' lang='lat' dir='ltr'><strong>ipsarumque</strong></span> <span class='ocrx_word' id='word_1_43' title='bbox 425 534 631 573; x_wconf 84' lang='lat' dir='ltr'><strong>Cumarum</strong></span> <span class='ocrx_word' id='word_1_44' title='bbox 650 534 798 572; x_wconf 87' lang='lat' dir='ltr'><strong>laudem</strong></span> <span class='ocrx_word' id='word_1_45' title='bbox 819 536 991 575; x_wconf 85' lang='lat' dir='ltr'><strong>accessit.</strong></span> <span class='ocrx_word' id='word_1_46' title='bbox 1013 537 1137 580; x_wconf 83' lang='lat' dir='ltr'><strong>Quam</strong></span> <span class='ocrx_word' id='word_1_47' title='bbox 1151 535 1250 573; x_wconf 82' lang='lat' dir='ltr'><strong>enini</strong></span> <span class='ocrx_word' id='word_1_48' title='bbox 1268 549 1380 587; x_wconf 83' lang='lat' dir='ltr'><strong>saepe,</strong></span> <span class='ocrx_word' id='word_1_49' title='bbox 1399 551 1512 587; x_wconf 84' lang='lat' dir='ltr'><strong>quam</strong></span> 
     </span>
     <span class='ocr_line' id='line_1_7' title="bbox 51 597 1516 651; baseline 0.001 -14"><span class='ocrx_word' id='word_1_50' title='bbox 51 600 226 650; x_wconf 76' lang='lat' dir='ltr'><strong>religiose</strong></span> <span class='ocrx_word' id='word_1_51' title='bbox 245 607 354 650; x_wconf 85' lang='lat' dir='ltr'><strong>putas</strong></span> <span class='ocrx_word' id='word_1_52' title='bbox 373 597 517 636; x_wconf 80' lang='lat' dir='ltr'><strong>aditum</strong></span> <span class='ocrx_word' id='word_1_53' title='bbox 541 611 622 636; x_wconf 84' lang='lat' dir='ltr'><strong>esse</strong></span> <span class='ocrx_word' id='word_1_54' title='bbox 640 607 789 636; x_wconf 80' lang='lat' dir='ltr'>antrum</span> <span class='ocrx_word' id='word_1_55' title='bbox 805 628 815 645; x_wconf 85' lang='lat'><strong>,</strong></span> <span class='ocrx_word' id='word_1_56' title='bbox 834 607 888 636; x_wconf 86' lang='lat' dir='ltr'><strong>tot</strong></span> <span class='ocrx_word' id='word_1_57' title='bbox 914 597 1076 649; x_wconf 57' lang='lat' dir='ltr'><strong>‘poeticis</strong></span> <span class='ocrx_word' id='word_1_58' title='bbox 1096 599 1286 637; x_wconf 83' lang='lat' dir='ltr'><strong>miraculis</strong></span> <span class='ocrx_word' id='word_1_59' title='bbox 1305 600 1474 651; x_wconf 82' lang='lat' dir='ltr'><strong>clarum,</strong></span> <span class='ocrx_word' id='word_1_60' title='bbox 1494 614 1516 639; x_wconf 83' lang='lat' dir='ltr'><strong>a</strong></span> 
     </span>
     <span class='ocr_line' id='line_1_8' title="bbox 49 661 1516 713; baseline 0.001 -14"><span class='ocrx_word' id='word_1_61' title='bbox 49 677 125 713; x_wconf 88' lang='lat' dir='ltr'><strong>quo</strong></span> <span class='ocrx_word' id='word_1_62' title='bbox 152 664 317 702; x_wconf 75' lang='lat' dir='ltr'><strong>nomana</strong></span> <span class='ocrx_word' id='word_1_63' title='bbox 346 661 419 699; x_wconf 86' lang='lat' dir='ltr'><strong>sata</strong></span> <span class='ocrx_word' id='word_1_64' title='bbox 438 663 622 713; x_wconf 76' lang='lat' dir='ltr'><strong>petiverat</strong></span> <span class='ocrx_word' id='word_1_65' title='bbox 638 662 800 708; x_wconf 85' lang='lat' dir='ltr'><strong>AEneas,</strong></span> <span class='ocrx_word' id='word_1_66' title='bbox 833 672 1108 713; x_wconf 83' lang='lat' dir='ltr'><strong>acceperatque</strong></span> <span class='ocrx_word' id='word_1_67' title='bbox 1129 671 1215 713; x_wconf 88' lang='lat' dir='ltr'><strong>post</strong></span> <span class='ocrx_word' id='word_1_68' title='bbox 1240 664 1358 701; x_wconf 89' lang='lat' dir='ltr'><strong>multa</strong></span> <span class='ocrx_word' id='word_1_69' title='bbox 1380 664 1516 702; x_wconf 76' lang='lat' dir='ltr'><strong>saecuta</strong></span> 
     </span>
     <span class='ocr_line' id='line_1_9' title="bbox 49 726 1516 777; baseline 0.001 -13"><span class='ocrx_word' id='word_1_70' title='bbox 49 726 305 776; x_wconf 80' lang='lat' dir='ltr'><strong>Tarquinius?</strong></span> <span class='ocrx_word' id='word_1_71' title='bbox 320 726 443 771; x_wconf 89' lang='lat' dir='ltr'><strong>Quum</strong></span> <span class='ocrx_word' id='word_1_72' title='bbox 461 726 672 776; x_wconf 80' lang='lat' dir='ltr'><strong>praesertiin</strong></span> <span class='ocrx_word' id='word_1_73' title='bbox 693 726 818 763; x_wconf 89' lang='lat' dir='ltr'><strong>vicina</strong></span> <span class='ocrx_word' id='word_1_74' title='bbox 835 727 964 764; x_wconf 86' lang='lat' dir='ltr'><strong>omnia</strong></span> <span class='ocrx_word' id='word_1_75' title='bbox 984 727 1066 763; x_wconf 88' lang='lat' dir='ltr'><strong>loca</strong></span> <span class='ocrx_word' id='word_1_76' title='bbox 1084 727 1341 764; x_wconf 83' lang='lat' dir='ltr'><strong>Romanorum</strong></span> <span class='ocrx_word' id='word_1_77' title='bbox 1357 727 1516 777; x_wconf 90' lang='lat' dir='ltr'><strong>opulen-</strong></span> 
     </span>
     <span class='ocr_line' id='line_1_10' title="bbox 52 789 1516 841; baseline 0.001 -14"><span class='ocrx_word' id='word_1_78' title='bbox 52 790 201 828; x_wconf 85' lang='lat' dir='ltr'><strong>tissimis</strong></span> <span class='ocrx_word' id='word_1_79' title='bbox 220 789 319 827; x_wconf 90' lang='lat' dir='ltr'><strong>villis</strong></span> <span class='ocrx_word' id='word_1_80' title='bbox 336 789 642 836; x_wconf 83' lang='lat' dir='ltr'><strong>celebrarentur,</strong></span> <span class='ocrx_word' id='word_1_81' title='bbox 662 803 705 827; x_wconf 87' lang='lat' dir='ltr'><strong>ac</strong></span> <span class='ocrx_word' id='word_1_82' title='bbox 725 803 836 828; x_wconf 86' lang='lat' dir='ltr'><strong>nemo</strong></span> <span class='ocrx_word' id='word_1_83' title='bbox 852 803 942 828; x_wconf 89' lang='lat' dir='ltr'><strong>sane</strong></span> <span class='ocrx_word' id='word_1_84' title='bbox 964 791 1080 841; x_wconf 88' lang='lat' dir='ltr'><strong>paulo</strong></span> <span class='ocrx_word' id='word_1_85' title='bbox 1101 790 1308 841; x_wconf 81' lang='lat' dir='ltr'><strong>elegantior</strong></span> <span class='ocrx_word' id='word_1_86' title='bbox 1332 792 1440 829; x_wconf 86' lang='lat' dir='ltr'><strong>Baias</strong></span> <span class='ocrx_word' id='word_1_87' title='bbox 1459 791 1516 829; x_wconf 83' lang='lat' dir='ltr'><strong>lo·</strong></span> 
     </span>
     <span class='ocr_line' id='line_1_11' title="bbox 52 854 1515 906; baseline 0.001 -14"><span class='ocrx_word' id='word_1_88' title='bbox 52 864 129 892; x_wconf 89' lang='lat' dir='ltr'><strong>tum</strong></span> <span class='ocrx_word' id='word_1_89' title='bbox 149 854 315 900; x_wconf 84' lang='lat' dir='ltr'><strong>veniret,</strong></span> <span class='ocrx_word' id='word_1_90' title='bbox 335 855 427 904; x_wconf 86' lang='lat' dir='ltr'><strong>quin</strong></span> <span class='ocrx_word' id='word_1_91' title='bbox 450 859 644 892; x_wconf 82' lang='lat' dir='ltr'><strong>Avernum</strong></span> <span class='ocrx_word' id='word_1_92' title='bbox 666 863 704 892; x_wconf 82' lang='lat' dir='ltr'><strong>et</strong></span> <span class='ocrx_word' id='word_1_93' title='bbox 729 856 866 894; x_wconf 88' lang='lat' dir='ltr'><strong>Cumas</strong></span> <span class='ocrx_word' id='word_1_94' title='bbox 895 864 931 892; x_wconf 87' lang='lat' dir='ltr'><strong>et</strong></span> <span class='ocrx_word' id='word_1_95' title='bbox 952 855 1155 904; x_wconf 87' lang='lat' dir='ltr'><strong>Sibyllam,</strong></span> <span class='ocrx_word' id='word_1_96' title='bbox 1175 856 1334 906; x_wconf 78' lang='lat' dir='ltr'><strong>Virgilio</strong></span> <span class='ocrx_word' id='word_1_97' title='bbox 1351 857 1490 894; x_wconf 84' lang='lat' dir='ltr'><strong>comite</strong></span> <span class='ocrx_word' id='word_1_98' title='bbox 1504 886 1515 904; x_wconf 86' lang='lat'>‚</span> 
     </span>
     <span class='ocr_line' id='line_1_12' title="bbox 50 917 1515 970; baseline 0.002 -14"><span class='ocrx_word' id='word_1_99' title='bbox 50 919 240 956; x_wconf 85' lang='lat' dir='ltr'><strong>inviseret.</strong></span> <span class='ocrx_word' id='word_1_100' title='bbox 258 917 387 956; x_wconf 89' lang='lat' dir='ltr'><strong>Cumis</strong></span> <span class='ocrx_word' id='word_1_101' title='bbox 405 919 531 969; x_wconf 90' lang='lat' dir='ltr'><strong>itaque</strong></span> <span class='ocrx_word' id='word_1_102' title='bbox 552 920 665 969; x_wconf 84' lang='lat' dir='ltr'><strong>plena</strong></span> <span class='ocrx_word' id='word_1_103' title='bbox 681 928 789 957; x_wconf 87' lang='lat' dir='ltr'><strong>erant</strong></span> <span class='ocrx_word' id='word_1_104' title='bbox 804 920 932 956; x_wconf 89' lang='lat' dir='ltr'><strong>omnia</strong></span> <span class='ocrx_word' id='word_1_105' title='bbox 956 920 1111 969; x_wconf 86' lang='lat' dir='ltr'><strong>Sibyllae</strong></span> <span class='ocrx_word' id='word_1_106' title='bbox 1132 921 1313 958; x_wconf 88' lang='lat' dir='ltr'><strong>memoria</strong></span> <span class='ocrx_word' id='word_1_107' title='bbox 1327 951 1337 970; x_wconf 89' lang='lat'>‚</span> <span class='ocrx_word' id='word_1_108' title='bbox 1361 922 1460 959; x_wconf 88' lang='lat' dir='ltr'><strong>unde</strong></span> <span class='ocrx_word' id='word_1_109' title='bbox 1475 922 1515 959; x_wconf 85' lang='lat' dir='ltr'><strong>iu</strong></span> 
     </span>
     <span class='ocr_line' id='line_1_13' title="bbox 50 982 1514 1036; baseline 0.003 -16"><span class='ocrx_word' id='word_1_110' title='bbox 50 983 129 1034; x_wconf 87' lang='lat' dir='ltr'><strong>ejus</strong></span> <span class='ocrx_word' id='word_1_111' title='bbox 144 982 250 1020; x_wconf 84' lang='lat' dir='ltr'><strong>urbis</strong></span> <span class='ocrx_word' id='word_1_112' title='bbox 268 984 393 1021; x_wconf 86' lang='lat' dir='ltr'><strong>numis</strong></span> <span class='ocrx_word' id='word_1_113' title='bbox 411 984 521 1021; x_wconf 88' lang='lat' dir='ltr'><strong>toties</strong></span> <span class='ocrx_word' id='word_1_114' title='bbox 541 997 720 1035; x_wconf 86' lang='lat' dir='ltr'><strong>expressa</strong></span> <span class='ocrx_word' id='word_1_115' title='bbox 740 984 918 1034; x_wconf 82' lang='lat' dir='ltr'><strong>Sibyllini</strong></span> <span class='ocrx_word' id='word_1_116' title='bbox 938 985 1075 1035; x_wconf 89' lang='lat' dir='ltr'><strong>capitis</strong></span> <span class='ocrx_word' id='word_1_117' title='bbox 1090 986 1229 1036; x_wconf 76' lang='lat' dir='ltr'><strong>imagO,</strong></span> <span class='ocrx_word' id='word_1_118' title='bbox 1251 986 1411 1034; x_wconf 83' lang='lat' dir='ltr'><strong>Mionn.,</strong></span> <span class='ocrx_word' id='word_1_119' title='bbox 1433 995 1461 1026; x_wconf 88' lang='lat' dir='ltr'><strong>t.</strong></span> <span class='ocrx_word' id='word_1_120' title='bbox 1484 987 1514 1032; x_wconf 85' lang='lat' dir='ltr'><strong>l,</strong></span> 
     </span>
     <span class='ocr_line' id='line_1_14' title="bbox 50 1048 1518 1100; baseline 0.003 -16"><span class='ocrx_word' id='word_1_121' title='bbox 50 1061 86 1098; x_wconf 93' lang='lat' dir='ltr'><strong>p.</strong></span> <span class='ocrx_word' id='word_1_122' title='bbox 108 1061 122 1084; x_wconf 87' lang='grc' dir='ltr'>ι</span> <span class='ocrx_word' id='word_1_123' title='bbox 137 1053 195 1096; x_wconf 74' lang='grc'><strong>14,</strong></span> <span class='ocrx_word' id='word_1_124' title='bbox 219 1056 257 1084; x_wconf 88' lang='lat' dir='ltr'><strong>et</strong></span> <span class='ocrx_word' id='word_1_125' title='bbox 277 1048 496 1099; x_wconf 91' lang='lat' dir='ltr'><strong>Supplem.‚</strong></span> <span class='ocrx_word' id='word_1_126' title='bbox 516 1056 541 1085; x_wconf 91' lang='lat' dir='ltr'><strong>t.</strong></span> <span class='ocrx_word' id='word_1_127' title='bbox 560 1048 589 1096; x_wconf 93' lang='lat'><strong>1,</strong></span> <span class='ocrx_word' id='word_1_128' title='bbox 607 1061 642 1098; x_wconf 82' lang='lat' dir='ltr'><strong>p.</strong></span> <span class='ocrx_word' id='word_1_129' title='bbox 665 1050 754 1095; x_wconf 75' lang='lat'><strong>238,</strong></span> <span class='ocrx_word' id='word_1_130' title='bbox 779 1062 856 1098; x_wconf 86' lang='lat' dir='ltr'><strong>sq.;</strong></span> <span class='ocrx_word' id='word_1_131' title='bbox 888 1057 1004 1099; x_wconf 85' lang='lat' dir='ltr'><strong>atque</strong></span> <span class='ocrx_word' id='word_1_132' title='bbox 1025 1048 1081 1086; x_wconf 88' lang='lat' dir='ltr'><strong>ibi</strong></span> <span class='ocrx_word' id='word_1_133' title='bbox 1106 1050 1230 1099; x_wconf 86' lang='lat' dir='ltr'><strong>pueris</strong></span> <span class='ocrx_word' id='word_1_134' title='bbox 1257 1050 1348 1100; x_wconf 85' lang='lat' dir='ltr'><strong>ipsis</strong></span> <span class='ocrx_word' id='word_1_135' title='bbox 1369 1059 1449 1088; x_wconf 82' lang='lat' dir='ltr'><strong>erat</strong></span> <span class='ocrx_word' id='word_1_136' title='bbox 1480 1052 1518 1088; x_wconf 91' lang='lat' dir='ltr'><strong>in</strong></span> 
     </span>
     <span class='ocr_line' id='line_1_15' title="bbox 50 1111 1519 1164; baseline 0.003 -15"><span class='ocrx_word' id='word_1_137' title='bbox 50 1125 138 1156; x_wconf 86' lang='lat' dir='ltr'><strong>ore,</strong></span> <span class='ocrx_word' id='word_1_138' title='bbox 164 1112 201 1149; x_wconf 89' lang='lat' dir='ltr'><strong>in</strong></span> <span class='ocrx_word' id='word_1_139' title='bbox 223 1112 321 1150; x_wconf 84' lang='lat' dir='ltr'><strong>ludis</strong></span> <span class='ocrx_word' id='word_1_140' title='bbox 342 1121 437 1153; x_wconf 82' lang='lat' dir='ltr'><strong>erat.</strong></span> <span class='ocrx_word' id='word_1_141' title='bbox 464 1111 612 1150; x_wconf 81' lang='lat' dir='ltr'><strong>Vidisse</strong></span> <span class='ocrx_word' id='word_1_142' title='bbox 640 1125 680 1151; x_wconf 86' lang='lat' dir='ltr'><strong>se</strong></span> <span class='ocrx_word' id='word_1_143' title='bbox 696 1112 828 1151; x_wconf 89' lang='lat' dir='ltr'><strong>Cumis</strong></span> <span class='ocrx_word' id='word_1_144' title='bbox 852 1122 980 1151; x_wconf 89' lang='lat' dir='ltr'><strong>narrat</strong></span> <span class='ocrx_word' id='word_1_145' title='bbox 1008 1113 1145 1164; x_wconf 86' lang='lat' dir='ltr'><strong>aliquis</strong></span> <span class='ocrx_word' id='word_1_146' title='bbox 1168 1114 1270 1164; x_wconf 87' lang='lat' dir='ltr'><strong>apud</strong></span> <span class='ocrx_word' id='word_1_147' title='bbox 1297 1116 1519 1154; x_wconf 88' lang='lat' dir='ltr'><strong>Petronium</strong></span> 
     </span>
     <span class='ocr_line' id='line_1_16' title="bbox 49 1176 1519 1231; baseline 0.003 -17"><span class='ocrx_word' id='word_1_148' title='bbox 49 1176 247 1214; x_wconf 79' lang='lat' dir='ltr'><strong>Arbitrum</strong></span> <span class='ocrx_word' id='word_1_149' title='bbox 262 1177 302 1214; x_wconf 88' lang='lat' dir='ltr'><strong>in</strong></span> <span class='ocrx_word' id='word_1_150' title='bbox 322 1177 652 1227; x_wconf 73' lang='lat' dir='ltr'><strong>Fragm.‘&#39;1&#39;ragur.</strong></span> <span class='ocrx_word' id='word_1_151' title='bbox 667 1206 677 1223; x_wconf 93' lang='lat'><strong>,</strong></span> <span class='ocrx_word' id='word_1_152' title='bbox 701 1191 740 1227; x_wconf 93' lang='lat' dir='ltr'><strong>p.</strong></span> <span class='ocrx_word' id='word_1_153' title='bbox 765 1184 811 1222; x_wconf 93' lang='grc'><strong>44</strong></span> <span class='ocrx_word' id='word_1_154' title='bbox 827 1208 837 1225; x_wconf 92' lang='grc'>,</span> <span class='ocrx_word' id='word_1_155' title='bbox 868 1178 928 1216; x_wconf 91' lang='lat' dir='ltr'><strong>ed.</strong></span> <span class='ocrx_word' id='word_1_156' title='bbox 955 1178 1069 1228; x_wconf 80' lang='lat'><strong>1671,</strong></span> <span class='ocrx_word' id='word_1_157' title='bbox 1091 1177 1274 1228; x_wconf 81' lang='lat' dir='ltr'><strong>Sibyllam</strong></span> <span class='ocrx_word' id='word_1_158' title='bbox 1295 1179 1332 1216; x_wconf 91' lang='lat' dir='ltr'><strong>in</strong></span> <span class='ocrx_word' id='word_1_159' title='bbox 1352 1181 1519 1231; x_wconf 82' lang='lat' dir='ltr'><strong>ampulla</strong></span> 
     </span>
     <span class='ocr_line' id='line_1_17' title="bbox 50 1241 1520 1294; baseline 0.002 -16"><span class='ocrx_word' id='word_1_160' title='bbox 50 1241 293 1291; x_wconf 81' lang='lat' dir='ltr'><strong>pendentcm3</strong></span> <span class='ocrx_word' id='word_1_161' title='bbox 309 1259 324 1275; x_wconf 73' lang='grc' dir='ltr'><strong>«ι</strong></span> <span class='ocrx_word' id='word_1_162' title='bbox 339 1250 376 1279; x_wconf 87' lang='lat' dir='ltr'><strong>et</strong></span> <span class='ocrx_word' id='word_1_163' title='bbox 393 1255 509 1291; x_wconf 89' lang='lat' dir='ltr'><strong>quum</strong></span> <span class='ocrx_word' id='word_1_164' title='bbox 529 1241 581 1278; x_wconf 95' lang='lat' dir='ltr'><strong>illi</strong></span> <span class='ocrx_word' id='word_1_165' title='bbox 609 1241 720 1292; x_wconf 85' lang='lat' dir='ltr'><strong>pueri</strong></span> <span class='ocrx_word' id='word_1_166' title='bbox 740 1241 932 1288; x_wconf 83' lang='lat' dir='ltr'><strong>dicerent,</strong></span> <span class='ocrx_word' id='word_1_167' title='bbox 951 1241 1108 1280; x_wconf 66' lang='grc' dir='ltr'>Σίδυλλα</span> <span class='ocrx_word' id='word_1_168' title='bbox 1124 1271 1135 1290; x_wconf 91' lang='grc'><strong>,</strong></span> <span class='ocrx_word' id='word_1_169' title='bbox 1154 1242 1188 1279; x_wconf 84' lang='grc' dir='ltr'><strong>τί</strong></span> <span class='ocrx_word' id='word_1_170' title='bbox 1212 1242 1341 1291; x_wconf 80' lang='grc' dir='ltr'>θέλεις;</span> <span class='ocrx_word' id='word_1_171' title='bbox 1361 1257 1520 1294; x_wconf 88' lang='lat' dir='ltr'><strong>respon-</strong></span> 
     </span>
     <span class='ocr_line' id='line_1_18' title="bbox 50 1305 1518 1358; baseline 0.003 -16"><span class='ocrx_word' id='word_1_172' title='bbox 50 1305 161 1344; x_wconf 86' lang='lat' dir='ltr'><strong>debat</strong></span> <span class='ocrx_word' id='word_1_173' title='bbox 180 1306 264 1343; x_wconf 88' lang='lat' dir='ltr'><strong>illa:</strong></span> <span class='ocrx_word' id='word_1_174' title='bbox 285 1307 468 1344; x_wconf 81' lang='grc' dir='ltr'>ἀποθανεῖν</span> <span class='ocrx_word' id='word_1_175' title='bbox 490 1305 593 1346; x_wconf 84' lang='grc' dir='ltr'>Θέλω.</span> <span class='ocrx_word' id='word_1_176' title='bbox 614 1323 628 1339; x_wconf 77' lang='grc' dir='ltr'><strong>υ</strong></span> <span class='ocrx_word' id='word_1_177' title='bbox 653 1306 806 1344; x_wconf 86' lang='lat' dir='ltr'><strong>Puerile</strong></span> <span class='ocrx_word' id='word_1_178' title='bbox 825 1307 978 1358; x_wconf 82' lang='lat' dir='ltr'><strong>quidem</strong></span> <span class='ocrx_word' id='word_1_179' title='bbox 1006 1320 1048 1344; x_wconf 91' lang='lat' dir='ltr'><strong>ac</strong></span> <span class='ocrx_word' id='word_1_180' title='bbox 1071 1306 1170 1345; x_wconf 87' lang='lat' dir='ltr'><strong>bene</strong></span> <span class='ocrx_word' id='word_1_181' title='bbox 1191 1316 1324 1345; x_wconf 87' lang='lat' dir='ltr'><strong>notum</strong></span> <span class='ocrx_word' id='word_1_182' title='bbox 1350 1309 1518 1347; x_wconf 87' lang='lat' dir='ltr'><strong>miracu-</strong></span> 
     </span>
     <span class='ocr_line' id='line_1_19' title="bbox 48 1371 1518 1423; baseline 0.002 -15"><span class='ocrx_word' id='word_1_183' title='bbox 48 1372 123 1408; x_wconf 89' lang='lat' dir='ltr'><strong>lum</strong></span> <span class='ocrx_word' id='word_1_184' title='bbox 139 1371 388 1421; x_wconf 77' lang='lat' dir='ltr'><strong>imagnnculae</strong></span> <span class='ocrx_word' id='word_1_185' title='bbox 405 1372 443 1408; x_wconf 90' lang='lat' dir='ltr'><strong>in</strong></span> <span class='ocrx_word' id='word_1_186' title='bbox 460 1384 558 1421; x_wconf 83' lang='lat' dir='ltr'><strong>aqua</strong></span> <span class='ocrx_word' id='word_1_187' title='bbox 579 1371 779 1421; x_wconf 83' lang='lat' dir='ltr'><strong>pendentis</strong></span> <span class='ocrx_word' id='word_1_188' title='bbox 796 1380 834 1409; x_wconf 89' lang='lat' dir='ltr'><strong>et</strong></span> <span class='ocrx_word' id='word_1_189' title='bbox 852 1371 901 1409; x_wconf 91' lang='lat' dir='ltr'><strong>ad</strong></span> <span class='ocrx_word' id='word_1_190' title='bbox 927 1372 1135 1410; x_wconf 86' lang='lat' dir='ltr'><strong>ludibrium</strong></span> <span class='ocrx_word' id='word_1_191' title='bbox 1167 1375 1413 1423; x_wconf 79' lang='lat' dir='ltr'><strong>spectantium</strong></span> <span class='ocrx_word' id='word_1_192' title='bbox 1431 1387 1518 1411; x_wconf 88' lang='lat' dir='ltr'><strong>sur-</strong></span> 
     </span>
     <span class='ocr_line' id='line_1_20' title="bbox 48 1435 1519 1486; baseline 0.002 -13"><span class='ocrx_word' id='word_1_193' title='bbox 48 1449 130 1473; x_wconf 88' lang='lat' dir='ltr'><strong>sum</strong></span> <span class='ocrx_word' id='word_1_194' title='bbox 159 1436 384 1474; x_wconf 87' lang='lat' dir='ltr'><strong>deorsumve</strong></span> <span class='ocrx_word' id='word_1_195' title='bbox 412 1449 451 1473; x_wconf 91' lang='lat' dir='ltr'><strong>se</strong></span> <span class='ocrx_word' id='word_1_196' title='bbox 484 1436 693 1483; x_wconf 86' lang='lat' dir='ltr'><strong>moventis;</strong></span> <span class='ocrx_word' id='word_1_197' title='bbox 723 1435 828 1486; x_wconf 88' lang='lat' dir='ltr'><strong>quod</strong></span> <span class='ocrx_word' id='word_1_198' title='bbox 854 1436 918 1473; x_wconf 85' lang='lat' dir='ltr'><strong>vix</strong></span> <span class='ocrx_word' id='word_1_199' title='bbox 943 1445 1151 1474; x_wconf 86' lang='lat' dir='ltr'><strong>memoratu</strong></span> <span class='ocrx_word' id='word_1_200' title='bbox 1177 1436 1356 1486; x_wconf 73' lang='lat' dir='ltr'><strong>dignum,</strong></span> <span class='ocrx_word' id='word_1_201' title='bbox 1380 1436 1452 1475; x_wconf 86' lang='lat' dir='ltr'><strong>nisi</strong></span> <span class='ocrx_word' id='word_1_202' title='bbox 1472 1437 1519 1476; x_wconf 85' lang='lat' dir='ltr'><strong>ad</strong></span> 
     </span>
     <span class='ocr_line' id='line_1_21' title="bbox 50 1499 1440 1554; baseline 0.001 -17"><span class='ocrx_word' id='word_1_203' title='bbox 50 1499 212 1538; x_wconf 81' lang='lat' dir='ltr'><strong>fabulam</strong></span> <span class='ocrx_word' id='word_1_204' title='bbox 235 1501 443 1552; x_wconf 84' lang='lat' dir='ltr'><strong>pertineret</strong></span> <span class='ocrx_word' id='word_1_205' title='bbox 470 1499 517 1538; x_wconf 91' lang='lat' dir='ltr'><strong>de</strong></span> <span class='ocrx_word' id='word_1_206' title='bbox 536 1500 714 1538; x_wconf 83' lang='lat' dir='ltr'><strong>extremis</strong></span> <span class='ocrx_word' id='word_1_207' title='bbox 745 1500 902 1551; x_wconf 85' lang='lat' dir='ltr'><strong>Sibyllae</strong></span> <span class='ocrx_word' id='word_1_208' title='bbox 922 1500 1006 1538; x_wconf 83' lang='lat' dir='ltr'><strong>satis</strong></span> <span class='ocrx_word' id='word_1_209' title='bbox 1023 1501 1119 1538; x_wconf 87' lang='lat' dir='ltr'><strong>infra</strong></span> <span class='ocrx_word' id='word_1_210' title='bbox 1142 1501 1440 1554; x_wconf 82' lang='lat' dir='ltr'><strong>memorandam.</strong></span> 
     </span>
    </p>

    <p class='ocr_par' dir='ltr' id='par_1_4' title="bbox 47 1565 1522 2903">
     <span class='ocr_line' id='line_1_22' title="bbox 99 1565 1520 1616; baseline 0.001 -12"><span class='ocrx_word' id='word_1_211' title='bbox 99 1567 155 1604; x_wconf 87' lang='lat' dir='ltr'><strong>De</strong></span> <span class='ocrx_word' id='word_1_212' title='bbox 174 1565 345 1603; x_wconf 89' lang='lat' dir='ltr'><strong>Cumano</strong></span> <span class='ocrx_word' id='word_1_213' title='bbox 363 1574 490 1603; x_wconf 86' lang='lat' dir='ltr'><strong>autem</strong></span> <span class='ocrx_word' id='word_1_214' title='bbox 510 1574 621 1603; x_wconf 87' lang='lat' dir='ltr'><strong>antro</strong></span> <span class='ocrx_word' id='word_1_215' title='bbox 643 1574 871 1616; x_wconf 83' lang='lat' dir='ltr'><strong>servataque</strong></span> <span class='ocrx_word' id='word_1_216' title='bbox 886 1566 939 1603; x_wconf 88' lang='lat' dir='ltr'><strong>ibi</strong></span> <span class='ocrx_word' id='word_1_217' title='bbox 963 1565 1212 1604; x_wconf 82' lang='lat' dir='ltr'><strong>habitationis</strong></span> <span class='ocrx_word' id='word_1_218' title='bbox 1229 1565 1425 1616; x_wconf 88' lang='lat' dir='ltr'><strong>Sibyllinae</strong></span> <span class='ocrx_word' id='word_1_219' title='bbox 1442 1581 1520 1606; x_wconf 88' lang='lat' dir='ltr'><strong>me-</strong></span> 
     </span>
     <span class='ocr_line' id='line_1_23' title="bbox 50 1629 1521 1682; baseline 0.003 -16"><span class='ocrx_word' id='word_1_220' title='bbox 50 1632 192 1679; x_wconf 87' lang='lat' dir='ltr'><strong>moria,</strong></span> <span class='ocrx_word' id='word_1_221' title='bbox 218 1630 321 1667; x_wconf 88' lang='lat' dir='ltr'><strong>testis</strong></span> <span class='ocrx_word' id='word_1_222' title='bbox 349 1629 475 1667; x_wconf 88' lang='lat' dir='ltr'><strong>nullus</strong></span> <span class='ocrx_word' id='word_1_223' title='bbox 510 1637 565 1667; x_wconf 84' lang='lat' dir='ltr'><strong>est</strong></span> <span class='ocrx_word' id='word_1_224' title='bbox 584 1629 814 1680; x_wconf 84' lang='lat' dir='ltr'><strong>locupletior</strong></span> <span class='ocrx_word' id='word_1_225' title='bbox 833 1630 988 1668; x_wconf 88' lang='lat' dir='ltr'><strong>Justino</strong></span> <span class='ocrx_word' id='word_1_226' title='bbox 1007 1630 1197 1680; x_wconf 56' lang='grc' dir='ltr'>Μαι-ιντο,</span> <span class='ocrx_word' id='word_1_227' title='bbox 1227 1631 1293 1681; x_wconf 90' lang='lat' dir='ltr'><strong>qui</strong></span> <span class='ocrx_word' id='word_1_228' title='bbox 1323 1631 1406 1669; x_wconf 87' lang='lat' dir='ltr'><strong>loca</strong></span> <span class='ocrx_word' id='word_1_229' title='bbox 1437 1632 1521 1682; x_wconf 85' lang='lat' dir='ltr'><strong>ipsa</strong></span> 
     </span>
     <span class='ocr_line' id='line_1_24' title="bbox 48 1692 1518 1744; baseline 0.002 -14"><span class='ocrx_word' id='word_1_230' title='bbox 48 1693 221 1742; x_wconf 86' lang='lat' dir='ltr'><strong>viderat,</strong></span> <span class='ocrx_word' id='word_1_231' title='bbox 241 1703 295 1741; x_wconf 81' lang='lat' dir='ltr'><strong>et,</strong></span> <span class='ocrx_word' id='word_1_232' title='bbox 316 1702 356 1731; x_wconf 88' lang='lat' dir='ltr'><strong>ut</strong></span> <span class='ocrx_word' id='word_1_233' title='bbox 377 1692 548 1743; x_wconf 83' lang='lat' dir='ltr'><strong>viderat,</strong></span> <span class='ocrx_word' id='word_1_234' title='bbox 569 1695 852 1731; x_wconf 84' lang='lat' dir='ltr'><strong>accuratissime</strong></span> <span class='ocrx_word' id='word_1_235' title='bbox 872 1694 1097 1744; x_wconf 85' lang='lat' dir='ltr'><strong>descripsit,</strong></span> <span class='ocrx_word' id='word_1_236' title='bbox 1121 1695 1303 1741; x_wconf 80' lang='lat' dir='ltr'><strong>Coliort.,</strong></span> <span class='ocrx_word' id='word_1_237' title='bbox 1327 1696 1348 1744; x_wconf 85' lang='lat'>§</span> <span class='ocrx_word' id='word_1_238' title='bbox 1373 1697 1417 1742; x_wconf 83' lang='lat'><strong>37</strong></span> <span class='ocrx_word' id='word_1_239' title='bbox 1432 1724 1442 1741; x_wconf 95' lang='lat'>‚</span> <span class='ocrx_word' id='word_1_240' title='bbox 1461 1696 1518 1734; x_wconf 88' lang='lat' dir='ltr'><strong>ed.</strong></span> 
     </span>
     <span class='ocr_line' id='line_1_25' title="bbox 49 1757 1520 1808; baseline 0.001 -11"><span class='ocrx_word' id='word_1_241' title='bbox 49 1758 166 1797; x_wconf 88' lang='lat' dir='ltr'><strong>Paris.</strong></span> <span class='ocrx_word' id='word_1_242' title='bbox 190 1765 303 1806; x_wconf 71' lang='lat'><strong>1742.</strong></span> <span class='ocrx_word' id='word_1_243' title='bbox 340 1759 433 1796; x_wconf 86' lang='lat' dir='ltr'><strong>Nam</strong></span> <span class='ocrx_word' id='word_1_244' title='bbox 461 1771 578 1808; x_wconf 88' lang='lat' dir='ltr'><strong>quum</strong></span> <span class='ocrx_word' id='word_1_245' title='bbox 599 1758 645 1794; x_wconf 92' lang='lat' dir='ltr'><strong>de</strong></span> <span class='ocrx_word' id='word_1_246' title='bbox 668 1757 813 1808; x_wconf 83' lang='lat' dir='ltr'><strong>Sibylla</strong></span> <span class='ocrx_word' id='word_1_247' title='bbox 841 1758 1016 1796; x_wconf 80' lang='lat' dir='ltr'><strong>Clialdaea</strong></span> <span class='ocrx_word' id='word_1_248' title='bbox 1036 1772 1102 1796; x_wconf 89' lang='lat' dir='ltr'><strong>seu</strong></span> <span class='ocrx_word' id='word_1_249' title='bbox 1119 1758 1327 1808; x_wconf 82' lang='lat' dir='ltr'><strong>Babylonia</strong></span> <span class='ocrx_word' id='word_1_250' title='bbox 1353 1759 1520 1806; x_wconf 77' lang='lat' dir='ltr'><strong>dixisset,</strong></span> 
     </span>
     <span class='ocr_line' id='line_1_26' title="bbox 49 1821 1517 1873; baseline 0.001 -14"><span class='ocrx_word' id='word_1_251' title='bbox 49 1824 94 1859; x_wconf 87' lang='lat' dir='ltr'><strong>ad</strong></span> <span class='ocrx_word' id='word_1_252' title='bbox 117 1836 280 1873; x_wconf 87' lang='lat' dir='ltr'><strong>eamque</strong></span> <span class='ocrx_word' id='word_1_253' title='bbox 302 1822 445 1861; x_wconf 83' lang='lat' dir='ltr'><strong>referre</strong></span> <span class='ocrx_word' id='word_1_254' title='bbox 464 1822 577 1859; x_wconf 86' lang='lat' dir='ltr'><strong>vellet</strong></span> <span class='ocrx_word' id='word_1_255' title='bbox 595 1835 844 1872; x_wconf 75' lang='lat' dir='ltr'><strong>quaecumque</strong></span> <span class='ocrx_word' id='word_1_256' title='bbox 870 1822 918 1859; x_wconf 87' lang='lat' dir='ltr'><strong>de</strong></span> <span class='ocrx_word' id='word_1_257' title='bbox 933 1821 1084 1872; x_wconf 85' lang='lat' dir='ltr'><strong>Sibyllis</strong></span> <span class='ocrx_word' id='word_1_258' title='bbox 1105 1822 1218 1873; x_wconf 81' lang='lat' dir='ltr'><strong>vulgo</strong></span> <span class='ocrx_word' id='word_1_259' title='bbox 1238 1822 1517 1860; x_wconf 85' lang='lat' dir='ltr'><strong>narrabantur:</strong></span> 
     </span>
     <span class='ocr_line' id='line_1_27' title="bbox 48 1886 1521 1940; baseline 0.001 -15"><span class='ocrx_word' id='word_1_260' title='bbox 48 1887 202 1935; x_wconf 79' lang='grc' dir='ltr'>Ταύτην,</span> <span class='ocrx_word' id='word_1_261' title='bbox 221 1888 356 1938; x_wconf 83' lang='lat' dir='ltr'><strong>inquit,</strong></span> <span class='ocrx_word' id='word_1_262' title='bbox 376 1889 415 1925; x_wconf 82' lang='grc' dir='ltr'><strong>ἐκ</strong></span> <span class='ocrx_word' id='word_1_263' title='bbox 433 1886 495 1937; x_wconf 81' lang='grc' dir='ltr'><strong>μὲν</strong></span> <span class='ocrx_word' id='word_1_264' title='bbox 511 1886 720 1929; x_wconf 70' lang='grc' dir='ltr'>Βαὸυλῶνος</span> <span class='ocrx_word' id='word_1_265' title='bbox 734 1887 920 1938; x_wconf 76' lang='grc' dir='ltr'>ὡρμῆσθαί</span> <span class='ocrx_word' id='word_1_266' title='bbox 933 1903 1033 1939; x_wconf 82' lang='grc' dir='ltr'>φασι,</span> <span class='ocrx_word' id='word_1_267' title='bbox 1062 1888 1107 1930; x_wconf 89' lang='grc' dir='ltr'>εἷς</span> <span class='ocrx_word' id='word_1_268' title='bbox 1123 1886 1159 1925; x_wconf 87' lang='grc' dir='ltr'><strong>δὲ</strong></span> <span class='ocrx_word' id='word_1_269' title='bbox 1174 1886 1217 1924; x_wconf 79' lang='grc' dir='ltr'><strong>τὰ</strong></span> <span class='ocrx_word' id='word_1_270' title='bbox 1234 1886 1323 1940; x_wconf 83' lang='grc' dir='ltr'>μέρη</span> <span class='ocrx_word' id='word_1_271' title='bbox 1342 1890 1403 1933; x_wconf 67' lang='grc' dir='ltr'><strong>τῆς</strong></span> <span class='ocrx_word' id='word_1_272' title='bbox 1421 1888 1521 1938; x_wconf 80' lang='grc' dir='ltr'>Καμ-</span> 
     </span>
     <span class='ocr_line' id='line_1_28' title="bbox 47 1945 1520 2005; baseline 0 -15"><span class='ocrx_word' id='word_1_273' title='bbox 47 1952 171 1996; x_wconf 70' lang='grc' dir='ltr'>πανίας</span> <span class='ocrx_word' id='word_1_274' title='bbox 196 1953 258 1990; x_wconf 72' lang='grc' dir='ltr'><strong>Οὐχ</strong></span> <span class='ocrx_word' id='word_1_275' title='bbox 275 1945 336 1990; x_wconf 76' lang='grc' dir='ltr'><strong>Οῑδ</strong></span> <span class='ocrx_word' id='word_1_276' title='bbox 354 1953 447 1995; x_wconf 70' lang='grc' dir='ltr'>ὅπως</span> <span class='ocrx_word' id='word_1_277' title='bbox 463 1950 662 1989; x_wconf 55' lang='lat' dir='ltr'><strong>&amp;wefffflzv&#39;</strong></span> <span class='ocrx_word' id='word_1_278' title='bbox 647 1967 703 1989; x_wconf 75' lang='grc' dir='ltr'><strong>ΕΧΞ</strong></span> <span class='ocrx_word' id='word_1_279' title='bbox 705 1950 808 1994; x_wconf 67' lang='grc' dir='ltr'>ῖτΟυς</span> <span class='ocrx_word' id='word_1_280' title='bbox 824 1966 963 2003; x_wconf 68' lang='grc' dir='ltr'><strong>χρησμ’</strong></span> <span class='ocrx_word' id='word_1_281' title='bbox 951 1967 1002 1994; x_wconf 64' lang='lat' dir='ltr'><strong>JUG</strong></span> <span class='ocrx_word' id='word_1_282' title='bbox 1023 1951 1161 2003; x_wconf 61' lang='grc' dir='ltr'>ἐξαγορὲ</span> <span class='ocrx_word' id='word_1_283' title='bbox 1149 1966 1200 1988; x_wconf 63' lang='lat' dir='ltr'><strong>Ui</strong></span> <span class='ocrx_word' id='word_1_284' title='bbox 1206 1967 1234 1988; x_wconf 68' lang='lat' dir='ltr'><strong>U!</strong></span> <span class='ocrx_word' id='word_1_285' title='bbox 1254 1951 1288 1988; x_wconf 73' lang='grc' dir='ltr'><strong>ἔν</strong></span> <span class='ocrx_word' id='word_1_286' title='bbox 1307 1966 1375 1989; x_wconf 59' lang='grc' dir='ltr'>τινι</span> <span class='ocrx_word' id='word_1_287' title='bbox 1397 1952 1520 2005; x_wconf 70' lang='grc' dir='ltr'>ΚΟυμα</span> 
     </span>
     <span class='ocr_line' id='line_1_29' title="bbox 48 2011 1520 2067; baseline -0.003 -12"><span class='ocrx_word' id='word_1_288' title='bbox 48 2016 136 2055; x_wconf 72' lang='grc' dir='ltr'>οὕτω</span> <span class='ocrx_word' id='word_1_289' title='bbox 151 2017 320 2067; x_wconf 86' lang='grc' dir='ltr'>λεγομένῃ</span> <span class='ocrx_word' id='word_1_290' title='bbox 337 2016 450 2062; x_wconf 82' lang='grc' dir='ltr'>πόλει,</span> <span class='ocrx_word' id='word_1_291' title='bbox 469 2015 503 2060; x_wconf 79' lang='grc' dir='ltr'><strong>ἓξ</strong></span> <span class='ocrx_word' id='word_1_292' title='bbox 525 2015 681 2066; x_wconf 83' lang='grc' dir='ltr'>σημείοις</span> <span class='ocrx_word' id='word_1_293' title='bbox 702 2014 872 2066; x_wconf 81' lang='grc' dir='ltr'>διεστώσῃ</span> <span class='ocrx_word' id='word_1_294' title='bbox 894 2011 1030 2061; x_wconf 78' lang='grc' dir='ltr'>Βαϊων,</span> <span class='ocrx_word' id='word_1_295' title='bbox 1051 2015 1130 2052; x_wconf 80' lang='grc' dir='ltr'>ἔνθα</span> <span class='ocrx_word' id='word_1_296' title='bbox 1153 2013 1195 2051; x_wconf 75' lang='grc' dir='ltr'><strong>τὰ</strong></span> <span class='ocrx_word' id='word_1_297' title='bbox 1212 2017 1246 2051; x_wconf 85' lang='grc' dir='ltr'>θε</span> <span class='ocrx_word' id='word_1_298' title='bbox 1233 2013 1320 2066; x_wconf 83' lang='grc' dir='ltr'>ερμὰ</span> <span class='ocrx_word' id='word_1_299' title='bbox 1338 2029 1399 2059; x_wconf 84' lang='grc' dir='ltr'><strong>της</strong></span> <span class='ocrx_word' id='word_1_300' title='bbox 1419 2014 1520 2065; x_wconf 81' lang='grc' dir='ltr'>Καμ-</span> 
     </span>
     <span class='ocr_line' id='line_1_30' title="bbox 49 2078 1520 2132; baseline -0.003 -12"><span class='ocrx_word' id='word_1_301' title='bbox 49 2083 171 2125; x_wconf 60' lang='lat' dir='ltr'><strong>navia&lt;</strong></span> <span class='ocrx_word' id='word_1_302' title='bbox 190 2086 276 2120; x_wconf 84' lang='grc' dir='ltr'>εἰναι</span> <span class='ocrx_word' id='word_1_303' title='bbox 293 2080 488 2132; x_wconf 70' lang='grc' dir='ltr'>συμὸαίνει.</span> <span class='ocrx_word' id='word_1_304' title='bbox 506 2081 549 2119; x_wconf 79' lang='lat' dir='ltr'><strong>’E</strong></span> <span class='ocrx_word' id='word_1_305' title='bbox 554 2080 749 2132; x_wconf 69' lang='grc' dir='ltr'>θεασαίμεθα</span> <span class='ocrx_word' id='word_1_306' title='bbox 765 2080 832 2118; x_wconf 83' lang='grc' dir='ltr'><strong>δὲ’</strong></span> <span class='ocrx_word' id='word_1_307' title='bbox 817 2096 851 2119; x_wconf 83' lang='grc' dir='ltr'><strong>εν</strong></span> <span class='ocrx_word' id='word_1_308' title='bbox 870 2083 912 2131; x_wconf 80' lang='grc' dir='ltr'><strong>τῇ</strong></span> <span class='ocrx_word' id='word_1_309' title='bbox 930 2081 1028 2118; x_wconf 85' lang='grc' dir='ltr'>πόλει</span> <span class='ocrx_word' id='word_1_310' title='bbox 1043 2078 1220 2131; x_wconf 72' lang='grc' dir='ltr'>γενόμενοι</span> <span class='ocrx_word' id='word_1_311' title='bbox 1236 2079 1296 2118; x_wconf 81' lang='grc' dir='ltr'><strong>καί</strong></span> <span class='ocrx_word' id='word_1_312' title='bbox 1317 2086 1395 2117; x_wconf 58' lang='grc' dir='ltr'>τινα</span> <span class='ocrx_word' id='word_1_313' title='bbox 1414 2079 1520 2118; x_wconf 82' lang='grc' dir='ltr'>τόπον</span> 
     </span>
     <span class='ocr_line' id='line_1_31' title="bbox 49 2143 1520 2198; baseline -0.003 -14"><span class='ocrx_word' id='word_1_314' title='bbox 49 2148 83 2184; x_wconf 77' lang='grc' dir='ltr'><strong>ἓν</strong></span> <span class='ocrx_word' id='word_1_315' title='bbox 104 2164 132 2184; x_wconf 82' lang='grc' dir='ltr'>ω</span> <span class='ocrx_word' id='word_1_316' title='bbox 150 2145 334 2198; x_wconf 76' lang='grc' dir='ltr'>βασιλικὴν</span> <span class='ocrx_word' id='word_1_317' title='bbox 352 2146 518 2196; x_wconf 83' lang='grc' dir='ltr'>μεγίστην</span> <span class='ocrx_word' id='word_1_318' title='bbox 537 2146 569 2190; x_wconf 82' lang='grc' dir='ltr'><strong>ἐξ</strong></span> <span class='ocrx_word' id='word_1_319' title='bbox 592 2144 699 2188; x_wconf 79' lang='grc' dir='ltr'>ἑνὸς</span> <span class='ocrx_word' id='word_1_320' title='bbox 685 2144 717 2187; x_wconf 79' lang='grc' dir='ltr'>εΞ</span> <span class='ocrx_word' id='word_1_321' title='bbox 721 2143 867 2194; x_wconf 75' lang='grc' dir='ltr'>εσμένην</span> <span class='ocrx_word' id='word_1_322' title='bbox 883 2144 979 2182; x_wconf 85' lang='grc' dir='ltr'>λίθου</span> <span class='ocrx_word' id='word_1_323' title='bbox 999 2144 1174 2195; x_wconf 72' lang='grc' dir='ltr'>ἔγνωμεν,</span> <span class='ocrx_word' id='word_1_324' title='bbox 1194 2149 1339 2195; x_wconf 79' lang='grc' dir='ltr'>πρᾶγμα</span> <span class='ocrx_word' id='word_1_325' title='bbox 1360 2143 1520 2193; x_wconf 80' lang='grc' dir='ltr'>μέγιστον</span> 
     </span>
     <span class='ocr_line' id='line_1_32' title="bbox 49 2206 1520 2259; baseline -0.003 -10"><span class='ocrx_word' id='word_1_326' title='bbox 49 2211 105 2249; x_wconf 77' lang='grc' dir='ltr'><strong>καὶ</strong></span> <span class='ocrx_word' id='word_1_327' title='bbox 120 2209 246 2252; x_wconf 77' lang='grc' dir='ltr'>παντὸς</span> <span class='ocrx_word' id='word_1_328' title='bbox 263 2209 435 2258; x_wconf 76' lang='grc' dir='ltr'>θαύματος</span> <span class='ocrx_word' id='word_1_329' title='bbox 456 2209 569 2257; x_wconf 77' lang='grc' dir='ltr'>ἄξιον,</span> <span class='ocrx_word' id='word_1_330' title='bbox 591 2208 671 2246; x_wconf 87' lang='grc' dir='ltr'>ἔνθα</span> <span class='ocrx_word' id='word_1_331' title='bbox 689 2207 767 2251; x_wconf 64' lang='grc' dir='ltr'>τοὺς</span> <span class='ocrx_word' id='word_1_332' title='bbox 785 2207 962 2259; x_wconf 67' lang='grc' dir='ltr'>χρησμοὺς</span> <span class='ocrx_word' id='word_1_333' title='bbox 981 2207 1089 2253; x_wconf 72' lang='grc' dir='ltr'>αὐτὴν</span> <span class='ocrx_word' id='word_1_334' title='bbox 1109 2206 1340 2257; x_wconf 81' lang='grc' dir='ltr'>ἀπαγγέλλειν</span> <span class='ocrx_word' id='word_1_335' title='bbox 1359 2209 1390 2245; x_wconf 82' lang='grc' dir='ltr'><strong>οἱ</strong></span> <span class='ocrx_word' id='word_1_336' title='bbox 1409 2208 1456 2250; x_wconf 87' lang='grc' dir='ltr'><strong>ὡς</strong></span> <span class='ocrx_word' id='word_1_337' title='bbox 1477 2207 1520 2246; x_wconf 76' lang='grc' dir='ltr'><strong>τὰ</strong></span> 
     </span>
     <span class='ocr_line' id='line_1_33' title="bbox 49 2269 1520 2327; baseline -0.003 -14"><span class='ocrx_word' id='word_1_338' title='bbox 49 2276 177 2327; x_wconf 77' lang='grc' dir='ltr'>πάτρια</span> <span class='ocrx_word' id='word_1_339' title='bbox 198 2273 448 2326; x_wconf 70' lang='grc' dir='ltr'>παρειληφότες</span> <span class='ocrx_word' id='word_1_340' title='bbox 463 2272 557 2324; x_wconf 66' lang='grc' dir='ltr'>παρὰ</span> <span class='ocrx_word' id='word_1_341' title='bbox 583 2274 652 2310; x_wconf 79' lang='grc' dir='ltr'><strong>τῶν</strong></span> <span class='ocrx_word' id='word_1_342' title='bbox 668 2274 798 2310; x_wconf 79' lang='grc' dir='ltr'>ἑαυτῶν</span> <span class='ocrx_word' id='word_1_343' title='bbox 817 2272 996 2325; x_wconf 88' lang='grc' dir='ltr'>προγόνων</span> <span class='ocrx_word' id='word_1_344' title='bbox 1013 2270 1175 2324; x_wconf 74' lang='grc' dir='ltr'>ἔφασκον.</span> <span class='ocrx_word' id='word_1_345' title='bbox 1194 2271 1257 2309; x_wconf 83' lang='grc' dir='ltr'><strong>Ἐν</strong></span> <span class='ocrx_word' id='word_1_346' title='bbox 1281 2269 1378 2323; x_wconf 84' lang='grc' dir='ltr'>με’σῳ</span> <span class='ocrx_word' id='word_1_347' title='bbox 1403 2270 1438 2308; x_wconf 79' lang='grc' dir='ltr'><strong>δὲ</strong></span> <span class='ocrx_word' id='word_1_348' title='bbox 1457 2273 1520 2318; x_wconf 75' lang='grc' dir='ltr'><strong>τῆς</strong></span> 
     </span>
     <span class='ocr_line' id='line_1_34' title="bbox 51 2334 1515 2389; baseline -0.003 -13"><span class='ocrx_word' id='word_1_349' title='bbox 51 2340 230 2389; x_wconf 69' lang='grc' dir='ltr'>βασιλικῆς</span> <span class='ocrx_word' id='word_1_350' title='bbox 249 2339 464 2376; x_wconf 82' lang='grc' dir='ltr'>ἐπεδείκνυον</span> <span class='ocrx_word' id='word_1_351' title='bbox 490 2340 575 2389; x_wconf 71' lang='grc' dir='ltr'>ἡμῖν</span> <span class='ocrx_word' id='word_1_352' title='bbox 605 2342 694 2389; x_wconf 83' lang='grc' dir='ltr'>τρεῖς</span> <span class='ocrx_word' id='word_1_353' title='bbox 720 2336 905 2387; x_wconf 80' lang='grc' dir='ltr'>δεξαμενὰς</span> <span class='ocrx_word' id='word_1_354' title='bbox 924 2338 962 2375; x_wconf 81' lang='grc' dir='ltr'><strong>ἐκ</strong></span> <span class='ocrx_word' id='word_1_355' title='bbox 982 2339 1041 2374; x_wconf 77' lang='grc' dir='ltr'><strong>τοῦ</strong></span> <span class='ocrx_word' id='word_1_356' title='bbox 1062 2337 1165 2374; x_wconf 80' lang='grc' dir='ltr'>αὐτοῦ</span> <span class='ocrx_word' id='word_1_357' title='bbox 1189 2334 1372 2386; x_wconf 77' lang='grc' dir='ltr'>ἐξεσμένας</span> <span class='ocrx_word' id='word_1_358' title='bbox 1399 2335 1515 2373; x_wconf 81' lang='grc' dir='ltr'>λίθου·</span> 
     </span>
     <span class='ocr_line' id='line_1_35' title="bbox 49 2397 1518 2455; baseline -0.003 -15"><span class='ocrx_word' id='word_1_359' title='bbox 49 2397 94 2440; x_wconf 69' lang='grc' dir='ltr'><strong>ὧν</strong></span> <span class='ocrx_word' id='word_1_360' title='bbox 114 2400 363 2455; x_wconf 84' lang='grc' dir='ltr'>πληρουμένων</span> <span class='ocrx_word' id='word_1_361' title='bbox 390 2401 511 2444; x_wconf 73' lang='grc' dir='ltr'>ὕδατος</span> <span class='ocrx_word' id='word_1_362' title='bbox 533 2401 693 2440; x_wconf 74' lang='grc' dir='ltr'>λούεσθαι</span> <span class='ocrx_word' id='word_1_363' title='bbox 716 2400 822 2448; x_wconf 73' lang='grc' dir='ltr'>αὐτὴν</span> <span class='ocrx_word' id='word_1_364' title='bbox 844 2402 879 2439; x_wconf 85' lang='grc' dir='ltr'><strong>ἐν</strong></span> <span class='ocrx_word' id='word_1_365' title='bbox 897 2401 1016 2444; x_wconf 78' lang='grc' dir='ltr'>αὐταῖς</span> <span class='ocrx_word' id='word_1_366' title='bbox 1033 2400 1149 2451; x_wconf 82' lang='grc' dir='ltr'>ἔλεγον</span> <span class='ocrx_word' id='word_1_367' title='bbox 1164 2430 1174 2448; x_wconf 88' lang='grc'><em>,</em></span> <span class='ocrx_word' id='word_1_368' title='bbox 1194 2400 1253 2437; x_wconf 78' lang='grc' dir='ltr'><strong>καὶ</strong></span> <span class='ocrx_word' id='word_1_369' title='bbox 1275 2398 1401 2445; x_wconf 77' lang='grc' dir='ltr'>στολὴν</span> <span class='ocrx_word' id='word_1_370' title='bbox 1429 2401 1518 2437; x_wconf 82' lang='grc' dir='ltr'>ἀνα-</span> 
     </span>
     <span class='ocr_line' id='line_1_36' title="bbox 48 2458 1522 2517; baseline -0.002 -13"><span class='ocrx_word' id='word_1_371' title='bbox 48 2466 292 2516; x_wconf 72' lang='grc' dir='ltr'>λαμὸάνουσαν</span> <span class='ocrx_word' id='word_1_372' title='bbox 310 2467 356 2509; x_wconf 83' lang='grc' dir='ltr'>εἷς</span> <span class='ocrx_word' id='word_1_373' title='bbox 377 2465 436 2503; x_wconf 82' lang='grc' dir='ltr'><strong>τὸν</strong></span> <span class='ocrx_word' id='word_1_374' title='bbox 455 2466 634 2504; x_wconf 76' lang='grc' dir='ltr'>ἐνδότατον</span> <span class='ocrx_word' id='word_1_375' title='bbox 648 2468 710 2511; x_wconf 83' lang='grc' dir='ltr'>τ’ῆς</span> <span class='ocrx_word' id='word_1_376' title='bbox 727 2467 908 2517; x_wconf 63' lang='grc' dir='ltr'>βασιλικῆς</span> <span class='ocrx_word' id='word_1_377' title='bbox 929 2465 1076 2516; x_wconf 77' lang='grc' dir='ltr'>βαδίζειν</span> <span class='ocrx_word' id='word_1_378' title='bbox 1092 2458 1183 2502; x_wconf 68' lang='grc' dir='ltr'>οἷκον</span> <span class='ocrx_word' id='word_1_379' title='bbox 1199 2465 1237 2503; x_wconf 78' lang='grc' dir='ltr'><strong>ἐκ</strong></span> <span class='ocrx_word' id='word_1_380' title='bbox 1251 2467 1310 2502; x_wconf 74' lang='grc' dir='ltr'>τοῦ</span> <span class='ocrx_word' id='word_1_381' title='bbox 1328 2464 1433 2501; x_wconf 77' lang='grc' dir='ltr'>αὑτοῦ</span> <span class='ocrx_word' id='word_1_382' title='bbox 1453 2463 1522 2508; x_wconf 79' lang='grc' dir='ltr'>ἐξε·</span> 
     </span>
     <span class='ocr_line' id='line_1_37' title="bbox 49 2526 1519 2581; baseline -0.002 -13"><span class='ocrx_word' id='word_1_383' title='bbox 49 2531 170 2581; x_wconf 80' lang='grc' dir='ltr'>σμένον</span> <span class='ocrx_word' id='word_1_384' title='bbox 190 2531 284 2570; x_wconf 88' lang='grc' dir='ltr'>λίθου</span> <span class='ocrx_word' id='word_1_385' title='bbox 297 2560 307 2578; x_wconf 88' lang='lat'><strong>,</strong></span> <span class='ocrx_word' id='word_1_386' title='bbox 343 2529 402 2569; x_wconf 78' lang='grc' dir='ltr'><strong>καὶ</strong></span> <span class='ocrx_word' id='word_1_387' title='bbox 422 2531 456 2567; x_wconf 82' lang='grc' dir='ltr'><strong>ἓν</strong></span> <span class='ocrx_word' id='word_1_388' title='bbox 487 2529 582 2581; x_wconf 84' lang='grc' dir='ltr'>με’σῳ</span> <span class='ocrx_word' id='word_1_389' title='bbox 604 2533 664 2567; x_wconf 66' lang='grc' dir='ltr'>τοῦ</span> <span class='ocrx_word' id='word_1_390' title='bbox 684 2528 779 2567; x_wconf 72' lang='grc' dir='ltr'>οἴκου</span> <span class='ocrx_word' id='word_1_391' title='bbox 798 2529 1027 2578; x_wconf 80' lang='grc' dir='ltr'>καθεζομένην</span> <span class='ocrx_word' id='word_1_392' title='bbox 1049 2528 1104 2566; x_wconf 80' lang='grc' dir='ltr'><strong>ἐπὶ</strong></span> <span class='ocrx_word' id='word_1_393' title='bbox 1125 2529 1255 2581; x_wconf 71' lang='grc' dir='ltr'>ὑψηλοῦ</span> <span class='ocrx_word' id='word_1_394' title='bbox 1287 2526 1442 2578; x_wconf 76' lang='grc' dir='ltr'>βήματος</span> <span class='ocrx_word' id='word_1_395' title='bbox 1460 2527 1519 2565; x_wconf 86' lang='grc' dir='ltr'><strong>καὶ</strong></span> 
     </span>
     <span class='ocr_line' id='line_1_38' title="bbox 50 2590 1519 2646; baseline -0.003 -15"><span class='ocrx_word' id='word_1_396' title='bbox 50 2595 185 2646; x_wconf 77' lang='grc' dir='ltr'>θρόνου,</span> <span class='ocrx_word' id='word_1_397' title='bbox 210 2594 300 2634; x_wconf 73' lang='grc' dir='ltr'>οὕτω</span> <span class='ocrx_word' id='word_1_398' title='bbox 320 2593 399 2636; x_wconf 78' lang='grc' dir='ltr'>τοὺς</span> <span class='ocrx_word' id='word_1_399' title='bbox 421 2594 601 2645; x_wconf 61' lang='grc' dir='ltr'>χρησμοὺς</span> <span class='ocrx_word' id='word_1_400' title='bbox 632 2592 855 2646; x_wconf 77' lang='grc' dir='ltr'>ἐξαγορεύειν.</span> <span class='ocrx_word' id='word_1_401' title='bbox 884 2593 972 2632; x_wconf 81' lang='lat' dir='ltr'><strong>llaec</strong></span> <span class='ocrx_word' id='word_1_402' title='bbox 993 2593 1184 2641; x_wconf 65' lang='lat' dir='ltr'><strong>,lus-tinus,</strong></span> <span class='ocrx_word' id='word_1_403' title='bbox 1205 2605 1288 2642; x_wconf 86' lang='lat' dir='ltr'><strong>quae</strong></span> <span class='ocrx_word' id='word_1_404' title='bbox 1309 2592 1436 2629; x_wconf 85' lang='lat' dir='ltr'><strong>omnia</strong></span> <span class='ocrx_word' id='word_1_405' title='bbox 1461 2590 1519 2629; x_wconf 88' lang='lat' dir='ltr'><strong>vel</strong></span> 
     </span>
     <span class='ocr_line' id='line_1_39' title="bbox 50 2657 1517 2709; baseline -0.002 -14"><span class='ocrx_word' id='word_1_406' title='bbox 50 2659 173 2709; x_wconf 86' lang='lat' dir='ltr'><strong>ipsum</strong></span> <span class='ocrx_word' id='word_1_407' title='bbox 194 2673 233 2697; x_wconf 90' lang='lat' dir='ltr'><strong>se</strong></span> <span class='ocrx_word' id='word_1_408' title='bbox 252 2659 388 2696; x_wconf 84' lang='lat' dir='ltr'><strong>vidisse</strong></span> <span class='ocrx_word' id='word_1_409' title='bbox 405 2659 463 2695; x_wconf 84' lang='lat' dir='ltr'><strong>vel</strong></span> <span class='ocrx_word' id='word_1_410' title='bbox 494 2657 542 2695; x_wconf 88' lang='lat' dir='ltr'><strong>ab</strong></span> <span class='ocrx_word' id='word_1_411' title='bbox 567 2657 909 2695; x_wconf 79' lang='lat' dir='ltr'><strong>incolis-didicisse</strong></span> <span class='ocrx_word' id='word_1_412' title='bbox 932 2665 1108 2695; x_wconf 88' lang='lat' dir='ltr'><strong>testatur.</strong></span> <span class='ocrx_word' id='word_1_413' title='bbox 1138 2658 1214 2695; x_wconf 68' lang='lat' dir='ltr'><strong>Nec</strong></span> <span class='ocrx_word' id='word_1_414' title='bbox 1236 2657 1372 2693; x_wconf 89' lang='lat' dir='ltr'><strong>mirum</strong></span> <span class='ocrx_word' id='word_1_415' title='bbox 1397 2671 1404 2693; x_wconf 91' lang='lat'><strong>:</strong></span> <span class='ocrx_word' id='word_1_416' title='bbox 1429 2667 1517 2693; x_wconf 89' lang='lat' dir='ltr'><strong>nam</strong></span> 
     </span>
     <span class='ocr_line' id='line_1_40' title="bbox 51 2720 1521 2772; baseline -0.001 -14"><span class='ocrx_word' id='word_1_417' title='bbox 51 2732 156 2760; x_wconf 82' lang='lat' dir='ltr'><strong>sexto</strong></span> <span class='ocrx_word' id='word_1_418' title='bbox 170 2724 280 2761; x_wconf 88' lang='lat' dir='ltr'><strong>etiam</strong></span> <span class='ocrx_word' id='word_1_419' title='bbox 295 2723 432 2760; x_wconf 82' lang='lat' dir='ltr'><strong>saeculo</strong></span> <span class='ocrx_word' id='word_1_420' title='bbox 444 2752 452 2768; x_wconf 92' lang='lat'><strong>,</strong></span> <span class='ocrx_word' id='word_1_421' title='bbox 470 2731 555 2772; x_wconf 89' lang='lat' dir='ltr'><strong>post</strong></span> <span class='ocrx_word' id='word_1_422' title='bbox 568 2723 790 2760; x_wconf 83' lang='lat' dir='ltr'><strong>exstinctam</strong></span> <span class='ocrx_word' id='word_1_423' title='bbox 815 2721 890 2759; x_wconf 82' lang='lat' dir='ltr'><strong>fere</strong></span> <span class='ocrx_word' id='word_1_424' title='bbox 907 2721 1073 2772; x_wconf 78' lang='lat' dir='ltr'><strong>gentium</strong></span> <span class='ocrx_word' id='word_1_425' title='bbox 1086 2720 1406 2771; x_wconf 83' lang='lat' dir='ltr'><strong>superstitionem,</strong></span> <span class='ocrx_word' id='word_1_426' title='bbox 1418 2733 1521 2760; x_wconf 79' lang='lat' dir='ltr'><strong>man-</strong></span> 
     </span>
     <span class='ocr_line' id='line_1_41' title="bbox 50 2784 1520 2838; baseline -0.002 -15"><span class='ocrx_word' id='word_1_427' title='bbox 50 2787 140 2824; x_wconf 71' lang='lat' dir='ltr'><strong>sisse</strong></span> <span class='ocrx_word' id='word_1_428' title='bbox 164 2787 291 2827; x_wconf 89' lang='lat' dir='ltr'><strong>Cumis</strong></span> <span class='ocrx_word' id='word_1_429' title='bbox 320 2787 470 2826; x_wconf 81' lang='lat' dir='ltr'><strong>easdem</strong></span> <span class='ocrx_word' id='word_1_430' title='bbox 504 2787 551 2824; x_wconf 85' lang='lat' dir='ltr'><strong>de</strong></span> <span class='ocrx_word' id='word_1_431' title='bbox 584 2786 730 2838; x_wconf 80' lang='lat' dir='ltr'><strong>Sibylla</strong></span> <span class='ocrx_word' id='word_1_432' title='bbox 758 2785 914 2836; x_wconf 81' lang='lat' dir='ltr'><strong>ejusque</strong></span> <span class='ocrx_word' id='word_1_433' title='bbox 945 2794 1056 2823; x_wconf 82' lang='lat' dir='ltr'><strong>antro</strong></span> <span class='ocrx_word' id='word_1_434' title='bbox 1078 2786 1312 2832; x_wconf 75' lang='lat' dir='ltr'><strong>traditiones,</strong></span> <span class='ocrx_word' id='word_1_435' title='bbox 1335 2784 1437 2822; x_wconf 84' lang='lat' dir='ltr'><strong>testis</strong></span> <span class='ocrx_word' id='word_1_436' title='bbox 1466 2792 1520 2822; x_wconf 86' lang='lat' dir='ltr'><strong>est</strong></span> 
     </span>
     <span class='ocr_line' id='line_1_42' title="bbox 54 2849 1520 2903; baseline -0.001 -16"><span class='ocrx_word' id='word_1_437' title='bbox 54 2852 280 2903; x_wconf 78' lang='lat' dir='ltr'><strong>Procopius,</strong></span> <span class='ocrx_word' id='word_1_438' title='bbox 296 2852 343 2890; x_wconf 85' lang='lat' dir='ltr'><strong>de</strong></span> <span class='ocrx_word' id='word_1_439' title='bbox 363 2852 455 2889; x_wconf 80' lang='lat' dir='ltr'><strong>Bell.</strong></span> <span class='ocrx_word' id='word_1_440' title='bbox 474 2852 589 2888; x_wconf 84' lang='lat' dir='ltr'><strong>Goth.</strong></span> <span class='ocrx_word' id='word_1_441' title='bbox 613 2851 676 2889; x_wconf 90' lang='lat' dir='ltr'><strong>lib.</strong></span> <span class='ocrx_word' id='word_1_442' title='bbox 695 2855 721 2898; x_wconf 90' lang='lat' dir='ltr'><strong>l,</strong></span> <span class='ocrx_word' id='word_1_443' title='bbox 742 2855 761 2898; x_wconf 70' lang='lat'>5</span> <span class='ocrx_word' id='word_1_444' title='bbox 781 2856 841 2895; x_wconf 75' lang='grc'><strong>14,</strong></span> <span class='ocrx_word' id='word_1_445' title='bbox 856 2851 912 2888; x_wconf 86' lang='lat' dir='ltr'><strong>cd.</strong></span> <span class='ocrx_word' id='word_1_446' title='bbox 931 2852 1054 2889; x_wconf 81' lang='lat' dir='ltr'><strong>Bonn.</strong></span> <span class='ocrx_word' id='word_1_447' title='bbox 1075 2864 1082 2887; x_wconf 73' lang='grc' dir='ltr'>ι</span> <span class='ocrx_word' id='word_1_448' title='bbox 1101 2849 1162 2887; x_wconf 67' lang='lat' dir='ltr'><strong>&#39;liv</strong></span> <span class='ocrx_word' id='word_1_449' title='bbox 1177 2850 1306 2900; x_wconf 77' lang='grc' dir='ltr'>ταύτῃ,</span> <span class='ocrx_word' id='word_1_450' title='bbox 1329 2849 1520 2899; x_wconf 45' lang='lat' dir='ltr'><strong>ineptius?</strong></span> 
     </span>
    </p>
   </div>
   <div class='ocr_carea' id='block_1_3' title="bbox 1314 2923 1356 2974">
    <p class='ocr_par' dir='ltr' id='par_1_5' title="bbox 1314 2923 1356 2974">
     <span class='ocr_line' id='line_1_43' title="bbox 1314 2923 1356 2974; baseline 0 -9"><span class='ocrx_word' id='word_1_451' title='bbox 1314 2923 1356 2974; x_wconf 79' lang='grc'><strong>4.</strong></span> 
     </span>
    </p>
   </div>
  </div>
 </body>
</html>
