1686 3500
195 131 288 175 49ss
391 143 394 146 ’
577 129 653 172 ΑΙ)
687 127 1033 173 SlBYLLlNOS
1066 126 1276 173 LIBROS

193 227 369 268 amicitias
383 228 652 266 commercium
664 255 676 274 ‚
700 226 790 265 inde
808 228 994 280 suspicari
1020 227 1128 273 licet,
1147 226 1252 277 quod
1280 234 1367 278 post
1381 225 1460 277 ejus
1473 237 1657 279 mortem,

192 302 289 331 teste
307 292 505 340 Suetonio,
527 295 546 338 S
573 292 636 339 57,
667 308 683 326 ι
700 291 910 343 vologesus
928 291 1159 332 Parthorum
1177 304 1244 328 rex
1265 291 1385 329 missis
1405 291 1452 329 ad
1473 293 1655 333 Senatum

190 376 208 392 ι
227 356 357 408 legatis
379 356 428 396 de
445 355 693 395 instauranda
715 356 908 404 societate,
929 357 1002 394 hoc
1024 356 1137 394 etiam
1160 369 1298 406 magno
1322 368 1440 407 opere
1456 358 1596 407 oravit,
1618 370 1658 398 ut

191 439 206 456 ι
224 421 386 461 Neronis
418 421 601 460 memoria
633 421 835 460 coleretur.
852 439 867 456 ι
899 425 1126 471 Quanquam
1161 419 1345 458 libentius
1382 422 1590 470 credimus,
1619 424 1658 463 id

188 486 291 539 quod
305 485 451 536 jamdiu
466 485 590 524 doctis
605 485 727 524 visum
745 495 824 535 est,
844 499 890 524 ex
907 486 1097 524 industria
1114 485 1276 524 Parthos
1296 498 1414 537 reges,
1434 486 1659 527 dividendo-

190 565 274 589 rum
294 550 462 589 hostium
479 563 609 598 causa,
630 550 768 589 fovisse
788 559 826 589 et
847 550 983 589 aluisse
1004 549 1105 587 hunc
1121 562 1312 599 errorem,
1329 564 1445 601 quum
1467 564 1657 603 nusquam

190 616 515 669 pseudo-Neronis
535 615 698 668 alicujus
718 616 860 654 mentio
878 616 958 663 fiat,
982 615 1077 666 quin
1101 624 1137 653 et
1156 614 1203 653 de
1217 616 1370 654 Parthis
1386 616 1658 667 adjuvantibus

187 693 338 733 agatur,
357 681 480 720 Tacit.
499 681 656 719 Sueton.
672 690 711 718 et
735 681 871 719 Zonar.
891 679 984 717 locis
1004 680 1071 718 cit.

242 746 384 797 Vulgus
401 758 555 797 quoque
580 745 882 784 Christianorum
903 744 1006 782 illam
1029 743 1217 793 fabulam,
1238 753 1282 783 ut
1307 754 1396 796 pote
1415 747 1559 797 aliquid
1587 748 1659 787 ha-

190 811 341 850 bentem
363 811 401 848 in
423 823 462 848 se
490 810 683 860 mysterii,
703 808 804 846 haud
825 808 989 846 invitum
1009 810 1223 860 accepisse,
1247 818 1385 861 sponte
1407 811 1532 860 quivis
1556 811 1658 851 divi-

189 883 318 923 naret,
346 873 417 912 nisi
442 882 497 911 tot
519 871 633 923 hujus
648 873 701 910 rei
726 871 913 922 Sibyllina
938 872 1152 911 testimonia
1177 882 1431 925 superessent.
1453 875 1526 913 Sed
1543 886 1658 916 restat

187 941 305 979 altera
326 952 412 991 pars
430 938 673 989 quaestionis:
696 936 796 974 unde
816 937 880 975 illa
898 938 1062 977 Neronis
1089 939 1298 989 exspectati
1317 953 1403 976 cum
1422 940 1657 980 Antichristo

182 1005 382 1045 confusio?
400 1003 443 1042 ld
460 1016 538 1054 quo
563 1002 708 1040 facilius
724 1002 995 1054 intelligamus,
1019 1003 1293 1041 recurrendum
1316 1013 1373 1042 est
1392 1004 1438 1042 ad
1466 1006 1575 1044 Pauli
1596 1006 1658 1044 lo-

186 1086 272 1110 cum
291 1084 407 1122 supra
427 1070 583 1108 citatum
613 1081 660 1106 ex
678 1068 791 1120 epist.
826 1069 856 1107 ll
883 1068 931 1107 ad
962 1069 1132 1107 Thessal.
1156 1083 1245 1120 cap.
1277 1082 1313 1117 α,
1342 1069 1390 1108 de
1418 1072 1657 1111 Antichristo

185 1145 274 1175 ante
290 1134 477 1188 judicium
493 1142 670 1181 venturo,
691 1141 727 1170 et
742 1146 828 1184 quae
847 1133 898 1171 ibi
917 1133 1028 1172 nobis
1045 1133 1265 1173 volentibus
1283 1134 1420 1173 omissa
1438 1145 1538 1187 sunt,
1553 1137 1660 1175 resti-

185 1200 323 1240 tuenda
344 1214 384 1240 :a
402 1200 484 1239 Non
513 1198 706 1244 retinetis,
728 1198 870 1249 inquit,
892 1212 926 1236 v.
951 1198 987 1247 5,
1012 1212 1118 1250 sqq.,
1147 1199 1252 1250 quod
1284 1213 1369 1237 eum
1390 1200 1516 1239 adhuc
1536 1214 1656 1240 essem

183 1285 200 1301 a
216 1265 318 1317 apud
354 1277 441 1313 vos,
475 1262 554 1300 haec
586 1261 759 1299 dicebam
791 1262 925 1300 vobis?
958 1264 1005 1302 Et
1042 1277 1144 1301 nunc
1170 1263 1264 1315 quid
1296 1264 1493 1313 detineat,
1525 1267 1651 1317 scitis,

182 1349 198 1365 ι
214 1340 252 1369 ut
272 1328 461 1368 reveletur
487 1327 526 1365 in
546 1340 616 1365 suo
636 1335 819 1378 tempore.
839 1328 934 1366 Nam
954 1328 1175 1377 mysterium
1194 1327 1274 1378 jam
1303 1337 1487 1380 operatur
1511 1329 1656 1381 iniqui-

181 1413 197 1430 «
215 1394 300 1433 tatis
320 1409 328 1433 :
347 1400 493 1431 tantum
522 1399 562 1429 ut
581 1391 648 1442 qui
669 1399 771 1429 tenet
790 1405 914 1438 nunc,
944 1400 1089 1438 teneat,
1120 1392 1243 1431 donec
1262 1392 1311 1431 de
1330 1394 1456 1432 medio
1479 1395 1564 1443 fiat,
1582 1414 1597 1430 υ
1615 1396 1655 1434 id

180 1468 252 1508 est,
272 1467 312 1497 ut
325 1457 495 1510 plerique
510 1464 610 1494 recte
626 1456 868 1507 interpretati
884 1465 973 1495 sunt
988 1471 996 1495 :
1010 1457 1096 1496 Jam
1113 1458 1216 1496 enim
1235 1466 1385 1510 tempus
1400 1460 1559 1508 accedit,
1578 1475 1656 1512 quo

179 1526 261 1563 sola
279 1523 319 1562 in
341 1521 450 1561 terris
473 1520 692 1559 dominetur
711 1520 908 1572 impietas;
936 1530 1054 1560 tumet
1073 1521 1153 1574 jam
1178 1531 1216 1561 et
1238 1536 1329 1562 mox
1356 1534 1533 1576 erumpet
1557 1525 1654 1563 illud

182 1587 288 1625 ulcus
303 1585 402 1624 inter
422 1584 490 1623 Dei
510 1584 687 1636 mysteria
705 1584 946 1623 reconditum
970 1600 978 1623 ε
1004 1593 1150 1624 tantum
1170 1588 1293 1635 Nero,
1320 1589 1388 1639 qui
1409 1603 1510 1628 nunc
1530 1590 1656 1642 impe-

181 1660 263 1699 rat,
281 1663 439 1703 regnare
455 1649 631 1698 desierit3
647 1664 725 1688 non
740 1650 840 1688 enim
858 1651 965 1702 prius
980 1651 1106 1690 veniet
1123 1652 1397 1696 Antichristus.
1419 1654 1530 1695 Unde
1546 1654 1656 1694 multi

176 1715 410 1769 colligebant
428 1715 556 1755 statim
579 1715 637 1753 vel
661 1715 738 1753 cito
761 1723 847 1767 post
864 1716 1055 1755 Neronem
1079 1726 1309 1769 erupturum
1335 1732 1415 1757 esse
1434 1720 1527 1758 illud
1551 1734 1656 1758 mon-

178 1791 318 1830 strutn;
338 1793 427 1826 nec,
461 1788 502 1817 ut
534 1793 668 1817 verum
690 1779 902 1824 fateamur,
923 1780 1005 1818 sine
1027 1780 1157 1832 aliqua
1178 1781 1258 1820 veri
1277 1784 1416 1834 specie,
1432 1797 1653 1836 quanquam

179 1847 217 1885 id
237 1860 284 1885 ex
303 1846 395 1898 ipsis
415 1844 522 1884 Pauli
540 1843 667 1883 verbis
685 1857 762 1882 non
784 1858 942 1896 prorsus
961 1845 1098 1886 elucet.
1123 1847 1250 1886 Unum
1270 1848 1415 1900 quippe
1436 1849 1579 1888 Paulus
1600 1850 1655 1887 as-

178 1912 314 1959 firmat,
330 1919 533 1948 venturum
548 1919 636 1948 ante
656 1910 786 1948 ultima
803 1909 933 1948 mundi
950 1911 1026 1949 fata
1048 1911 1346 1961 Amic-hristum,
1363 1927 1485 1965 neque
1502 1914 1539 1952 id
1565 1923 1654 1953 ante

177 1976 340 2015 Neronis
357 1975 472 2012 finem
494 1974 606 2013 fore:
629 1974 677 2012 de
700 1983 872 2026 tempore
899 1975 983 2027 ipso
1015 1976 1111 2014 nihil
1141 1977 1297 2026 statuit,
1331 1992 1454 2030 neque
1481 1988 1652 2019 statuere

181 2048 351 2092 poterat,
370 2039 552 2090 quoniam
570 2038 706 2090 judicii
723 2040 887 2077 extremi
910 2040 1008 2078 diem
1030 2041 1156 2092 palam
1182 2041 1220 2079 in
1244 2042 1459 2094 Evangeliis
1478 2045 1652 2083 declara-

179 2115 240 2143 tut·
264 2118 312 2143 ue
334 2104 478 2156 angelis
497 2103 652 2155 quidem
670 2104 879 2143 revelatum
898 2104 1034 2151 fuisse,
1055 2107 1190 2152 Mai-c„
1215 2121 1300 2158 cap.
1328 2110 1388 2153 13,
1410 2122 1445 2145 v.
1467 2109 1514 2146 32
1533 2125 1542 2149 :
1559 2128 1574 2144 u
1595 2111 1652 2148 De

178 2189 194 2204 .-
212 2169 274 2209 die
289 2180 415 2207 autem
435 2168 501 2206 illo
522 2169 582 2208 vel
599 2168 694 2206 hora
716 2183 829 2207 nemo
852 2170 943 2216 scit,
965 2184 1089 2222 neque
1109 2171 1234 2223 angeli
1252 2172 1290 2211 in
1308 2174 1400 2211 caelo
1414 2202 1425 2222 ,
1441 2191 1455 2208 υ
1474 2174 1564 2222 imo,
1583 2175 1652 2213 ad-

175 2235 294 2278 ditur,
316 2232 419 2285 quod
448 2242 573 2271 tamen
597 2242 706 2271 caute
725 2233 1012 2284 accipiendum,
1030 2252 1046 2268 ‹-
1063 2248 1187 2285 neque
1218 2236 1356 2283 Filius,
1389 2238 1460 2276 nisi
1492 2240 1648 2291 Pater,-

178 2299 216 2336 id
233 2307 309 2345 est,
329 2311 377 2335 ne
395 2297 511 2335 Filius
532 2297 687 2348 quidem
709 2298 797 2346 Dei,
826 2298 899 2336 nisi
920 2312 1004 2336 cum
1022 2300 1137 2338 Patre
1157 2308 1193 2337 et
1211 2300 1248 2337 in
1270 2302 1396 2340 Patre.

229 2362 340 2401 Istam
359 2375 449 2400 sane
468 2362 691 2400 Antichristi
713 2364 1038 2414 exspectationem
1067 2374 1154 2415 post
1174 2365 1335 2404 Neronis
1359 2377 1519 2405 mortem
1541 2369 1651 2407 refri-

177 2428 274 2465 xisse
291 2427 445 2465 minime
464 2440 618 2475 remur,
654 2436 731 2465 tum
761 2442 879 2478 quum
902 2429 1118 2480 praecipue,
1140 2429 1230 2467 divo
1251 2431 1372 2469 Paulo
1392 2432 1649 2476 concedente.

178 2490 360 2542 permissa
390 2500 489 2538 erat3
518 2500 632 2542 atque
660 2491 747 2529 ideo
773 2493 954 2544 quisquis,
982 2503 1116 2544 postea
1151 2495 1408 2537 Romanorum
1438 2496 1651 2548 imperator

175 2555 317 2595 Judaeis
332 2548 396 2594 ant
415 2556 644 2594 Christianis
671 2557 831 2595 infestus
852 2558 1019 2605 exstitit,
1045 2573 1121 2597 non
1143 2559 1366 2599 dubitamus
1386 2574 1406 2598 a
1429 2563 1558 2599 multis
1579 2576 1648 2613 pru
1683 2606 1686 2611 ι

174 2620 410 2658 Antichristo
430 2621 601 2659 habitum
631 2621 765 2669 fnisse,
787 2623 837 2660 ita
868 2631 908 2661 nt
931 2623 1202 2675 Vespasianum
1222 2625 1259 2662 in
1282 2626 1417 2676 primis
1443 2635 1480 2664 et
1502 2627 1645 2673 Titum,

175 2685 443 2735 Hierosolymis
460 2686 612 2735 eversis,
630 2685 768 2724 deinde
783 2687 1036 2737 Hadrianum,
1052 2700 1316 2729 consummato
1331 2694 1412 2742 ejus
1428 2691 1531 2730 urbis
1548 2692 1647 2730 exci-

173 2750 252 2797 dio,
272 2762 371 2800 saepe
390 2749 464 2787 isto
482 2751 701 2789 Antichristi
714 2753 897 2799 nomine,
917 2754 1126 2804 praesertim
1145 2755 1248 2806 apud
1263 2756 1499 2795 Christianos
1516 2757 1646 2808 judai-

171 2823 313 2861 mutes,
334 2814 548 2866 designatos
568 2815 681 2855 fuisse
699 2816 909 2855 credamus.
