1752 3495
682 198 987 241 EXCURSUS
1021 192 1059 243 Ι.
1549 200 1606 243 57

197 309 290 353 Quae
307 304 395 342 licet
413 298 541 338 onmia
562 296 846 348 praetermiserit
865 296 1040 334 consulto
1072 309 1174 343 sane,
1193 306 1230 335 et
1255 297 1430 348 dignitati
1451 308 1612 347 parcens

145 369 298 420 Sibyllae
322 379 410 413 suae,
427 361 620 412 Virgilius,
638 369 763 398 tamen
787 360 826 398 in
846 359 920 398 hoc
942 367 1028 398 cum
1051 357 1184 413 ceteris
1203 360 1423 400 auctoribus
1444 374 1508 399 seu
1525 373 1614 412 grae-

146 435 198 472 cis
219 446 283 471 seu
302 429 426 469 latinis
450 425 655 471 consentit,
675 425 779 476 quod
809 425 911 463 illam
932 424 1074 475 ubique
1102 424 1295 475 Virginem
1316 435 1438 464 vocat.

170 495 176 503 “
201 500 254 536 De
270 498 382 544 longo
397 492 511 529 etiam
529 489 610 541 ejus
629 490 735 527 senio
751 491 939 528 consentit
963 490 1063 527 idem
1097 502 1183 526 cum
1207 488 1405 535 omnibus,
1432 490 1517 530 AEn.
1536 489 1585 527 Vl
1602 520 1613 536 ,

146 575 184 602 v.
211 563 279 598 321
296 588 306 606 ,
327 557 402 595 628
417 583 427 600 ,
451 563 522 593 etc.
536 585 545 603 ,
564 568 677 606 quam
701 554 772 605 ipsi
793 554 881 592 huic
902 553 1056 604 Sibyllae
1075 552 1246 600 laudem,
1264 554 1294 590 si
1325 561 1446 591 tamen
1472 567 1515 592 ea
1534 554 1614 591 laus

146 634 220 671 est,
240 628 478 661 concesserat
506 619 584 670 jam
617 619 707 656 olim
725 619 947 656 Aristoteles
960 648 970 665 ,
1004 619 1088 656 loco
1126 617 1257 663 citato,
1289 616 1613 669 πολυχρονιωτάτην

145 702 304 732 vocans,
331 699 401 724 nec
420 693 565 728 tamen,
590 684 645 722 uti
664 685 839 731 videtur,
860 684 905 722 ad
926 684 1027 722 illam
1049 684 1096 722 (le
1117 683 1295 734 Apolline
1310 681 1474 720 fabulam
1494 684 1616 735 respi-

146 755 248 793 ciens
262 782 272 799 ,
288 751 352 789 scd
370 749 417 787 ad
437 749 641 800 lirytliraeae
658 748 705 786 de
722 762 761 787 se
778 749 860 800 ipsa
877 748 1134 786 testimonium
1153 748 1306 785 allatum
1324 760 1345 785 a
1364 746 1474 785 nobis
1491 761 1616 799 supra,

145 836 230 874 pag.
248 835 308 869 17.
335 820 427 857 Post
445 818 642 869 Virgilium
673 828 797 856 autem
830 819 1008 856 Cumanae
1034 817 1179 868 sibyllae
1199 826 1273 854 tam
1297 816 1542 868 pertinaciter
1563 818 1617 854 in·

145 886 253 923 liaesit
282 883 345 920 illa
366 883 469 933 longi
489 883 583 920 senii
599 883 716 928 fama,
738 891 779 920 ut
812 896 920 933 paene
940 882 977 919 in
998 881 1246 933 proverbium
1268 880 1404 920 abiisse
1433 880 1616 920 videatur.

146 951 206 991 Sic
223 948 465 999 Propertius,
488 947 557 986 lib.
582 949 615 986 11
629 978 637 994 ,
661 949 754 998 eleg.
772 954 836 993 24,
857 961 892 985 v.
912 948 959 986 33
979 960 988 984 τ

353 1014 402 1050 At
421 1025 480 1050 me
502 1025 578 1049 nou
596 1021 685 1049 aetas
703 1012 868 1050 mutabit
885 1021 963 1049 tota
983 1011 1159 1062 Sibyllae,

146 1078 262 1118 etlib.
280 1078 337 1126 ll,
360 1076 456 1127 eleg.
481 1090 516 1121 α,
534 1090 572 1115 ν.
598 1076 669 1115 15:
699 1106 701 1108 -
818 1071 820 1073 ¹

355 1142 433 1179 Etsi
454 1141 616 1179 Cumaeae
633 1142 768 1179 saecula
788 1141 881 1179 vatis
901 1150 998 1191 agat.

146 1208 207 1246 Sic
222 1206 403 1251 Ovidius,
429 1206 584 1244 Metam.
606 1205 676 1245 lil).
701 1206 802 1253 xlv,
822 1219 856 1243 v.
879 1212 976 1250 104:

358 1271 484 1308 Litora
503 1271 708 1309 Cumarum
729 1270 948 1322 vivacisque
966 1280 1075 1308 antra
1099 1269 1253 1320 Sibyllae

355 1324 494 1374 intrat.
511 1365 520 1373 .
539 1365 548 1374 .
565 1365 593 1383 .‚

147 1409 183 1439 ct
202 1402 300 1440 Fast.
325 1399 389 1438 lib.
407 1401 469 1450 lv,
490 1414 525 1438 v.
546 1401 646 1448 875:

355 1465 531 1503 Carmine
545 1465 686 1503 vivacis
700 1466 828 1503 Venus
845 1474 902 1504 est
919 1465 1096 1503 translata
1113 1465 1278 1516 Sibyllae.

146 1530 208 1568 Sic
228 1529 430 1576 Martialis,
445 1528 514 1568 lib.
531 1529 602 1579 lX,
621 1529 741 1580 epigr.
763 1530 836 1567 30:

358 1592 538 1631 Eubo'icae
557 1593 728 1631 noudum
745 1593 975 1632 numerabas
995 1593 1108 1644 longa
1128 1592 1282 1644 Sibyllae

361 1658 574 1709 Tempora.
591 1686 601 1696 .
619 1687 627 1696 .
646 1686 675 1707 .,

147 1722 376 1773 aliiquealia
401 1723 518 1759 multa
539 1722 774 1773 hujusmodi.

199 1787 274 1826 Sed
291 1787 394 1838 apud
416 1787 627 1838 Virgilium,
655 1787 829 1837 quamvis
856 1788 1048 1837 longaeva,
1069 1783 1146 1824 non
1175 1794 1299 1825 tamen
1320 1785 1525 1825 admodum
1555 1784 1623 1823 de-

147 1852 291 1903 crepita
310 1851 488 1903 'l‘rojanis
507 1852 745 1903 temporibus
764 1851 934 1901 lingitur,
955 1852 1036 1890 AEn.
1065 1851 1136 1898 Vl,
1153 1865 1189 1889 v.
1209 1852 1298 1899 262,
1321 1850 1387 1889 ubi
1413 1859 1486 1888 tam
1513 1850 1622 1888 firmo

149 1916 269 1967 gradu
289 1917 443 1954 heroem
465 1917 571 1954 ducit
588 1931 631 1954 ac
647 1916 833 1968 praecedit
853 1933 861 1955 :

357 1983 524 2020 Tantum
549 1982 680 2028 effata,
700 1983 828 2019 furens
845 1989 954 2018 antro
975 1994 1015 2018 se
1032 1981 1189 2020 immisit
1208 1990 1362 2032 aperto:

362 2046 427 2085 Ille
444 2046 581 2083 ducem
598 2045 702 2082 haud
721 2045 865 2082 timidis
888 2044 1089 2082 vadentem
1105 2045 1281 2095 passibus
1298 2053 1437 2096 aequat.

151 2113 234 2151 Nou
255 2119 296 2149 ut
318 2111 421 2162 apud
440 2111 634 2156 Ovidium,
651 2108 807 2150 Metam.
826 2109 891 2147 lib.
907 2110 990 2155 cit„
1004 2123 1042 2149 v.
1066 2111 1134 2153 143
1157 2124 1164 2147 z

412 2176 672 2225 Tremuloque
692 2174 812 2225 gradu
828 2175 934 2212 venit
947 2187 1044 2225 aegra
1061 2182 1245 2212 senectus.

152 2241 334 2280 Nimirum
354 2240 493 2277 diserte
510 2240 670 2277 Ovidius
693 2240 954 2290 septingentos
974 2252 1094 2276 annos
1116 2239 1168 2276 illi
1191 2238 1349 2279 tribuit:

545 2306 637 2343 Nam
656 2305 733 2352 jam
754 2304 845 2341 mihi
867 2303 1004 2341 saecula
1024 2312 1167 2354 septem

363 2358 600 2414 Acta'videffi

152 2443 189 2472 et.
207 2442 396 2472 trecentos
413 2433 676 2483 superfuturos
699 2432 811 2470 (locet
828 2445 838 2471 t

413 2499 618 2548 Superest,
638 2510 818 2535 numeros
835 2506 876 2535 ut
892 2496 1061 2547 pulveris
1079 2509 1243 2547 aequem,

361 2563 436 2599 Ter
457 2570 609 2598 centum
630 2571 790 2609 messes,
812 2569 1036 2599 tercentum
1059 2569 1179 2598 musta
1204 2560 1349 2601 videre.

205 2628 336 2676 ltaque
363 2626 463 2663 illam
498 2626 536 2662 iu
569 2626 669 2662 mille
697 2639 816 2663 annos
847 2626 1064 2676 producere
1094 2625 1234 2672 voluit,
1252 2639 1338 2676 quae
1362 2625 1441 2664 sere
1460 2625 1541 2676 ipsa
1570 2634 1626 2663 est

152 2690 373 2742 Phlegontis
405 2690 640 2740 computatio
660 2690 707 2727 de
730 2690 906 2740 Sibyllae,
938 2703 1014 2727 non
1041 2689 1217 2728 Cumanae
1241 2690 1416 2742 quidem,
1441 2690 1507 2729 sed
1527 2689 1627 2741 Ery-

156 2756 280 2794 thraeae
305 2755 404 2802 vita,
425 2755 508 2791 loco
522 2754 599 2804 Jam
625 2755 706 2801 cit„
735 2754 783 2792 de
807 2754 1030 2805 Longaevis‚
1061 2768 1144 2805 cap.
1167 2760 1187 2799 l,
1210 2770 1218 2792 ε
1240 2753 1411 2794 Ἐῧίωσεν
1429 2754 1489 2802 ἔτη
1511 2752 1623 2805 ὀλίγον

155 2820 275 2858 δέοντα
294 2823 362 2859 τῶν
380 2818 521 2872 χιλίων,
551 2820 672 2857 allatis
698 2819 837 2858 deinde
867 2821 984 2871 ipsius
1013 2819 1167 2870 Sibylla:
1197 2819 1347 2859 verbis:

365 2884 426 2923 'liv
445 2884 569 2936 δεκάτῃ
589 2890 688 2937 γενεᾷ
703 2884 854 2936 χαλεπὸν
873 2884 961 2922 κατὰ
984 2887 1092 2936 γῆρας
1112 2885 1252 2936 ἔχουσα.
