<?xml version="1.0" encoding="UTF-8"?>
<!DOCTYPE html PUBLIC "-//W3C//DTD XHTML 1.0 Transitional//EN"
    "http://www.w3.org/TR/xhtml1/DTD/xhtml1-transitional.dtd">
<html xmlns="http://www.w3.org/1999/xhtml" xml:lang="en" lang="en">
 <head>
  <title>
</title>
<meta http-equiv="Content-Type" content="text/html;charset=utf-8" />
  <meta name='ocr-system' content='tesseract 3.04.00' />
  <meta name='ocr-capabilities' content='ocr_page ocr_carea ocr_par ocr_line ocrx_word'/>
</head>
<body>
  <div class='ocr_page' id='page_1' title='image "./excursusadsibyll00alexuoft_0534.png"; bbox 0 0 1686 3500; ppageno 0'>
   <div class='ocr_carea' id='block_1_1' title="bbox 636 159 1589 217">
    <p class='ocr_par' dir='ltr' id='par_1_1' title="bbox 636 159 1589 217">
     <span class='ocr_line' id='line_1_1' title="bbox 636 159 1589 217; baseline 0.004 -14"><span class='ocrx_word' id='word_1_1' title='bbox 636 159 950 205; x_wconf 83' lang='lat' dir='ltr'>EXCURSUS</span> <span class='ocrx_word' id='word_1_2' title='bbox 989 161 1065 205; x_wconf 88' lang='lat' dir='ltr'>Vl.</span> <span class='ocrx_word' id='word_1_3' title='bbox 1354 206 1362 217; x_wconf 56' lang='grc'>,</span> <span class='ocrx_word' id='word_1_4' title='bbox 1496 163 1589 207; x_wconf 79' lang='grc'>525</span> 
     </span>
    </p>
   </div>
   <div class='ocr_carea' id='block_1_2' title="bbox 107 253 1590 2710">
    <p class='ocr_par' dir='ltr' id='par_1_2' title="bbox 117 253 1514 375">
     <span class='ocr_line' id='line_1_2' title="bbox 117 253 1514 311; baseline 0.005 -20"><span class='ocrx_word' id='word_1_5' title='bbox 117 253 228 302; x_wconf 84' lang='lat' dir='ltr'>Quod</span> <span class='ocrx_word' id='word_1_6' title='bbox 247 254 370 306; x_wconf 86' lang='lat' dir='ltr'>ipsum</span> <span class='ocrx_word' id='word_1_7' title='bbox 386 254 544 294; x_wconf 76' lang='lat' dir='ltr'>Judaeus</span> <span class='ocrx_word' id='word_1_8' title='bbox 563 268 719 308; x_wconf 89' lang='lat' dir='ltr'>quoque</span> <span class='ocrx_word' id='word_1_9' title='bbox 734 255 930 308; x_wconf 85' lang='lat' dir='ltr'>Sibyllista</span> <span class='ocrx_word' id='word_1_10' title='bbox 947 257 1159 311; x_wconf 75' lang='lat' dir='ltr'>cecinerat,</span> <span class='ocrx_word' id='word_1_11' title='bbox 1177 257 1243 297; x_wconf 82' lang='lat' dir='ltr'>lib.</span> <span class='ocrx_word' id='word_1_12' title='bbox 1260 258 1337 308; x_wconf 78' lang='grc' dir='ltr'><strong>ΙΙΙ,</strong></span> <span class='ocrx_word' id='word_1_13' title='bbox 1355 271 1392 300; x_wconf 85' lang='grc' dir='ltr'>ν.</span> <span class='ocrx_word' id='word_1_14' title='bbox 1413 259 1484 298; x_wconf 84' lang='grc' dir='ltr'>68ι</span> <span class='ocrx_word' id='word_1_15' title='bbox 1505 275 1514 299; x_wconf 73' lang='lat'>2</span> 
     </span>
     <span class='ocr_line' id='line_1_3' title="bbox 430 316 1181 375; baseline 0.003 -17"><span class='ocrx_word' id='word_1_16' title='bbox 430 319 584 358; x_wconf 85' lang='grc' dir='ltr'>Κυάνεόν</span> <span class='ocrx_word' id='word_1_17' title='bbox 603 319 634 359; x_wconf 83' lang='grc' dir='ltr'>τ’</span> <span class='ocrx_word' id='word_1_18' title='bbox 661 316 811 372; x_wconf 77' lang='grc' dir='ltr'>Ἔρεὸος</span> <span class='ocrx_word' id='word_1_19' title='bbox 829 321 998 360; x_wconf 81' lang='grc' dir='ltr'>πάντεσσι</span> <span class='ocrx_word' id='word_1_20' title='bbox 1011 327 1181 375; x_wconf 78' lang='grc' dir='ltr'>φανεῖται.</span> 
     </span>
    </p>

    <p class='ocr_par' dir='ltr' id='par_1_3' title="bbox 109 380 1590 1148">
     <span class='ocr_line' id='line_1_4' title="bbox 165 380 1589 444; baseline 0.004 -22"><span class='ocrx_word' id='word_1_21' title='bbox 165 380 271 430; x_wconf 80' lang='grc' dir='ltr'>Ἅδην</span> <span class='ocrx_word' id='word_1_22' title='bbox 302 383 417 435; x_wconf 77' lang='lat' dir='ltr'>igitur</span> <span class='ocrx_word' id='word_1_23' title='bbox 446 384 550 422; x_wconf 89' lang='lat' dir='ltr'>illum</span> <span class='ocrx_word' id='word_1_24' title='bbox 578 383 865 435; x_wconf 86' lang='lat' dir='ltr'>Sibyllistarum</span> <span class='ocrx_word' id='word_1_25' title='bbox 889 400 932 424; x_wconf 83' lang='lat' dir='ltr'>ac</span> <span class='ocrx_word' id='word_1_26' title='bbox 952 394 1134 444; x_wconf 26' lang='lat' dir='ltr'>veterum!</span> <span class='ocrx_word' id='word_1_27' title='bbox 1151 387 1307 426; x_wconf 79' lang='lat' dir='ltr'>Patrum</span> <span class='ocrx_word' id='word_1_28' title='bbox 1332 389 1589 441; x_wconf 81' lang='lat' dir='ltr'>quorumdam</span> 
     </span>
     <span class='ocr_line' id='line_1_5' title="bbox 116 448 1588 506; baseline 0.005 -20"><span class='ocrx_word' id='word_1_29' title='bbox 116 448 184 486; x_wconf 82' lang='lat' dir='ltr'>tibi</span> <span class='ocrx_word' id='word_1_30' title='bbox 203 449 319 500; x_wconf 81' lang='lat' dir='ltr'>fingas</span> <span class='ocrx_word' id='word_1_31' title='bbox 335 462 488 489; x_wconf 80' lang='lat' dir='ltr'>necesse</span> <span class='ocrx_word' id='word_1_32' title='bbox 504 458 560 487; x_wconf 84' lang='lat' dir='ltr'>est</span> <span class='ocrx_word' id='word_1_33' title='bbox 578 463 653 487; x_wconf 87' lang='lat' dir='ltr'>non</span> <span class='ocrx_word' id='word_1_34' title='bbox 675 450 859 489; x_wconf 73' lang='lat' dir='ltr'>paradiso</span> <span class='ocrx_word' id='word_1_35' title='bbox 879 460 945 489; x_wconf 86' lang='lat' dir='ltr'>aut</span> <span class='ocrx_word' id='word_1_36' title='bbox 965 451 1101 502; x_wconf 81' lang='lat' dir='ltr'>Elysiis</span> <span class='ocrx_word' id='word_1_37' title='bbox 1122 452 1266 503; x_wconf 82' lang='lat' dir='ltr'>campis</span> <span class='ocrx_word' id='word_1_38' title='bbox 1283 454 1459 501; x_wconf 79' lang='lat' dir='ltr'><strong>similem,</strong></span> <span class='ocrx_word' id='word_1_39' title='bbox 1483 455 1588 506; x_wconf 90' lang='lat' dir='ltr'>quod</span> 
     </span>
     <span class='ocr_line' id='line_1_6' title="bbox 114 513 1589 567; baseline 0.004 -16"><span class='ocrx_word' id='word_1_40' title='bbox 114 513 159 552; x_wconf 79' lang='lat' dir='ltr'>ad</span> <span class='ocrx_word' id='word_1_41' title='bbox 175 513 297 565; x_wconf 82' lang='lat' dir='ltr'>justos</span> <span class='ocrx_word' id='word_1_42' title='bbox 327 514 483 559; x_wconf 76' lang='lat' dir='ltr'>attinet3</span> <span class='ocrx_word' id='word_1_43' title='bbox 501 527 598 564; x_wconf 87' lang='lat' dir='ltr'>non,</span> <span class='ocrx_word' id='word_1_44' title='bbox 627 515 731 565; x_wconf 90' lang='lat' dir='ltr'>quod</span> <span class='ocrx_word' id='word_1_45' title='bbox 749 515 796 553; x_wconf 87' lang='lat' dir='ltr'>ad</span> <span class='ocrx_word' id='word_1_46' title='bbox 821 516 978 567; x_wconf 81' lang='lat' dir='ltr'>impios,</span> <span class='ocrx_word' id='word_1_47' title='bbox 1002 516 1161 554; x_wconf 81' lang='lat' dir='ltr'>flammis</span> <span class='ocrx_word' id='word_1_48' title='bbox 1180 515 1332 555; x_wconf 82' lang='lat' dir='ltr'>acribus</span> <span class='ocrx_word' id='word_1_49' title='bbox 1352 518 1589 566; x_wconf 78' lang='lat' dir='ltr'>rutilantem3</span> 
     </span>
     <span class='ocr_line' id='line_1_7' title="bbox 113 578 1588 635; baseline 0.003 -19"><span class='ocrx_word' id='word_1_50' title='bbox 113 579 178 617; x_wconf 74' lang='lat' dir='ltr'>sed</span> <span class='ocrx_word' id='word_1_51' title='bbox 206 578 414 617; x_wconf 81' lang='lat' dir='ltr'>obscurum</span> <span class='ocrx_word' id='word_1_52' title='bbox 443 587 558 630; x_wconf 87' lang='lat' dir='ltr'>atque</span> <span class='ocrx_word' id='word_1_53' title='bbox 587 581 839 628; x_wconf 78' lang='lat' dir='ltr'>taciturnum,</span> <span class='ocrx_word' id='word_1_54' title='bbox 866 581 994 630; x_wconf 86' lang='lat' dir='ltr'>qualia</span> <span class='ocrx_word' id='word_1_55' title='bbox 1021 593 1129 631; x_wconf 83' lang='lat' dir='ltr'>paene</span> <span class='ocrx_word' id='word_1_56' title='bbox 1153 581 1355 633; x_wconf 85' lang='lat' dir='ltr'>descripsit</span> <span class='ocrx_word' id='word_1_57' title='bbox 1380 583 1588 635; x_wconf 80' lang='lat' dir='ltr'>Virgilius,</span> 
     </span>
     <span class='ocr_line' id='line_1_8' title="bbox 111 644 1588 699; baseline 0.003 -18"><span class='ocrx_word' id='word_1_58' title='bbox 111 661 126 677; x_wconf 79' lang='grc' dir='ltr'>«ι</span> <span class='ocrx_word' id='word_1_59' title='bbox 145 644 225 681; x_wconf 85' lang='lat' dir='ltr'>loca</span> <span class='ocrx_word' id='word_1_60' title='bbox 246 653 350 682; x_wconf 81' lang='lat' dir='ltr'>senta</span> <span class='ocrx_word' id='word_1_61' title='bbox 366 646 441 682; x_wconf 91' lang='lat' dir='ltr'>situ</span> <span class='ocrx_word' id='word_1_62' title='bbox 457 652 689 695; x_wconf 83' lang='lat' dir='ltr'>noctemque</span> <span class='ocrx_word' id='word_1_63' title='bbox 704 644 933 696; x_wconf 82' lang='lat' dir='ltr'>profundam</span> <span class='ocrx_word' id='word_1_64' title='bbox 954 662 969 678; x_wconf 81' lang='grc' dir='ltr'>ν</span> <span class='ocrx_word' id='word_1_65' title='bbox 984 672 994 691; x_wconf 85' lang='grc'>,</span> <span class='ocrx_word' id='word_1_66' title='bbox 1016 645 1075 682; x_wconf 79' lang='lat' dir='ltr'>vel</span> <span class='ocrx_word' id='word_1_67' title='bbox 1095 645 1207 695; x_wconf 83' lang='lat' dir='ltr'>quale</span> <span class='ocrx_word' id='word_1_68' title='bbox 1226 654 1377 683; x_wconf 87' lang='lat' dir='ltr'>sanctus</span> <span class='ocrx_word' id='word_1_69' title='bbox 1397 647 1588 699; x_wconf 83' lang='lat' dir='ltr'>propheta</span> 
     </span>
     <span class='ocr_line' id='line_1_9' title="bbox 110 706 1588 760; baseline 0.002 -16"><span class='ocrx_word' id='word_1_70' title='bbox 110 707 226 745; x_wconf 78' lang='lat' dir='ltr'>isaias</span> <span class='ocrx_word' id='word_1_71' title='bbox 255 720 434 758; x_wconf 79' lang='lat' dir='ltr'>magnum</span> <span class='ocrx_word' id='word_1_72' title='bbox 465 706 557 744; x_wconf 89' lang='lat' dir='ltr'>illud</span> <span class='ocrx_word' id='word_1_73' title='bbox 588 718 748 746; x_wconf 82' lang='lat' dir='ltr'>mortuae</span> <span class='ocrx_word' id='word_1_74' title='bbox 778 707 898 758; x_wconf 75' lang='lat' dir='ltr'>gentis</span> <span class='ocrx_word' id='word_1_75' title='bbox 933 708 1202 758; x_wconf 80' lang='lat' dir='ltr'>repositorium</span> <span class='ocrx_word' id='word_1_76' title='bbox 1215 738 1225 753; x_wconf 79' lang='lat'>,</span> <span class='ocrx_word' id='word_1_77' title='bbox 1252 721 1335 760; x_wconf 84' lang='lat' dir='ltr'>cap.</span> <span class='ocrx_word' id='word_1_78' title='bbox 1378 715 1436 756; x_wconf 71' lang='lat'>14,</span> <span class='ocrx_word' id='word_1_79' title='bbox 1482 723 1516 748; x_wconf 89' lang='lat' dir='ltr'>v.</span> <span class='ocrx_word' id='word_1_80' title='bbox 1550 725 1588 760; x_wconf 84' lang='lat'>9,</span> 
     </span>
     <span class='ocr_line' id='line_1_10' title="bbox 111 772 1589 822; baseline 0.003 -14"><span class='ocrx_word' id='word_1_81' title='bbox 111 784 193 821; x_wconf 89' lang='lat' dir='ltr'>sqq.</span> <span class='ocrx_word' id='word_1_82' title='bbox 211 786 219 808; x_wconf 92' lang='lat'><strong>:</strong></span> <span class='ocrx_word' id='word_1_83' title='bbox 236 789 250 805; x_wconf 71' lang='lat' dir='ltr'>a</span> <span class='ocrx_word' id='word_1_84' title='bbox 270 772 464 822; x_wconf 76' lang='lat' dir='ltr'>infernus,</span> <span class='ocrx_word' id='word_1_85' title='bbox 483 772 620 822; x_wconf 87' lang='lat' dir='ltr'>inquit,</span> <span class='ocrx_word' id='word_1_86' title='bbox 638 773 770 811; x_wconf 74' lang='lat' dir='ltr'>subter</span> <span class='ocrx_word' id='word_1_87' title='bbox 785 772 1035 810; x_wconf 76' lang='lat' dir='ltr'>conturbatus</span> <span class='ocrx_word' id='word_1_88' title='bbox 1053 781 1107 811; x_wconf 88' lang='lat' dir='ltr'>est</span> <span class='ocrx_word' id='word_1_89' title='bbox 1125 773 1164 811; x_wconf 91' lang='lat' dir='ltr'>in</span> <span class='ocrx_word' id='word_1_90' title='bbox 1182 786 1383 811; x_wconf 79' lang='lat' dir='ltr'>occursum</span> <span class='ocrx_word' id='word_1_91' title='bbox 1404 773 1589 813; x_wconf 84' lang='lat' dir='ltr'>adventus</span> 
     </span>
     <span class='ocr_line' id='line_1_11' title="bbox 111 836 1588 889; baseline 0 -16"><span class='ocrx_word' id='word_1_92' title='bbox 111 853 125 868; x_wconf 76' lang='grc' dir='ltr'>«ι</span> <span class='ocrx_word' id='word_1_93' title='bbox 143 836 218 874; x_wconf 87' lang='lat' dir='ltr'>tui.</span> <span class='ocrx_word' id='word_1_94' title='bbox 236 864 243 872; x_wconf 92' lang='lat'><strong><em>.</em></strong></span> <span class='ocrx_word' id='word_1_95' title='bbox 261 864 271 875; x_wconf 87' lang='grc'><strong>.</strong></span> <span class='ocrx_word' id='word_1_96' title='bbox 307 839 450 875; x_wconf 85' lang='lat' dir='ltr'>Omnes</span> <span class='ocrx_word' id='word_1_97' title='bbox 481 837 672 889; x_wconf 81' lang='lat' dir='ltr'>principes</span> <span class='ocrx_word' id='word_1_98' title='bbox 703 846 814 876; x_wconf 84' lang='lat' dir='ltr'>terrae</span> <span class='ocrx_word' id='word_1_99' title='bbox 843 846 1093 876; x_wconf 68' lang='lat' dir='ltr'>surrexerunt</span> <span class='ocrx_word' id='word_1_100' title='bbox 1122 837 1170 876; x_wconf 90' lang='lat' dir='ltr'>de</span> <span class='ocrx_word' id='word_1_101' title='bbox 1204 837 1307 875; x_wconf 80' lang='lat' dir='ltr'>soliis</span> <span class='ocrx_word' id='word_1_102' title='bbox 1336 838 1437 886; x_wconf 87' lang='lat' dir='ltr'>suis,</span> <span class='ocrx_word' id='word_1_103' title='bbox 1470 847 1544 879; x_wconf 89' lang='lat' dir='ltr'>etc.</span> <span class='ocrx_word' id='word_1_104' title='bbox 1573 857 1588 873; x_wconf 73' lang='grc' dir='ltr'>ι.</span> 
     </span>
     <span class='ocr_line' id='line_1_12' title="bbox 111 900 1586 954; baseline 0.001 -15"><span class='ocrx_word' id='word_1_105' title='bbox 111 900 255 939; x_wconf 81' lang='lat' dir='ltr'><strong>Confer</strong></span> <span class='ocrx_word' id='word_1_106' title='bbox 282 901 444 939; x_wconf 84' lang='lat' dir='ltr'>maxime</span> <span class='ocrx_word' id='word_1_107' title='bbox 464 901 511 940; x_wconf 82' lang='lat' dir='ltr'>de</span> <span class='ocrx_word' id='word_1_108' title='bbox 530 915 574 940; x_wconf 85' lang='lat' dir='ltr'>ea</span> <span class='ocrx_word' id='word_1_109' title='bbox 599 916 639 940; x_wconf 84' lang='lat' dir='ltr'>re</span> <span class='ocrx_word' id='word_1_110' title='bbox 660 903 857 941; x_wconf 85' lang='lat' dir='ltr'>Nicodemi</span> <span class='ocrx_word' id='word_1_111' title='bbox 880 903 1145 953; x_wconf 79' lang='lat' dir='ltr'>apocryphum</span> <span class='ocrx_word' id='word_1_112' title='bbox 1174 903 1412 952; x_wconf 76' lang='lat' dir='ltr'>evangelium</span> <span class='ocrx_word' id='word_1_113' title='bbox 1437 903 1476 941; x_wconf 87' lang='lat' dir='ltr'>iu</span> <span class='ocrx_word' id='word_1_114' title='bbox 1494 916 1586 954; x_wconf 82' lang='lat' dir='ltr'>quo,</span> 
     </span>
     <span class='ocr_line' id='line_1_13' title="bbox 111 964 1590 1018; baseline 0.003 -17"><span class='ocrx_word' id='word_1_115' title='bbox 111 977 194 1015; x_wconf 83' lang='lat' dir='ltr'>cap.</span> <span class='ocrx_word' id='word_1_116' title='bbox 219 966 279 1012; x_wconf 85' lang='lat'>18,</span> <span class='ocrx_word' id='word_1_117' title='bbox 303 964 577 1004; x_wconf 83' lang='lat' dir='ltr'>describuntur</span> <span class='ocrx_word' id='word_1_118' title='bbox 595 967 643 1005; x_wconf 88' lang='lat' dir='ltr'>ad</span> <span class='ocrx_word' id='word_1_119' title='bbox 665 968 745 1005; x_wconf 84' lang='lat' dir='ltr'>veri</span> <span class='ocrx_word' id='word_1_120' title='bbox 771 967 936 1018; x_wconf 87' lang='lat' dir='ltr'>speciem</span> <span class='ocrx_word' id='word_1_121' title='bbox 966 968 1028 1005; x_wconf 88' lang='lat' dir='ltr'>illa</span> <span class='ocrx_word' id='word_1_122' title='bbox 1045 997 1054 1013; x_wconf 91' lang='lat'>,</span> <span class='ocrx_word' id='word_1_123' title='bbox 1074 981 1160 1018; x_wconf 81' lang='lat' dir='ltr'>quae</span> <span class='ocrx_word' id='word_1_124' title='bbox 1181 967 1231 1005; x_wconf 86' lang='lat' dir='ltr'>ibi</span> <span class='ocrx_word' id='word_1_125' title='bbox 1257 976 1460 1017; x_wconf 83' lang='lat' dir='ltr'>vocantur,</span> <span class='ocrx_word' id='word_1_126' title='bbox 1483 976 1590 1006; x_wconf 81' lang='lat' dir='ltr'>tene·-</span> 
     </span>
     <span class='ocr_line' id='line_1_14' title="bbox 109 1028 1589 1083; baseline 0.002 -17"><span class='ocrx_word' id='word_1_127' title='bbox 109 1028 259 1066; x_wconf 83' lang='lat' dir='ltr'>bricosa</span> <span class='ocrx_word' id='word_1_128' title='bbox 284 1029 388 1078; x_wconf 89' lang='lat' dir='ltr'>loca,</span> <span class='ocrx_word' id='word_1_129' title='bbox 409 1029 451 1069; x_wconf 86' lang='grc' dir='ltr'>τὰ</span> <span class='ocrx_word' id='word_1_130' title='bbox 478 1031 638 1069; x_wconf 78' lang='grc' dir='ltr'>σκοτεινὰ</span> <span class='ocrx_word' id='word_1_131' title='bbox 656 1032 783 1070; x_wconf 77' lang='grc' dir='ltr'>ἐκεῖνα.</span> <span class='ocrx_word' id='word_1_132' title='bbox 809 1032 952 1070; x_wconf 85' lang='lat' dir='ltr'>Similis</span> <span class='ocrx_word' id='word_1_133' title='bbox 969 1042 1125 1083; x_wconf 89' lang='lat' dir='ltr'>quoque</span> <span class='ocrx_word' id='word_1_134' title='bbox 1150 1041 1206 1070; x_wconf 88' lang='lat' dir='ltr'>est</span> <span class='ocrx_word' id='word_1_135' title='bbox 1232 1031 1269 1069; x_wconf 91' lang='lat' dir='ltr'>in</span> <span class='ocrx_word' id='word_1_136' title='bbox 1291 1031 1490 1082; x_wconf 76' lang='lat' dir='ltr'>Sibyllinis</span> <span class='ocrx_word' id='word_1_137' title='bbox 1510 1046 1589 1076; x_wconf 78' lang='lat' dir='ltr'>no-</span> 
     </span>
     <span class='ocr_line' id='line_1_15' title="bbox 111 1094 1396 1148; baseline 0.004 -18"><span class='ocrx_word' id='word_1_138' title='bbox 111 1095 213 1142; x_wconf 81' lang='lat' dir='ltr'>stris,</span> <span class='ocrx_word' id='word_1_139' title='bbox 233 1094 303 1133; x_wconf 84' lang='lat' dir='ltr'>lib.</span> <span class='ocrx_word' id='word_1_140' title='bbox 328 1096 437 1145; x_wconf 79' lang='lat' dir='ltr'>vul,</span> <span class='ocrx_word' id='word_1_141' title='bbox 459 1100 477 1143; x_wconf 76' lang='lat' dir='ltr'>S</span> <span class='ocrx_word' id='word_1_142' title='bbox 505 1110 536 1143; x_wconf 87' lang='lat'>1,</span> <span class='ocrx_word' id='word_1_143' title='bbox 558 1097 716 1135; x_wconf 75' lang='lat' dir='ltr'>infernae</span> <span class='ocrx_word' id='word_1_144' title='bbox 735 1097 834 1135; x_wconf 84' lang='lat' dir='ltr'>sedis</span> <span class='ocrx_word' id='word_1_145' title='bbox 853 1097 1088 1147; x_wconf 77' lang='lat' dir='ltr'>descriptio,</span> <span class='ocrx_word' id='word_1_146' title='bbox 1109 1111 1144 1135; x_wconf 88' lang='lat' dir='ltr'>v.</span> <span class='ocrx_word' id='word_1_147' title='bbox 1174 1111 1257 1143; x_wconf 83' lang='lat'><strong>107,</strong></span> <span class='ocrx_word' id='word_1_148' title='bbox 1282 1111 1364 1148; x_wconf 85' lang='lat' dir='ltr'>sqq.</span> <span class='ocrx_word' id='word_1_149' title='bbox 1389 1114 1396 1135; x_wconf 93' lang='lat'>:</span> 
     </span>
    </p>

    <p class='ocr_par' dir='ltr' id='par_1_4' title="bbox 275 1161 1180 1215">
     <span class='ocr_line' id='line_1_16' title="bbox 275 1161 1180 1215; baseline 0.002 -16"><span class='ocrx_word' id='word_1_150' title='bbox 275 1162 388 1200; x_wconf 80' lang='grc' dir='ltr'>Πᾶσιν</span> <span class='ocrx_word' id='word_1_151' title='bbox 407 1165 494 1212; x_wconf 79' lang='grc' dir='ltr'>ὁμοῦ</span> <span class='ocrx_word' id='word_1_152' title='bbox 515 1161 573 1207; x_wconf 78' lang='grc' dir='ltr'>νύξ</span> <span class='ocrx_word' id='word_1_153' title='bbox 597 1164 689 1200; x_wconf 85' lang='grc' dir='ltr'>ἐστιν</span> <span class='ocrx_word' id='word_1_154' title='bbox 707 1161 766 1209; x_wconf 85' lang='grc' dir='ltr'>ἴση</span> <span class='ocrx_word' id='word_1_155' title='bbox 778 1192 788 1209; x_wconf 86' lang='grc'><em>,</em></span> <span class='ocrx_word' id='word_1_156' title='bbox 806 1168 876 1204; x_wconf 80' lang='grc' dir='ltr'>τοῖς</span> <span class='ocrx_word' id='word_1_157' title='bbox 892 1165 1043 1201; x_wconf 71' lang='grc' dir='ltr'>πλοῦτον</span> <span class='ocrx_word' id='word_1_158' title='bbox 1062 1162 1180 1215; x_wconf 79' lang='grc' dir='ltr'>ἔχουσι</span> 
     </span>
    </p>

    <p class='ocr_par' dir='ltr' id='par_1_5' title="bbox 267 1226 1323 1279">
     <span class='ocr_line' id='line_1_17' title="bbox 267 1226 1323 1279; baseline -0.001 -15"><span class='ocrx_word' id='word_1_159' title='bbox 267 1226 340 1264; x_wconf 80' lang='grc' dir='ltr'>Καὶ</span> <span class='ocrx_word' id='word_1_160' title='bbox 358 1231 512 1278; x_wconf 83' lang='grc' dir='ltr'>πτωχοῖς</span> <span class='ocrx_word' id='word_1_161' title='bbox 524 1239 532 1249; x_wconf 90' lang='grc'><em>·</em></span> <span class='ocrx_word' id='word_1_162' title='bbox 547 1227 671 1277; x_wconf 85' lang='grc' dir='ltr'>γυμνοὶ</span> <span class='ocrx_word' id='word_1_163' title='bbox 693 1227 723 1264; x_wconf 82' lang='grc' dir='ltr'>δ’</span> <span class='ocrx_word' id='word_1_164' title='bbox 745 1226 814 1265; x_wconf 85' lang='grc' dir='ltr'>ἀπὸ</span> <span class='ocrx_word' id='word_1_165' title='bbox 826 1230 908 1278; x_wconf 77' lang='grc' dir='ltr'>γ’ἧς,</span> <span class='ocrx_word' id='word_1_166' title='bbox 923 1227 1047 1279; x_wconf 78' lang='grc' dir='ltr'>γυμνοὶ</span> <span class='ocrx_word' id='word_1_167' title='bbox 1067 1228 1174 1266; x_wconf 81' lang='grc' dir='ltr'>πάλιν</span> <span class='ocrx_word' id='word_1_168' title='bbox 1194 1228 1240 1270; x_wconf 78' lang='grc' dir='ltr'>εἰς</span> <span class='ocrx_word' id='word_1_169' title='bbox 1257 1230 1323 1277; x_wconf 79' lang='grc' dir='ltr'>γῆν</span> 
     </span>
    </p>

    <p class='ocr_par' dir='ltr' id='par_1_6' title="bbox 265 1288 1126 1347">
     <span class='ocr_line' id='line_1_18' title="bbox 265 1288 1126 1347; baseline 0.007 -19"><span class='ocrx_word' id='word_1_170' title='bbox 265 1288 448 1347; x_wconf 76' lang='grc' dir='ltr'>ᾍξαντες,</span> <span class='ocrx_word' id='word_1_171' title='bbox 465 1290 610 1343; x_wconf 77' lang='grc' dir='ltr'>λήγουσι</span> <span class='ocrx_word' id='word_1_172' title='bbox 629 1291 704 1344; x_wconf 84' lang='grc' dir='ltr'>βίου</span> <span class='ocrx_word' id='word_1_173' title='bbox 724 1291 849 1345; x_wconf 79' lang='grc' dir='ltr'>χρόνον</span> <span class='ocrx_word' id='word_1_174' title='bbox 871 1292 1126 1337; x_wconf 75' lang='grc' dir='ltr'>ἐκτελέσαντες.</span> 
     </span>
    </p>

    <p class='ocr_par' dir='ltr' id='par_1_7' title="bbox 267 1355 898 1410">
     <span class='ocr_line' id='line_1_19' title="bbox 267 1355 898 1410; baseline 0.008 -17"><span class='ocrx_word' id='word_1_175' title='bbox 267 1355 393 1400; x_wconf 85' lang='grc' dir='ltr'>Οὐδεὶς</span> <span class='ocrx_word' id='word_1_176' title='bbox 406 1356 524 1399; x_wconf 80' lang='grc' dir='ltr'>δοῦλος</span> <span class='ocrx_word' id='word_1_177' title='bbox 540 1358 631 1403; x_wconf 82' lang='grc' dir='ltr'>ἐκεῖ,</span> <span class='ocrx_word' id='word_1_178' title='bbox 650 1358 689 1395; x_wconf 85' lang='grc' dir='ltr'>οὐ</span> <span class='ocrx_word' id='word_1_179' title='bbox 707 1357 842 1410; x_wconf 80' lang='grc' dir='ltr'>κύριος.</span> <span class='ocrx_word' id='word_1_180' title='bbox 861 1386 869 1396; x_wconf 92' lang='grc'><strong>.</strong></span> <span class='ocrx_word' id='word_1_181' title='bbox 888 1387 898 1398; x_wconf 88' lang='grc'><strong>.</strong></span> 
     </span>
    </p>

    <p class='ocr_par' dir='ltr' id='par_1_8' title="bbox 266 1419 974 1473">
     <span class='ocr_line' id='line_1_20' title="bbox 266 1419 974 1473; baseline 0.004 -16"><span class='ocrx_word' id='word_1_182' title='bbox 266 1419 460 1471; x_wconf 80' lang='grc' dir='ltr'>Τόμπανον</span> <span class='ocrx_word' id='word_1_183' title='bbox 475 1422 536 1459; x_wconf 81' lang='grc' dir='ltr'>οὐκ</span> <span class='ocrx_word' id='word_1_184' title='bbox 550 1422 630 1473; x_wconf 76' lang='grc' dir='ltr'>ἠχεῖ</span> <span class='ocrx_word' id='word_1_185' title='bbox 641 1451 651 1469; x_wconf 90' lang='grc'><strong>,</strong></span> <span class='ocrx_word' id='word_1_186' title='bbox 669 1423 706 1460; x_wconf 82' lang='grc' dir='ltr'>οὗ</span> <span class='ocrx_word' id='word_1_187' title='bbox 721 1421 900 1473; x_wconf 70' lang='grc' dir='ltr'>χύμὸαλον</span> <span class='ocrx_word' id='word_1_188' title='bbox 911 1451 920 1461; x_wconf 96' lang='grc'><strong><em>.</em></strong></span> <span class='ocrx_word' id='word_1_189' title='bbox 937 1451 946 1460; x_wconf 88' lang='grc'><strong>.</strong></span> <span class='ocrx_word' id='word_1_190' title='bbox 965 1452 974 1461; x_wconf 92' lang='grc'><strong>.</strong></span> 
     </span>
    </p>

    <p class='ocr_par' dir='ltr' id='par_1_9' title="bbox 266 1485 966 1540">
     <span class='ocr_line' id='line_1_21' title="bbox 266 1485 966 1540; baseline 0.003 -16"><span class='ocrx_word' id='word_1_191' title='bbox 266 1486 342 1524; x_wconf 80' lang='grc' dir='ltr'>Οὐκ</span> <span class='ocrx_word' id='word_1_192' title='bbox 363 1485 449 1539; x_wconf 79' lang='grc' dir='ltr'>ἔρις,</span> <span class='ocrx_word' id='word_1_193' title='bbox 468 1488 530 1525; x_wconf 81' lang='grc' dir='ltr'>οὐκ</span> <span class='ocrx_word' id='word_1_194' title='bbox 546 1486 631 1540; x_wconf 83' lang='grc' dir='ltr'>ὀργὴ</span> <span class='ocrx_word' id='word_1_195' title='bbox 650 1487 914 1532; x_wconf 79' lang='grc' dir='ltr'>πολυποίκιλος.</span> <span class='ocrx_word' id='word_1_196' title='bbox 929 1517 938 1526; x_wconf 93' lang='grc'><strong>.</strong></span> <span class='ocrx_word' id='word_1_197' title='bbox 957 1516 966 1526; x_wconf 88' lang='grc'><strong>.</strong></span> 
     </span>
    </p>

    <p class='ocr_par' dir='ltr' id='par_1_10' title="bbox 274 1551 1164 1595">
     <span class='ocr_line' id='line_1_22' title="bbox 274 1551 1164 1595; baseline 0.001 -7"><span class='ocrx_word' id='word_1_198' title='bbox 274 1580 686 1593; x_wconf 86' lang='grc'><strong>................</strong></span> <span class='ocrx_word' id='word_1_199' title='bbox 700 1552 790 1592; x_wconf 80' lang='grc' dir='ltr'>Ἀλλ’</span> <span class='ocrx_word' id='word_1_200' title='bbox 809 1551 894 1590; x_wconf 83' lang='grc' dir='ltr'>αἰὼν</span> <span class='ocrx_word' id='word_1_201' title='bbox 915 1552 1026 1595; x_wconf 80' lang='grc' dir='ltr'>κοινὸς</span> <span class='ocrx_word' id='word_1_202' title='bbox 1053 1551 1164 1590; x_wconf 87' lang='grc' dir='ltr'>ἅπασι</span> 
     </span>
    </p>

    <p class='ocr_par' dir='ltr' id='par_1_11' title="bbox 107 1616 1588 2254">
     <span class='ocr_line' id='line_1_23' title="bbox 268 1616 1158 1670; baseline 0 -15"><span class='ocrx_word' id='word_1_203' title='bbox 268 1616 507 1670; x_wconf 75' lang='grc' dir='ltr'>Κλειδοφύλαξ</span> <span class='ocrx_word' id='word_1_204' title='bbox 527 1619 664 1670; x_wconf 75' lang='grc' dir='ltr'>εἱρκτῆς</span> <span class='ocrx_word' id='word_1_205' title='bbox 685 1618 840 1669; x_wconf 80' lang='grc' dir='ltr'>μεγάλης</span> <span class='ocrx_word' id='word_1_206' title='bbox 856 1617 912 1655; x_wconf 86' lang='grc' dir='ltr'>ἐπὶ</span> <span class='ocrx_word' id='word_1_207' title='bbox 929 1619 1028 1669; x_wconf 82' lang='grc' dir='ltr'>βῆμα</span> <span class='ocrx_word' id='word_1_208' title='bbox 1042 1618 1158 1657; x_wconf 81' lang='grc' dir='ltr'>Θεοῖο.</span> 
     </span>
     <span class='ocr_line' id='line_1_24' title="bbox 108 1680 1587 1733; baseline 0.003 -14"><span class='ocrx_word' id='word_1_209' title='bbox 108 1680 206 1719; x_wconf 88' lang='lat' dir='ltr'>Nota</span> <span class='ocrx_word' id='word_1_210' title='bbox 225 1680 327 1718; x_wconf 85' lang='lat' dir='ltr'>illam</span> <span class='ocrx_word' id='word_1_211' title='bbox 356 1695 598 1721; x_wconf 88' lang='lat' dir='ltr'>communem</span> <span class='ocrx_word' id='word_1_212' title='bbox 631 1683 811 1721; x_wconf 84' lang='lat' dir='ltr'>omnibus</span> <span class='ocrx_word' id='word_1_213' title='bbox 843 1691 1017 1728; x_wconf 84' lang='lat' dir='ltr'>noctem,</span> <span class='ocrx_word' id='word_1_214' title='bbox 1047 1683 1101 1721; x_wconf 89' lang='lat' dir='ltr'>uti</span> <span class='ocrx_word' id='word_1_215' title='bbox 1125 1695 1240 1733; x_wconf 85' lang='lat' dir='ltr'>supra</span> <span class='ocrx_word' id='word_1_216' title='bbox 1268 1680 1462 1730; x_wconf 81' lang='lat' dir='ltr'>diximus;</span> <span class='ocrx_word' id='word_1_217' title='bbox 1495 1691 1587 1723; x_wconf 77' lang='lat' dir='ltr'>nota</span> 
     </span>
     <span class='ocr_line' id='line_1_25' title="bbox 107 1746 1587 1799; baseline 0.001 -15"><span class='ocrx_word' id='word_1_218' title='bbox 107 1759 348 1784; x_wconf 86' lang='lat' dir='ltr'>communem</span> <span class='ocrx_word' id='word_1_219' title='bbox 375 1746 554 1785; x_wconf 84' lang='lat' dir='ltr'>omnibus</span> <span class='ocrx_word' id='word_1_220' title='bbox 579 1749 904 1798; x_wconf 80' lang='lat' dir='ltr'>exspectationem</span> <span class='ocrx_word' id='word_1_221' title='bbox 927 1747 1086 1799; x_wconf 86' lang='lat' dir='ltr'>judicii,</span> <span class='ocrx_word' id='word_1_222' title='bbox 1110 1747 1155 1784; x_wconf 84' lang='lat' dir='ltr'>ad</span> <span class='ocrx_word' id='word_1_223' title='bbox 1178 1746 1283 1797; x_wconf 89' lang='lat' dir='ltr'>quod</span> <span class='ocrx_word' id='word_1_224' title='bbox 1309 1746 1445 1785; x_wconf 89' lang='lat' dir='ltr'>inclusi</span> <span class='ocrx_word' id='word_1_225' title='bbox 1463 1761 1587 1786; x_wconf 83' lang='lat' dir='ltr'>reser-</span> 
     </span>
     <span class='ocr_line' id='line_1_26' title="bbox 109 1810 1586 1864; baseline 0.002 -15"><span class='ocrx_word' id='word_1_226' title='bbox 109 1820 266 1858; x_wconf 84' lang='lat' dir='ltr'>vantur,</span> <span class='ocrx_word' id='word_1_227' title='bbox 288 1810 343 1850; x_wconf 79' lang='grc' dir='ltr'>ἐπὶ</span> <span class='ocrx_word' id='word_1_228' title='bbox 377 1813 474 1864; x_wconf 79' lang='grc' dir='ltr'>βῆμα</span> <span class='ocrx_word' id='word_1_229' title='bbox 494 1813 692 1852; x_wconf 71' lang='grc' dir='ltr'>Θεοῖο.“Νθ</span> <span class='ocrx_word' id='word_1_230' title='bbox 715 1822 837 1851; x_wconf 81' lang='lat' dir='ltr'>tamen</span> <span class='ocrx_word' id='word_1_231' title='bbox 856 1812 1007 1861; x_wconf 83' lang='lat' dir='ltr'>credas,</span> <span class='ocrx_word' id='word_1_232' title='bbox 1035 1821 1075 1850; x_wconf 91' lang='lat' dir='ltr'>ut</span> <span class='ocrx_word' id='word_1_233' title='bbox 1100 1825 1342 1850; x_wconf 88' lang='lat' dir='ltr'>communem</span> <span class='ocrx_word' id='word_1_234' title='bbox 1363 1812 1514 1862; x_wconf 85' lang='lat' dir='ltr'>sedem,</span> <span class='ocrx_word' id='word_1_235' title='bbox 1533 1812 1586 1852; x_wconf 87' lang='lat' dir='ltr'>ita</span> 
     </span>
     <span class='ocr_line' id='line_1_27' title="bbox 108 1876 1586 1928; baseline 0.002 -16"><span class='ocrx_word' id='word_1_236' title='bbox 108 1889 239 1928; x_wconf 83' lang='lat' dir='ltr'>parem</span> <span class='ocrx_word' id='word_1_237' title='bbox 257 1876 371 1914; x_wconf 77' lang='lat' dir='ltr'>fuisse</span> <span class='ocrx_word' id='word_1_238' title='bbox 385 1876 554 1914; x_wconf 88' lang='lat' dir='ltr'>omnium</span> <span class='ocrx_word' id='word_1_239' title='bbox 575 1877 859 1915; x_wconf 82' lang='lat' dir='ltr'>conditionem:</span> <span class='ocrx_word' id='word_1_240' title='bbox 878 1877 944 1915; x_wconf 89' lang='lat' dir='ltr'>sed</span> <span class='ocrx_word' id='word_1_241' title='bbox 959 1876 1090 1914; x_wconf 85' lang='lat' dir='ltr'>saltem</span> <span class='ocrx_word' id='word_1_242' title='bbox 1110 1876 1204 1914; x_wconf 88' lang='lat' dir='ltr'>illud</span> <span class='ocrx_word' id='word_1_243' title='bbox 1224 1876 1457 1915; x_wconf 80' lang='lat' dir='ltr'>discriminis</span> <span class='ocrx_word' id='word_1_244' title='bbox 1470 1878 1586 1915; x_wconf 87' lang='lat' dir='ltr'>inter-</span> 
     </span>
     <span class='ocr_line' id='line_1_28' title="bbox 109 1940 1588 1993; baseline 0.001 -15"><span class='ocrx_word' id='word_1_245' title='bbox 109 1940 225 1979; x_wconf 86' lang='lat' dir='ltr'>fuisse</span> <span class='ocrx_word' id='word_1_246' title='bbox 240 1955 408 1989; x_wconf 78' lang='lat' dir='ltr'>censeas,</span> <span class='ocrx_word' id='word_1_247' title='bbox 425 1941 530 1992; x_wconf 89' lang='lat' dir='ltr'>quod</span> <span class='ocrx_word' id='word_1_248' title='bbox 545 1941 608 1980; x_wconf 91' lang='lat' dir='ltr'>alii</span> <span class='ocrx_word' id='word_1_249' title='bbox 623 1941 835 1993; x_wconf 86' lang='lat' dir='ltr'>spejudicii</span> <span class='ocrx_word' id='word_1_250' title='bbox 848 1949 1172 1991; x_wconf 81' lang='lat' dir='ltr'>sustentarentur,</span> <span class='ocrx_word' id='word_1_251' title='bbox 1189 1941 1252 1979; x_wconf 82' lang='lat' dir='ltr'>alii</span> <span class='ocrx_word' id='word_1_252' title='bbox 1269 1954 1462 1992; x_wconf 86' lang='lat' dir='ltr'>pcenarum</span> <span class='ocrx_word' id='word_1_253' title='bbox 1479 1950 1588 1980; x_wconf 85' lang='lat' dir='ltr'>aeter—</span> 
     </span>
     <span class='ocr_line' id='line_1_29' title="bbox 109 2006 1587 2059; baseline 0.002 -17"><span class='ocrx_word' id='word_1_254' title='bbox 109 2019 242 2045; x_wconf 82' lang='lat' dir='ltr'>narum</span> <span class='ocrx_word' id='word_1_255' title='bbox 263 2015 363 2045; x_wconf 88' lang='lat' dir='ltr'>metu</span> <span class='ocrx_word' id='word_1_256' title='bbox 386 2007 740 2045; x_wconf 82' lang='lat' dir='ltr'>contremiscerent.</span> <span class='ocrx_word' id='word_1_257' title='bbox 759 2008 855 2056; x_wconf 88' lang='lat' dir='ltr'>Imo,</span> <span class='ocrx_word' id='word_1_258' title='bbox 879 2008 968 2046; x_wconf 88' lang='lat' dir='ltr'>licet</span> <span class='ocrx_word' id='word_1_259' title='bbox 985 2007 1022 2046; x_wconf 92' lang='lat' dir='ltr'>in</span> <span class='ocrx_word' id='word_1_260' title='bbox 1044 2006 1177 2045; x_wconf 86' lang='lat' dir='ltr'>eadem</span> <span class='ocrx_word' id='word_1_261' title='bbox 1204 2006 1371 2059; x_wconf 74' lang='lat' dir='ltr'>regione,</span> <span class='ocrx_word' id='word_1_262' title='bbox 1386 2006 1587 2055; x_wconf 78' lang='lat' dir='ltr'>distinctae,</span> 
     </span>
     <span class='ocr_line' id='line_1_30' title="bbox 109 2071 1588 2129; baseline 0.001 -20"><span class='ocrx_word' id='word_1_263' title='bbox 109 2080 151 2109; x_wconf 88' lang='lat' dir='ltr'>ut</span> <span class='ocrx_word' id='word_1_264' title='bbox 171 2072 350 2119; x_wconf 86' lang='lat' dir='ltr'>diximus,</span> <span class='ocrx_word' id='word_1_265' title='bbox 366 2072 619 2124; x_wconf 63' lang='lat' dir='ltr'>agnoscendae</span> <span class='ocrx_word' id='word_1_266' title='bbox 639 2081 727 2110; x_wconf 87' lang='lat' dir='ltr'>sunt</span> <span class='ocrx_word' id='word_1_267' title='bbox 745 2073 854 2111; x_wconf 81' lang='lat' dir='ltr'>sedes</span> <span class='ocrx_word' id='word_1_268' title='bbox 872 2088 880 2110; x_wconf 73' lang='grc' dir='ltr'>ε</span> <span class='ocrx_word' id='word_1_269' title='bbox 900 2086 984 2111; x_wconf 87' lang='lat' dir='ltr'>nam</span> <span class='ocrx_word' id='word_1_270' title='bbox 1006 2072 1114 2124; x_wconf 89' lang='lat' dir='ltr'>impii</span> <span class='ocrx_word' id='word_1_271' title='bbox 1128 2071 1236 2129; x_wconf 77' lang='grc' dir='ltr'>ᾍδην</span> <span class='ocrx_word' id='word_1_272' title='bbox 1256 2071 1413 2124; x_wconf 85' lang='lat' dir='ltr'>quidem</span> <span class='ocrx_word' id='word_1_273' title='bbox 1431 2086 1516 2110; x_wconf 87' lang='lat' dir='ltr'>cum</span> <span class='ocrx_word' id='word_1_274' title='bbox 1533 2085 1588 2111; x_wconf 84' lang='lat' dir='ltr'>ce·</span> 
     </span>
     <span class='ocr_line' id='line_1_31' title="bbox 110 2135 1585 2196; baseline 0.001 -22"><span class='ocrx_word' id='word_1_275' title='bbox 110 2137 200 2176; x_wconf 83' lang='lat' dir='ltr'>teris</span> <span class='ocrx_word' id='word_1_276' title='bbox 216 2137 389 2176; x_wconf 88' lang='lat' dir='ltr'>habitare</span> <span class='ocrx_word' id='word_1_277' title='bbox 405 2137 600 2184; x_wconf 86' lang='lat' dir='ltr'>dicuntur,</span> <span class='ocrx_word' id='word_1_278' title='bbox 619 2137 683 2176; x_wconf 84' lang='lat' dir='ltr'>sed</span> <span class='ocrx_word' id='word_1_279' title='bbox 700 2138 920 2176; x_wconf 88' lang='lat' dir='ltr'>interiorem</span> <span class='ocrx_word' id='word_1_280' title='bbox 934 2135 1038 2196; x_wconf 82' lang='grc' dir='ltr'>ᾍδου</span> <span class='ocrx_word' id='word_1_281' title='bbox 1055 2146 1204 2189; x_wconf 86' lang='lat' dir='ltr'>partem</span> <span class='ocrx_word' id='word_1_282' title='bbox 1220 2167 1229 2181; x_wconf 83' lang='lat'><strong>.</strong></span> <span class='ocrx_word' id='word_1_283' title='bbox 1248 2151 1362 2188; x_wconf 82' lang='lat' dir='ltr'>quam</span> <span class='ocrx_word' id='word_1_284' title='bbox 1382 2137 1585 2176; x_wconf 83' lang='lat' dir='ltr'>Tartarum</span> 
     </span>
     <span class='ocr_line' id='line_1_32' title="bbox 109 2201 1490 2254; baseline 0 -14"><span class='ocrx_word' id='word_1_285' title='bbox 109 2215 173 2240; x_wconf 84' lang='lat' dir='ltr'>seu</span> <span class='ocrx_word' id='word_1_286' title='bbox 191 2202 417 2240; x_wconf 83' lang='lat' dir='ltr'>Tartareum</span> <span class='ocrx_word' id='word_1_287' title='bbox 439 2215 628 2240; x_wconf 76' lang='lat' dir='ltr'>carcerem</span> <span class='ocrx_word' id='word_1_288' title='bbox 647 2211 785 2241; x_wconf 83' lang='lat' dir='ltr'>vocant</span> <span class='ocrx_word' id='word_1_289' title='bbox 805 2201 1029 2254; x_wconf 83' lang='lat' dir='ltr'>Sibyllistae,</span> <span class='ocrx_word' id='word_1_290' title='bbox 1058 2201 1124 2240; x_wconf 87' lang='lat' dir='ltr'>lib.</span> <span class='ocrx_word' id='word_1_291' title='bbox 1148 2202 1184 2249; x_wconf 89' lang='lat'>1,</span> <span class='ocrx_word' id='word_1_292' title='bbox 1206 2215 1239 2240; x_wconf 85' lang='lat' dir='ltr'>v.</span> <span class='ocrx_word' id='word_1_293' title='bbox 1271 2215 1357 2250; x_wconf 87' lang='lat'>101,</span> <span class='ocrx_word' id='word_1_294' title='bbox 1377 2215 1457 2254; x_wconf 88' lang='lat' dir='ltr'>sqq.</span> <span class='ocrx_word' id='word_1_295' title='bbox 1483 2218 1490 2240; x_wconf 91' lang='lat'>:</span> 
     </span>
    </p>

    <p class='ocr_par' dir='ltr' id='par_1_12' title="bbox 476 2265 1019 2319">
     <span class='ocr_line' id='line_1_33' title="bbox 476 2265 1019 2319; baseline 0 -14"><span class='ocrx_word' id='word_1_296' title='bbox 476 2265 569 2306; x_wconf 77' lang='grc' dir='ltr'>Ὑπὸ</span> <span class='ocrx_word' id='word_1_297' title='bbox 582 2267 780 2319; x_wconf 74' lang='grc' dir='ltr'>Ταρτάρων</span> <span class='ocrx_word' id='word_1_298' title='bbox 801 2266 908 2317; x_wconf 80' lang='grc' dir='ltr'>δόμον</span> <span class='ocrx_word' id='word_1_299' title='bbox 926 2268 1019 2306; x_wconf 78' lang='grc' dir='ltr'>αἰνὸν</span> 
     </span>
    </p>

    <p class='ocr_par' dir='ltr' id='par_1_13' title="bbox 266 2332 1112 2387">
     <span class='ocr_line' id='line_1_34' title="bbox 266 2332 1112 2387; baseline -0.001 -15"><span class='ocrx_word' id='word_1_300' title='bbox 266 2336 415 2385; x_wconf 79' lang='grc' dir='ltr'>Δεσμοῖς</span> <span class='ocrx_word' id='word_1_301' title='bbox 434 2332 616 2387; x_wconf 80' lang='grc' dir='ltr'>ἆρῤήκτοις</span> <span class='ocrx_word' id='word_1_302' title='bbox 633 2332 893 2385; x_wconf 74' lang='grc' dir='ltr'>πεφυλαγμένοι</span> <span class='ocrx_word' id='word_1_303' title='bbox 910 2333 1112 2379; x_wconf 80' lang='grc' dir='ltr'>ἐξαποτῖσαι</span> 
     </span>
    </p>

    <p class='ocr_par' dir='ltr' id='par_1_14' title="bbox 108 2396 1587 2710">
     <span class='ocr_line' id='line_1_35' title="bbox 267 2396 1153 2451; baseline -0.001 -14"><span class='ocrx_word' id='word_1_304' title='bbox 267 2399 330 2441; x_wconf 78' lang='grc' dir='ltr'>Εἰς</span> <span class='ocrx_word' id='word_1_305' title='bbox 350 2396 478 2437; x_wconf 78' lang='grc' dir='ltr'>Γέεναν</span> <span class='ocrx_word' id='word_1_306' title='bbox 495 2398 649 2450; x_wconf 68' lang='grc' dir='ltr'>μαλεροῦ</span> <span class='ocrx_word' id='word_1_307' title='bbox 665 2397 797 2451; x_wconf 69' lang='grc' dir='ltr'>λοίὸρου</span> <span class='ocrx_word' id='word_1_308' title='bbox 815 2397 922 2451; x_wconf 72' lang='grc' dir='ltr'>πυρὸς</span> <span class='ocrx_word' id='word_1_309' title='bbox 935 2398 1131 2448; x_wconf 79' lang='grc' dir='ltr'>ἀκαμάτοιο</span> <span class='ocrx_word' id='word_1_310' title='bbox 1143 2427 1153 2446; x_wconf 93' lang='grc'><em>,</em></span> 
     </span>
     <span class='ocr_line' id='line_1_36' title="bbox 109 2462 1587 2516; baseline 0.001 -16"><span class='ocrx_word' id='word_1_311' title='bbox 109 2477 209 2511; x_wconf 88' lang='lat' dir='ltr'>non,</span> <span class='ocrx_word' id='word_1_312' title='bbox 238 2472 280 2501; x_wconf 90' lang='lat' dir='ltr'>ut</span> <span class='ocrx_word' id='word_1_313' title='bbox 314 2477 383 2502; x_wconf 82' lang='lat' dir='ltr'>nos</span> <span class='ocrx_word' id='word_1_314' title='bbox 410 2463 500 2503; x_wconf 89' lang='lat' dir='ltr'>olim</span> <span class='ocrx_word' id='word_1_315' title='bbox 531 2477 576 2501; x_wconf 85' lang='lat' dir='ltr'>cx</span> <span class='ocrx_word' id='word_1_316' title='bbox 605 2464 835 2503; x_wconf 85' lang='lat' dir='ltr'>Castalionis</span> <span class='ocrx_word' id='word_1_317' title='bbox 861 2463 934 2502; x_wconf 82' lang='lat' dir='ltr'>lide</span> <span class='ocrx_word' id='word_1_318' title='bbox 967 2472 1227 2510; x_wconf 62' lang='lat' dir='ltr'>veneramus,</span> <span class='ocrx_word' id='word_1_319' title='bbox 1248 2462 1427 2502; x_wconf 79' lang='lat' dir='ltr'>ardentes</span> <span class='ocrx_word' id='word_1_320' title='bbox 1442 2462 1521 2516; x_wconf 84' lang='lat' dir='ltr'>jam</span> <span class='ocrx_word' id='word_1_321' title='bbox 1548 2471 1587 2503; x_wconf 89' lang='lat' dir='ltr'>et</span> 
     </span>
     <span class='ocr_line' id='line_1_37' title="bbox 108 2526 1586 2580; baseline 0.001 -16"><span class='ocrx_word' id='word_1_322' title='bbox 108 2527 295 2576; x_wconf 82' lang='lat' dir='ltr'>ambusti,</span> <span class='ocrx_word' id='word_1_323' title='bbox 318 2527 477 2579; x_wconf 86' lang='lat' dir='ltr'>perinde</span> <span class='ocrx_word' id='word_1_324' title='bbox 502 2541 545 2566; x_wconf 88' lang='lat' dir='ltr'>ac</span> <span class='ocrx_word' id='word_1_325' title='bbox 566 2528 596 2566; x_wconf 90' lang='lat' dir='ltr'>si</span> <span class='ocrx_word' id='word_1_326' title='bbox 617 2529 803 2579; x_wconf 74' lang='lat' dir='ltr'>scriptum</span> <span class='ocrx_word' id='word_1_327' title='bbox 828 2528 941 2566; x_wconf 86' lang='lat' dir='ltr'>suerit</span> <span class='ocrx_word' id='word_1_328' title='bbox 963 2528 998 2566; x_wconf 82' lang='grc' dir='ltr'>ἐν</span> <span class='ocrx_word' id='word_1_329' title='bbox 1020 2526 1143 2580; x_wconf 81' lang='grc' dir='ltr'>Γεένῃ,</span> <span class='ocrx_word' id='word_1_330' title='bbox 1165 2528 1231 2566; x_wconf 83' lang='lat' dir='ltr'>sed</span> <span class='ocrx_word' id='word_1_331' title='bbox 1256 2529 1380 2579; x_wconf 77' lang='lat' dir='ltr'>ignem</span> <span class='ocrx_word' id='word_1_332' title='bbox 1400 2528 1506 2566; x_wconf 87' lang='lat' dir='ltr'>illum</span> <span class='ocrx_word' id='word_1_333' title='bbox 1529 2528 1586 2566; x_wconf 83' lang='lat' dir='ltr'>su-</span> 
     </span>
     <span class='ocr_line' id='line_1_38' title="bbox 108 2592 1584 2645; baseline 0.001 -15"><span class='ocrx_word' id='word_1_334' title='bbox 108 2600 236 2630; x_wconf 88' lang='lat' dir='ltr'>turum</span> <span class='ocrx_word' id='word_1_335' title='bbox 254 2602 521 2644; x_wconf 83' lang='lat' dir='ltr'>exspectantes</span> <span class='ocrx_word' id='word_1_336' title='bbox 535 2623 545 2641; x_wconf 94' lang='lat'>,</span> <span class='ocrx_word' id='word_1_337' title='bbox 562 2593 666 2644; x_wconf 88' lang='lat' dir='ltr'>quod</span> <span class='ocrx_word' id='word_1_338' title='bbox 683 2592 779 2632; x_wconf 88' lang='lat' dir='ltr'>etde</span> <span class='ocrx_word' id='word_1_339' title='bbox 799 2593 890 2645; x_wconf 89' lang='lat' dir='ltr'>ipsis</span> <span class='ocrx_word' id='word_1_340' title='bbox 903 2592 1139 2632; x_wconf 82' lang='lat' dir='ltr'>daemonibus</span> <span class='ocrx_word' id='word_1_341' title='bbox 1157 2593 1283 2631; x_wconf 85' lang='lat' dir='ltr'>innuit</span> <span class='ocrx_word' id='word_1_342' title='bbox 1299 2594 1411 2632; x_wconf 88' lang='lat' dir='ltr'>divus</span> <span class='ocrx_word' id='word_1_343' title='bbox 1429 2595 1584 2641; x_wconf 79' lang='lat' dir='ltr'>Petrus,</span> 
     </span>
     <span class='ocr_line' id='line_1_39' title="bbox 108 2656 616 2710; baseline 0.006 -17"><span class='ocrx_word' id='word_1_344' title='bbox 108 2657 282 2696; x_wconf 77' lang='lat' dir='ltr'>citandus</span> <span class='ocrx_word' id='word_1_345' title='bbox 301 2656 422 2707; x_wconf 82' lang='lat' dir='ltr'>infra,</span> <span class='ocrx_word' id='word_1_346' title='bbox 441 2671 528 2710; x_wconf 87' lang='lat' dir='ltr'>cap.</span> <span class='ocrx_word' id='word_1_347' title='bbox 554 2671 616 2708; x_wconf 79' lang='lat'>29.</span> 
     </span>
    </p>
   </div>
  </div>
 </body>
</html>
