<?xml version="1.0" encoding="UTF-8"?>
<!DOCTYPE html PUBLIC "-//W3C//DTD XHTML 1.0 Transitional//EN"
    "http://www.w3.org/TR/xhtml1/DTD/xhtml1-transitional.dtd">
<html xmlns="http://www.w3.org/1999/xhtml" xml:lang="en" lang="en">
 <head>
  <title>
</title>
<meta http-equiv="Content-Type" content="text/html;charset=utf-8" />
  <meta name='ocr-system' content='tesseract 3.04.00' />
  <meta name='ocr-capabilities' content='ocr_page ocr_carea ocr_par ocr_line ocrx_word'/>
</head>
<body>
  <div class='ocr_page' id='page_1' title='image "./excursusadsibyll00alexuoft_0586.png"; bbox 0 0 1686 3500; ppageno 0'>
   <div class='ocr_carea' id='block_1_1' title="bbox 612 106 1534 178">
    <p class='ocr_par' dir='ltr' id='par_1_1' title="bbox 612 106 1534 178">
     <span class='ocr_line' id='line_1_1' title="bbox 612 106 1534 178; baseline -0.003 -25"><span class='ocrx_word' id='word_1_1' title='bbox 612 106 920 153; x_wconf 80' lang='lat' dir='ltr'><strong>EXCURSUS</strong></span> <span class='ocrx_word' id='word_1_2' title='bbox 954 106 1030 151; x_wconf 88' lang='lat' dir='ltr'>Vl.</span> <span class='ocrx_word' id='word_1_3' title='bbox 1338 167 1346 178; x_wconf 70' lang='lat'>.</span> <span class='ocrx_word' id='word_1_4' title='bbox 1443 107 1534 152; x_wconf 81' lang='lat'>577</span> 
     </span>
    </p>
   </div>
   <div class='ocr_carea' id='block_1_2' title="bbox 40 201 1541 2078">
    <p class='ocr_par' dir='ltr' id='par_1_2' title="bbox 63 201 1541 581">
     <span class='ocr_line' id='line_1_2' title="bbox 221 201 1116 259; baseline 0 -15"><span class='ocrx_word' id='word_1_5' title='bbox 221 203 338 258; x_wconf 71' lang='grc' dir='ltr'>Ἷζσσῃ</span> <span class='ocrx_word' id='word_1_6' title='bbox 358 203 388 243; x_wconf 84' lang='grc' dir='ltr'>δ’</span> <span class='ocrx_word' id='word_1_7' title='bbox 405 204 466 244; x_wconf 76' lang='grc' dir='ltr'>οὐκ</span> <span class='ocrx_word' id='word_1_8' title='bbox 485 204 622 259; x_wconf 71' lang='grc' dir='ltr'>ἀγαθῶν</span> <span class='ocrx_word' id='word_1_9' title='bbox 639 203 772 258; x_wconf 70' lang='grc' dir='ltr'>μήτηρ,</span> <span class='ocrx_word' id='word_1_10' title='bbox 792 205 907 257; x_wconf 83' lang='grc' dir='ltr'>θηρῶν</span> <span class='ocrx_word' id='word_1_11' title='bbox 929 203 965 243; x_wconf 80' lang='grc' dir='ltr'>δὲ</span> <span class='ocrx_word' id='word_1_12' title='bbox 979 201 1116 252; x_wconf 78' lang='grc' dir='ltr'><strong>τιθήνη.</strong></span> 
     </span>
     <span class='ocr_line' id='line_1_3' title="bbox 64 268 1538 322; baseline -0.003 -10"><span class='ocrx_word' id='word_1_13' title='bbox 64 271 138 313; x_wconf 88' lang='lat' dir='ltr'>Sed</span> <span class='ocrx_word' id='word_1_14' title='bbox 163 270 242 310; x_wconf 80' lang='lat' dir='ltr'>haec</span> <span class='ocrx_word' id='word_1_15' title='bbox 262 271 422 309; x_wconf 80' lang='lat' dir='ltr'>sortasse</span> <span class='ocrx_word' id='word_1_16' title='bbox 448 270 594 308; x_wconf 82' lang='lat' dir='ltr'>homini</span> <span class='ocrx_word' id='word_1_17' title='bbox 621 271 775 308; x_wconf 79' lang='lat' dir='ltr'>natione</span> <span class='ocrx_word' id='word_1_18' title='bbox 792 270 927 309; x_wconf 75' lang='lat' dir='ltr'>Judaeo</span> <span class='ocrx_word' id='word_1_19' title='bbox 950 268 1220 318; x_wconf 70' lang='lat' dir='ltr'>condonanda,</span> <span class='ocrx_word' id='word_1_20' title='bbox 1244 268 1311 322; x_wconf 84' lang='lat' dir='ltr'>qui</span> <span class='ocrx_word' id='word_1_21' title='bbox 1330 282 1452 322; x_wconf 79' lang='lat' dir='ltr'>nuper</span> <span class='ocrx_word' id='word_1_22' title='bbox 1475 270 1538 308; x_wconf 87' lang='lat' dir='ltr'>ul-</span> 
     </span>
     <span class='ocr_line' id='line_1_4' title="bbox 65 332 1541 388; baseline -0.001 -13"><span class='ocrx_word' id='word_1_23' title='bbox 65 337 175 375; x_wconf 76' lang='lat' dir='ltr'>timas</span> <span class='ocrx_word' id='word_1_24' title='bbox 193 335 325 388; x_wconf 81' lang='lat' dir='ltr'>patriae</span> <span class='ocrx_word' id='word_1_25' title='bbox 352 349 430 374; x_wconf 83' lang='lat' dir='ltr'>snae</span> <span class='ocrx_word' id='word_1_26' title='bbox 460 335 640 386; x_wconf 76' lang='lat' dir='ltr'>reliquias</span> <span class='ocrx_word' id='word_1_27' title='bbox 667 334 716 373; x_wconf 83' lang='lat' dir='ltr'>ab</span> <span class='ocrx_word' id='word_1_28' title='bbox 741 334 934 375; x_wconf 82' lang='lat' dir='ltr'>Hadriano</span> <span class='ocrx_word' id='word_1_29' title='bbox 965 335 1108 373; x_wconf 75' lang='lat' dir='ltr'><strong>deletas</strong></span> <span class='ocrx_word' id='word_1_30' title='bbox 1136 333 1313 386; x_wconf 78' lang='lat' dir='ltr'>ipsasque</span> <span class='ocrx_word' id='word_1_31' title='bbox 1332 332 1440 373; x_wconf 79' lang='lat' dir='ltr'>urbis</span> <span class='ocrx_word' id='word_1_32' title='bbox 1459 335 1541 374; x_wconf 80' lang='lat' dir='ltr'>rui-</span> 
     </span>
     <span class='ocr_line' id='line_1_5' title="bbox 63 391 1541 450; baseline -0.001 -11"><span class='ocrx_word' id='word_1_33' title='bbox 63 391 133 439; x_wconf 13' lang='grc' dir='ltr'>πέσε</span> <span class='ocrx_word' id='word_1_34' title='bbox 151 414 173 439; x_wconf 87' lang='lat' dir='ltr'><strong>e</strong></span> <span class='ocrx_word' id='word_1_35' title='bbox 194 399 449 439; x_wconf 84' lang='lat' dir='ltr'>fundamentis</span> <span class='ocrx_word' id='word_1_36' title='bbox 465 407 609 437; x_wconf 81' lang='lat' dir='ltr'>emotas</span> <span class='ocrx_word' id='word_1_37' title='bbox 629 406 743 450; x_wconf 85' lang='lat' dir='ltr'>atquc</span> <span class='ocrx_word' id='word_1_38' title='bbox 759 397 951 450; x_wconf 78' lang='lat' dir='ltr'>dispersas</span> <span class='ocrx_word' id='word_1_39' title='bbox 968 397 1115 436; x_wconf 77' lang='lat' dir='ltr'>viderat</span> <span class='ocrx_word' id='word_1_40' title='bbox 1135 396 1368 437; x_wconf 70' lang='lat' dir='ltr'>audiet-utve.</span> <span class='ocrx_word' id='word_1_41' title='bbox 1385 397 1486 445; x_wconf 83' lang='lat' dir='ltr'><strong>Quid</strong></span> <span class='ocrx_word' id='word_1_42' title='bbox 1508 398 1541 438; x_wconf 80' lang='lat' dir='ltr'>si</span> 
     </span>
     <span class='ocr_line' id='line_1_6' title="bbox 65 463 1539 516; baseline -0.001 -11"><span class='ocrx_word' id='word_1_43' title='bbox 65 476 301 505; x_wconf 82' lang='lat' dir='ltr'>transeamus</span> <span class='ocrx_word' id='word_1_44' title='bbox 324 465 372 503; x_wconf 88' lang='lat' dir='ltr'>ad</span> <span class='ocrx_word' id='word_1_45' title='bbox 393 465 514 503; x_wconf 79' lang='lat' dir='ltr'><strong>libros</strong></span> <span class='ocrx_word' id='word_1_46' title='bbox 535 464 686 516; x_wconf 76' lang='lat' dir='ltr'><strong>plenius</strong></span> <span class='ocrx_word' id='word_1_47' title='bbox 719 464 969 512; x_wconf 75' lang='lat' dir='ltr'>christianos,</span> <span class='ocrx_word' id='word_1_48' title='bbox 994 473 1035 501; x_wconf 88' lang='lat' dir='ltr'>ut</span> <span class='ocrx_word' id='word_1_49' title='bbox 1062 464 1166 511; x_wconf 76' lang='lat' dir='ltr'>vlu,</span> <span class='ocrx_word' id='word_1_50' title='bbox 1186 463 1209 513; x_wconf 86' lang='lat'>§</span> <span class='ocrx_word' id='word_1_51' title='bbox 1240 476 1271 510; x_wconf 82' lang='grc' dir='ltr'>ι,</span> <span class='ocrx_word' id='word_1_52' title='bbox 1294 463 1333 501; x_wconf 84' lang='lat' dir='ltr'>in</span> <span class='ocrx_word' id='word_1_53' title='bbox 1357 477 1437 515; x_wconf 86' lang='lat' dir='ltr'>quo</span> <span class='ocrx_word' id='word_1_54' title='bbox 1459 463 1539 503; x_wconf 78' lang='lat' dir='ltr'>haec</span> 
     </span>
     <span class='ocr_line' id='line_1_7' title="bbox 63 528 1293 581; baseline -0.003 -11"><span class='ocrx_word' id='word_1_55' title='bbox 63 531 215 581; x_wconf 81' lang='lat' dir='ltr'>insunt,</span> <span class='ocrx_word' id='word_1_56' title='bbox 236 539 274 569; x_wconf 83' lang='lat' dir='ltr'>et</span> <span class='ocrx_word' id='word_1_57' title='bbox 292 530 445 581; x_wconf 83' lang='lat' dir='ltr'>quidem</span> <span class='ocrx_word' id='word_1_58' title='bbox 460 529 589 567; x_wconf 86' lang='lat' dir='ltr'>statim</span> <span class='ocrx_word' id='word_1_59' title='bbox 607 528 656 568; x_wconf 81' lang='lat' dir='ltr'>ab</span> <span class='ocrx_word' id='word_1_60' title='bbox 676 528 837 567; x_wconf 79' lang='lat' dir='ltr'>exordio</span> <span class='ocrx_word' id='word_1_61' title='bbox 857 542 913 566; x_wconf 74' lang='lat' dir='ltr'>can</span> <span class='ocrx_word' id='word_1_62' title='bbox 926 528 1059 576; x_wconf 85' lang='lat' dir='ltr'>minis,</span> <span class='ocrx_word' id='word_1_63' title='bbox 1079 541 1114 565; x_wconf 91' lang='lat' dir='ltr'>v.</span> <span class='ocrx_word' id='word_1_64' title='bbox 1132 541 1170 578; x_wconf 82' lang='lat'>9,</span> <span class='ocrx_word' id='word_1_65' title='bbox 1187 540 1293 579; x_wconf 82' lang='lat' dir='ltr'>sqq.:</span> 
     </span>
    </p>

    <p class='ocr_par' dir='ltr' id='par_1_3' title="bbox 221 593 1185 647">
     <span class='ocr_line' id='line_1_8' title="bbox 221 593 1185 647; baseline -0.003 -14"><span class='ocrx_word' id='word_1_66' title='bbox 221 594 418 647; x_wconf 85' lang='grc' dir='ltr'>Πέμπομαι</span> <span class='ocrx_word' id='word_1_67' title='bbox 436 595 482 637; x_wconf 85' lang='grc' dir='ltr'>εἰς</span> <span class='ocrx_word' id='word_1_68' title='bbox 501 593 647 632; x_wconf 79' lang='grc' dir='ltr'>Ἰταλῶν</span> <span class='ocrx_word' id='word_1_69' title='bbox 668 594 805 640; x_wconf 82' lang='grc' dir='ltr'>κλεινὴν</span> <span class='ocrx_word' id='word_1_70' title='bbox 824 593 1001 645; x_wconf 75' lang='grc' dir='ltr'>βασιλείαν</span> <span class='ocrx_word' id='word_1_71' title='bbox 1022 593 1185 643; x_wconf 79' lang='grc' dir='ltr'>ἄθεσμον.</span> 
     </span>
    </p>

    <p class='ocr_par' dir='ltr' id='par_1_4' title="bbox 218 656 1078 711">
     <span class='ocr_line' id='line_1_9' title="bbox 218 656 1078 711; baseline -0.006 -11"><span class='ocrx_word' id='word_1_72' title='bbox 218 659 408 700; x_wconf 66' lang='grc' dir='ltr'>’Υστᾶτιον</span> <span class='ocrx_word' id='word_1_73' title='bbox 424 664 513 699; x_wconf 82' lang='grc' dir='ltr'>πᾶσι</span> <span class='ocrx_word' id='word_1_74' title='bbox 533 658 634 704; x_wconf 76' lang='grc' dir='ltr'>δείξει</span> <span class='ocrx_word' id='word_1_75' title='bbox 652 657 745 697; x_wconf 77' lang='grc' dir='ltr'>κακὰ</span> <span class='ocrx_word' id='word_1_76' title='bbox 763 656 877 696; x_wconf 78' lang='grc' dir='ltr'>πολλὰ</span> <span class='ocrx_word' id='word_1_77' title='bbox 899 659 1054 711; x_wconf 79' lang='grc' dir='ltr'>βροτοῖσι</span> <span class='ocrx_word' id='word_1_78' title='bbox 1067 688 1078 706; x_wconf 83' lang='lat'><em>,</em></span> 
     </span>
    </p>

    <p class='ocr_par' dir='ltr' id='par_1_5' title="bbox 225 722 1090 778">
     <span class='ocr_line' id='line_1_10' title="bbox 225 722 1090 778; baseline -0.003 -13"><span class='ocrx_word' id='word_1_79' title='bbox 225 723 296 766; x_wconf 74' lang='grc' dir='ltr'>Καὶ</span> <span class='ocrx_word' id='word_1_80' title='bbox 312 723 426 772; x_wconf 73' lang='grc' dir='ltr'>πάσης</span> <span class='ocrx_word' id='word_1_81' title='bbox 444 723 545 776; x_wconf 84' lang='grc' dir='ltr'>γαίης</span> <span class='ocrx_word' id='word_1_82' title='bbox 564 724 696 778; x_wconf 77' lang='grc' dir='ltr'>ἀνδρῶν</span> <span class='ocrx_word' id='word_1_83' title='bbox 716 722 867 777; x_wconf 76' lang='grc' dir='ltr'>μόχθους</span> <span class='ocrx_word' id='word_1_84' title='bbox 883 724 1090 771; x_wconf 79' lang='grc' dir='ltr'>δαπανήσει.</span> 
     </span>
    </p>

    <p class='ocr_par' dir='ltr' id='par_1_6' title="bbox 218 852 1074 909">
     <span class='ocr_line' id='line_1_11' title="bbox 218 852 1074 909; baseline -0.005 -14"><span class='ocrx_word' id='word_1_85' title='bbox 218 853 308 909; x_wconf 64' lang='grc' dir='ltr'>Ὀψὲ</span> <span class='ocrx_word' id='word_1_86' title='bbox 325 855 416 894; x_wconf 80' lang='grc' dir='ltr'>Θεοῦ</span> <span class='ocrx_word' id='word_1_87' title='bbox 436 852 539 905; x_wconf 81' lang='grc' dir='ltr'>μύλοι</span> <span class='ocrx_word' id='word_1_88' title='bbox 555 853 694 893; x_wconf 81' lang='grc' dir='ltr'>ἀλέουσι</span> <span class='ocrx_word' id='word_1_89' title='bbox 711 853 751 893; x_wconf 79' lang='grc' dir='ltr'>τὸ</span> <span class='ocrx_word' id='word_1_90' title='bbox 771 853 897 893; x_wconf 82' lang='grc' dir='ltr'>λεπτὸν</span> <span class='ocrx_word' id='word_1_91' title='bbox 916 853 1074 907; x_wconf 84' lang='grc' dir='ltr'>ἄλευρον·</span> 
     </span>
    </p>

    <p class='ocr_par' dir='ltr' id='par_1_7' title="bbox 63 918 655 1036">
     <span class='ocr_line' id='line_1_12' title="bbox 219 918 655 974; baseline 0 -15"><span class='ocrx_word' id='word_1_92' title='bbox 219 921 297 974; x_wconf 81' lang='grc' dir='ltr'>Πῦρ</span> <span class='ocrx_word' id='word_1_93' title='bbox 313 919 391 958; x_wconf 86' lang='grc' dir='ltr'>τότε</span> <span class='ocrx_word' id='word_1_94' title='bbox 411 918 512 958; x_wconf 84' lang='grc' dir='ltr'>πάντ’</span> <span class='ocrx_word' id='word_1_95' title='bbox 528 919 655 959; x_wconf 49' lang='grc' dir='ltr'>ὀλέσει</span> 
     </span>
     <span class='ocr_line' id='line_1_13' title="bbox 63 984 527 1036; baseline -0.002 -11"><span class='ocrx_word' id='word_1_96' title='bbox 63 986 114 1025; x_wconf 80' lang='lat' dir='ltr'>Et</span> <span class='ocrx_word' id='word_1_97' title='bbox 131 984 230 1024; x_wconf 76' lang='lat' dir='ltr'>infra</span> <span class='ocrx_word' id='word_1_98' title='bbox 245 1014 255 1033; x_wconf 88' lang='lat'><em>,</em></span> <span class='ocrx_word' id='word_1_99' title='bbox 275 998 313 1026; x_wconf 91' lang='lat' dir='ltr'>v.</span> <span class='ocrx_word' id='word_1_100' title='bbox 335 985 397 1033; x_wconf 84' lang='lat'>37,</span> <span class='ocrx_word' id='word_1_101' title='bbox 418 998 499 1036; x_wconf 88' lang='lat' dir='ltr'>sqq.</span> <span class='ocrx_word' id='word_1_102' title='bbox 519 998 527 1024; x_wconf 90' lang='lat'>:</span> 
     </span>
    </p>

    <p class='ocr_par' dir='ltr' id='par_1_8' title="bbox 218 1046 1085 1103">
     <span class='ocr_line' id='line_1_14' title="bbox 218 1046 1085 1103; baseline -0.002 -15"><span class='ocrx_word' id='word_1_103' title='bbox 218 1048 321 1095; x_wconf 83' lang='grc' dir='ltr'>Ἥξει</span> <span class='ocrx_word' id='word_1_104' title='bbox 340 1048 394 1088; x_wconf 87' lang='grc' dir='ltr'>σοι’</span> <span class='ocrx_word' id='word_1_105' title='bbox 411 1048 490 1087; x_wconf 84' lang='grc' dir='ltr'>ποτ’</span> <span class='ocrx_word' id='word_1_106' title='bbox 505 1049 634 1087; x_wconf 77' lang='grc' dir='ltr'>ἄνωθεν</span> <span class='ocrx_word' id='word_1_107' title='bbox 649 1048 724 1096; x_wconf 77' lang='grc' dir='ltr'>ἴση,</span> <span class='ocrx_word' id='word_1_108' title='bbox 743 1046 914 1103; x_wconf 78' lang='grc' dir='ltr'>ὕψαῦχενε</span> <span class='ocrx_word' id='word_1_109' title='bbox 931 1047 1057 1100; x_wconf 83' lang='grc' dir='ltr'>Ῥώμη</span> <span class='ocrx_word' id='word_1_110' title='bbox 1073 1077 1085 1097; x_wconf 88' lang='grc'><em>,</em></span> 
     </span>
    </p>

    <p class='ocr_par' dir='ltr' id='par_1_9' title="bbox 221 1111 1092 1166">
     <span class='ocr_line' id='line_1_15' title="bbox 221 1111 1092 1166; baseline -0.003 -13"><span class='ocrx_word' id='word_1_111' title='bbox 221 1114 392 1166; x_wconf 77' lang='grc' dir='ltr'>Οὐράνιος</span> <span class='ocrx_word' id='word_1_112' title='bbox 404 1111 523 1165; x_wconf 76' lang='grc' dir='ltr'>πληγὴ</span> <span class='ocrx_word' id='word_1_113' title='bbox 536 1142 547 1162; x_wconf 83' lang='grc'><em>,</em></span> <span class='ocrx_word' id='word_1_114' title='bbox 562 1112 620 1150; x_wconf 82' lang='grc' dir='ltr'>καὶ</span> <span class='ocrx_word' id='word_1_115' title='bbox 639 1111 788 1166; x_wconf 66' lang='grc' dir='ltr'>κάμψεις</span> <span class='ocrx_word' id='word_1_116' title='bbox 807 1112 936 1164; x_wconf 68' lang='grc' dir='ltr'>αὐχένα</span> <span class='ocrx_word' id='word_1_117' title='bbox 949 1111 1072 1165; x_wconf 86' lang='grc' dir='ltr'>πρώτη</span> <span class='ocrx_word' id='word_1_118' title='bbox 1082 1142 1092 1160; x_wconf 91' lang='grc'><em>,</em></span> 
     </span>
    </p>

    <p class='ocr_par' dir='ltr' id='par_1_10' title="bbox 223 1175 1100 1232">
     <span class='ocr_line' id='line_1_16' title="bbox 223 1175 1100 1232; baseline -0.003 -15"><span class='ocrx_word' id='word_1_119' title='bbox 223 1176 534 1232; x_wconf 79' lang='grc' dir='ltr'>Κάξεδαφισθήσῃ,</span> <span class='ocrx_word' id='word_1_120' title='bbox 555 1176 614 1216; x_wconf 82' lang='grc' dir='ltr'>καὶ</span> <span class='ocrx_word' id='word_1_121' title='bbox 634 1180 705 1229; x_wconf 75' lang='grc' dir='ltr'>πῦρ</span> <span class='ocrx_word' id='word_1_122' title='bbox 729 1192 768 1216; x_wconf 87' lang='grc' dir='ltr'>σε</span> <span class='ocrx_word' id='word_1_123' title='bbox 787 1176 871 1224; x_wconf 84' lang='grc' dir='ltr'>ὅλην</span> <span class='ocrx_word' id='word_1_124' title='bbox 892 1175 1100 1227; x_wconf 77' lang='grc' dir='ltr'>δαπανήσει,</span> 
     </span>
    </p>

    <p class='ocr_par' dir='ltr' id='par_1_11' title="bbox 221 1241 1159 1296">
     <span class='ocr_line' id='line_1_17' title="bbox 221 1241 1159 1296; baseline -0.002 -14"><span class='ocrx_word' id='word_1_125' title='bbox 221 1242 441 1294; x_wconf 84' lang='grc' dir='ltr'>Κεκλιμένην</span> <span class='ocrx_word' id='word_1_126' title='bbox 458 1241 640 1296; x_wconf 67' lang='grc' dir='ltr'>ἐδάφεσσιν</span> <span class='ocrx_word' id='word_1_127' title='bbox 661 1244 726 1285; x_wconf 79' lang='grc' dir='ltr'>ἑοῖς</span> <span class='ocrx_word' id='word_1_128' title='bbox 737 1271 748 1290; x_wconf 90' lang='grc'><strong><em>,</em></strong></span> <span class='ocrx_word' id='word_1_129' title='bbox 764 1241 824 1280; x_wconf 78' lang='grc' dir='ltr'>καὶ</span> <span class='ocrx_word' id='word_1_130' title='bbox 841 1242 988 1285; x_wconf 79' lang='grc' dir='ltr'>πλοῦτος</span> <span class='ocrx_word' id='word_1_131' title='bbox 1004 1243 1159 1280; x_wconf 88' lang='grc' dir='ltr'>ὀλεῖται·</span> 
     </span>
    </p>

    <p class='ocr_par' dir='ltr' id='par_1_12' title="bbox 222 1305 1117 1359">
     <span class='ocr_line' id='line_1_18' title="bbox 222 1305 1117 1359; baseline -0.001 -12"><span class='ocrx_word' id='word_1_132' title='bbox 222 1308 293 1348; x_wconf 78' lang='grc' dir='ltr'>Καὶ</span> <span class='ocrx_word' id='word_1_133' title='bbox 313 1306 358 1347; x_wconf 81' lang='grc' dir='ltr'>σὰ</span> <span class='ocrx_word' id='word_1_134' title='bbox 372 1307 522 1359; x_wconf 84' lang='grc' dir='ltr'>θέμεθλα</span> <span class='ocrx_word' id='word_1_135' title='bbox 540 1306 639 1346; x_wconf 82' lang='grc' dir='ltr'>λύκοι</span> <span class='ocrx_word' id='word_1_136' title='bbox 659 1306 717 1345; x_wconf 65' lang='grc' dir='ltr'>καὶ</span> <span class='ocrx_word' id='word_1_137' title='bbox 731 1305 907 1350; x_wconf 81' lang='grc' dir='ltr'>ἀλώπεκες</span> <span class='ocrx_word' id='word_1_138' title='bbox 925 1306 1117 1354; x_wconf 75' lang='grc' dir='ltr'>οἰκήσουσι.</span> 
     </span>
    </p>

    <p class='ocr_par' dir='ltr' id='par_1_13' title="bbox 222 1369 1154 1425">
     <span class='ocr_line' id='line_1_19' title="bbox 222 1369 1154 1425; baseline -0.003 -13"><span class='ocrx_word' id='word_1_139' title='bbox 222 1375 296 1413; x_wconf 81' lang='grc' dir='ltr'>Καὶ</span> <span class='ocrx_word' id='word_1_140' title='bbox 312 1371 384 1412; x_wconf 81' lang='grc' dir='ltr'>τότ’</span> <span class='ocrx_word' id='word_1_141' title='bbox 404 1370 467 1425; x_wconf 84' lang='grc' dir='ltr'>ἔσῃ</span> <span class='ocrx_word' id='word_1_142' title='bbox 488 1371 691 1424; x_wconf 80' lang='grc' dir='ltr'>πανέρημος</span> <span class='ocrx_word' id='word_1_143' title='bbox 711 1369 799 1415; x_wconf 81' lang='grc' dir='ltr'>ὅλως</span> <span class='ocrx_word' id='word_1_144' title='bbox 815 1401 826 1423; x_wconf 79' lang='lat'>,</span> <span class='ocrx_word' id='word_1_145' title='bbox 845 1373 891 1415; x_wconf 85' lang='grc' dir='ltr'>ὡς</span> <span class='ocrx_word' id='word_1_146' title='bbox 912 1371 959 1423; x_wconf 87' lang='grc' dir='ltr'>μὴ</span> <span class='ocrx_word' id='word_1_147' title='bbox 979 1375 1154 1424; x_wconf 84' lang='grc' dir='ltr'>γεγονυῖα.</span> 
     </span>
    </p>

    <p class='ocr_par' dir='ltr' id='par_1_14' title="bbox 219 1435 1108 1485">
     <span class='ocr_line' id='line_1_20' title="bbox 219 1435 1108 1485; baseline -0.002 -9"><span class='ocrx_word' id='word_1_148' title='bbox 219 1440 297 1477; x_wconf 68' lang='grc' dir='ltr'>Ποῦ</span> <span class='ocrx_word' id='word_1_149' title='bbox 314 1437 392 1477; x_wconf 82' lang='grc' dir='ltr'>τότε</span> <span class='ocrx_word' id='word_1_150' title='bbox 409 1435 610 1477; x_wconf 81' lang='grc' dir='ltr'>Παλλάδιον</span> <span class='ocrx_word' id='word_1_151' title='bbox 625 1451 635 1485; x_wconf 86' lang='grc'>;</span> <span class='ocrx_word' id='word_1_152' title='bbox 659 1436 757 1480; x_wconf 84' lang='grc' dir='ltr'>ποῖός</span> <span class='ocrx_word' id='word_1_153' title='bbox 773 1452 811 1475; x_wconf 90' lang='grc' dir='ltr'>σε</span> <span class='ocrx_word' id='word_1_154' title='bbox 829 1435 903 1481; x_wconf 78' lang='grc' dir='ltr'>θεὸς</span> <span class='ocrx_word' id='word_1_155' title='bbox 920 1435 1108 1483; x_wconf 80' lang='grc' dir='ltr'>διασώσει,</span> 
     </span>
    </p>

    <p class='ocr_par' dir='ltr' id='par_1_15' title="bbox 61 1500 794 1619">
     <span class='ocr_line' id='line_1_21' title="bbox 220 1500 794 1557; baseline -0.007 -13"><span class='ocrx_word' id='word_1_156' title='bbox 220 1504 382 1557; x_wconf 81' lang='grc' dir='ltr'>Χρυσοῦς</span> <span class='ocrx_word' id='word_1_157' title='bbox 399 1500 422 1549; x_wconf 80' lang='grc' dir='ltr'>ἢ</span> <span class='ocrx_word' id='word_1_158' title='bbox 443 1502 570 1546; x_wconf 85' lang='grc' dir='ltr'>λίθινος</span> <span class='ocrx_word' id='word_1_159' title='bbox 588 1501 610 1549; x_wconf 83' lang='grc' dir='ltr'>ἢ</span> <span class='ocrx_word' id='word_1_160' title='bbox 628 1502 794 1555; x_wconf 78' lang='grc' dir='ltr'>χάλκεος;</span> 
     </span>
     <span class='ocr_line' id='line_1_22' title="bbox 61 1568 511 1619; baseline -0.007 -10"><span class='ocrx_word' id='word_1_161' title='bbox 61 1569 111 1609; x_wconf 82' lang='lat' dir='ltr'>Et</span> <span class='ocrx_word' id='word_1_162' title='bbox 127 1568 249 1613; x_wconf 78' lang='lat' dir='ltr'>infra,</span> <span class='ocrx_word' id='word_1_163' title='bbox 268 1582 302 1606; x_wconf 91' lang='lat' dir='ltr'>v.</span> <span class='ocrx_word' id='word_1_164' title='bbox 318 1569 382 1616; x_wconf 86' lang='lat'>75,</span> <span class='ocrx_word' id='word_1_165' title='bbox 397 1581 480 1619; x_wconf 89' lang='lat' dir='ltr'><strong>sqq.</strong></span> <span class='ocrx_word' id='word_1_166' title='bbox 502 1582 511 1606; x_wconf 89' lang='lat'>:</span> 
     </span>
    </p>

    <p class='ocr_par' dir='ltr' id='par_1_16' title="bbox 40 1626 1198 1684">
     <span class='ocr_line' id='line_1_23' title="bbox 40 1626 1198 1684; baseline -0.003 -13"><span class='ocrx_word' id='word_1_167' title='bbox 40 1629 43 1631; x_wconf 17' lang='grc' dir='ltr'><strong>Α</strong></span> <span class='ocrx_word' id='word_1_168' title='bbox 217 1626 270 1671; x_wconf 62' lang='lat' dir='ltr'>&#39;‘st</span> <span class='ocrx_word' id='word_1_169' title='bbox 289 1631 426 1684; x_wconf 78' lang='grc' dir='ltr'>βασιλὶς</span> <span class='ocrx_word' id='word_1_170' title='bbox 449 1630 653 1684; x_wconf 80' lang='grc' dir='ltr'>μεγάλαυχε</span> <span class='ocrx_word' id='word_1_171' title='bbox 666 1660 677 1680; x_wconf 91' lang='grc'><em>,</em></span> <span class='ocrx_word' id='word_1_172' title='bbox 699 1630 881 1674; x_wconf 80' lang='grc' dir='ltr'>Λατινίδος</span> <span class='ocrx_word' id='word_1_173' title='bbox 899 1629 1017 1683; x_wconf 80' lang='grc' dir='ltr'>ἔκγονε</span> <span class='ocrx_word' id='word_1_174' title='bbox 1030 1628 1198 1683; x_wconf 71' lang='grc' dir='ltr'>Ῥώμης,</span> 
     </span>
    </p>

    <p class='ocr_par' dir='ltr' id='par_1_17' title="bbox 218 1694 1113 1748">
     <span class='ocr_line' id='line_1_24' title="bbox 218 1694 1113 1748; baseline -0.003 -11"><span class='ocrx_word' id='word_1_175' title='bbox 218 1696 348 1738; x_wconf 78' lang='grc' dir='ltr'>Οὐκέτι</span> <span class='ocrx_word' id='word_1_176' title='bbox 364 1712 418 1736; x_wconf 89' lang='grc' dir='ltr'>σοι</span> <span class='ocrx_word' id='word_1_177' title='bbox 434 1699 496 1744; x_wconf 79' lang='grc' dir='ltr'>τῆς</span> <span class='ocrx_word' id='word_1_178' title='bbox 516 1699 579 1743; x_wconf 74' lang='grc' dir='ltr'>σῆς</span> <span class='ocrx_word' id='word_1_179' title='bbox 597 1694 876 1748; x_wconf 83' lang='grc' dir='ltr'>μεγαλαυχενίης</span> <span class='ocrx_word' id='word_1_180' title='bbox 891 1694 990 1740; x_wconf 81' lang='grc' dir='ltr'>κλέος</span> <span class='ocrx_word' id='word_1_181' title='bbox 1004 1694 1113 1734; x_wconf 82' lang='grc' dir='ltr'>ἔσται.</span> 
     </span>
    </p>

    <p class='ocr_par' dir='ltr' id='par_1_18' title="bbox 217 1823 1182 1879">
     <span class='ocr_line' id='line_1_25' title="bbox 217 1823 1182 1879; baseline -0.003 -13"><span class='ocrx_word' id='word_1_182' title='bbox 217 1829 296 1867; x_wconf 74' lang='grc' dir='ltr'>Ποῦ</span> <span class='ocrx_word' id='word_1_183' title='bbox 314 1826 394 1865; x_wconf 85' lang='grc' dir='ltr'>τότε</span> <span class='ocrx_word' id='word_1_184' title='bbox 409 1841 464 1865; x_wconf 90' lang='grc' dir='ltr'>σοι</span> <span class='ocrx_word' id='word_1_185' title='bbox 479 1825 519 1864; x_wconf 82' lang='grc' dir='ltr'>τὸ</span> <span class='ocrx_word' id='word_1_186' title='bbox 532 1825 675 1879; x_wconf 85' lang='grc' dir='ltr'>κράτος;</span> <span class='ocrx_word' id='word_1_187' title='bbox 690 1824 774 1864; x_wconf 83' lang='grc' dir='ltr'>ποία</span> <span class='ocrx_word' id='word_1_188' title='bbox 794 1827 840 1876; x_wconf 75' lang='grc' dir='ltr'>γῆ</span> <span class='ocrx_word' id='word_1_189' title='bbox 857 1824 1045 1878; x_wconf 77' lang='grc' dir='ltr'>σύμμαχος</span> <span class='ocrx_word' id='word_1_190' title='bbox 1063 1823 1182 1875; x_wconf 81' lang='grc' dir='ltr'>ἔσται,</span> 
     </span>
    </p>

    <p class='ocr_par' dir='ltr' id='par_1_19' title="bbox 62 1888 1103 2010">
     <span class='ocr_line' id='line_1_26' title="bbox 216 1888 1103 1944; baseline -0.006 -12"><span class='ocrx_word' id='word_1_191' title='bbox 216 1893 437 1932; x_wconf 83' lang='grc' dir='ltr'>Δουλωθεῖσα</span> <span class='ocrx_word' id='word_1_192' title='bbox 456 1896 543 1936; x_wconf 84' lang='grc' dir='ltr'>τεοῖς</span> <span class='ocrx_word' id='word_1_193' title='bbox 563 1889 902 1944; x_wconf 71' lang='grc' dir='ltr'>ματαιοφροσύνῃσιν</span> <span class='ocrx_word' id='word_1_194' title='bbox 922 1888 1103 1941; x_wconf 82' lang='grc' dir='ltr'>ἀθέσμως;</span> 
     </span>
     <span class='ocr_line' id='line_1_27' title="bbox 62 1958 530 2010; baseline -0.009 -12"><span class='ocrx_word' id='word_1_195' title='bbox 62 1960 109 1999; x_wconf 77' lang='lat' dir='ltr'>Et</span> <span class='ocrx_word' id='word_1_196' title='bbox 129 1958 249 2010; x_wconf 82' lang='lat' dir='ltr'>infra,</span> <span class='ocrx_word' id='word_1_197' title='bbox 269 1971 305 1996; x_wconf 85' lang='lat' dir='ltr'>v.</span> <span class='ocrx_word' id='word_1_198' title='bbox 328 1959 394 2009; x_wconf 84' lang='lat'>95,</span> <span class='ocrx_word' id='word_1_199' title='bbox 413 1970 499 2008; x_wconf 90' lang='lat' dir='ltr'>sqq.</span> <span class='ocrx_word' id='word_1_200' title='bbox 522 1970 530 1994; x_wconf 92' lang='lat'>:</span> 
     </span>
    </p>

    <p class='ocr_par' dir='ltr' id='par_1_20' title="bbox 216 2021 1540 2078">
     <span class='ocr_line' id='line_1_28' title="bbox 216 2021 1540 2078; baseline -0.005 -13"><span class='ocrx_word' id='word_1_201' title='bbox 216 2024 265 2066; x_wconf 79' lang='grc' dir='ltr'>Αἲ</span> <span class='ocrx_word' id='word_1_202' title='bbox 282 2025 321 2064; x_wconf 79' lang='grc' dir='ltr'>αἴ</span> <span class='ocrx_word' id='word_1_203' title='bbox 335 2040 409 2074; x_wconf 84' lang='grc' dir='ltr'>σοι,</span> <span class='ocrx_word' id='word_1_204' title='bbox 433 2023 551 2071; x_wconf 84' lang='grc' dir='ltr'>Ἰταλὴ</span> <span class='ocrx_word' id='word_1_205' title='bbox 567 2022 665 2077; x_wconf 87' lang='grc' dir='ltr'>χώρη</span> <span class='ocrx_word' id='word_1_206' title='bbox 683 2052 694 2072; x_wconf 86' lang='grc'>,</span> <span class='ocrx_word' id='word_1_207' title='bbox 713 2022 803 2075; x_wconf 90' lang='grc' dir='ltr'>μέγα</span> <span class='ocrx_word' id='word_1_208' title='bbox 821 2021 994 2078; x_wconf 75' lang='grc' dir='ltr'>βάρὸαρον</span> <span class='ocrx_word' id='word_1_209' title='bbox 1012 2023 1104 2066; x_wconf 82' lang='grc' dir='ltr'>ἔθνος</span> <span class='ocrx_word' id='word_1_210' title='bbox 1529 2033 1540 2071; x_wconf 65' lang='lat'><em>3</em></span> 
     </span>
    </p>
   </div>
   <div class='ocr_carea' id='block_1_3' title="bbox 60 2281 1173 2793">
    <p class='ocr_par' dir='ltr' id='par_1_21' title="bbox 220 2281 989 2339">
     <span class='ocr_line' id='line_1_29' title="bbox 220 2281 989 2339; baseline -0.007 -14"><span class='ocrx_word' id='word_1_211' title='bbox 220 2284 502 2339; x_wconf 81' lang='grc' dir='ltr'>Ἐξαφανισθήσῃ</span> <span class='ocrx_word' id='word_1_212' title='bbox 515 2314 526 2333; x_wconf 87' lang='grc'><em>,</em></span> <span class='ocrx_word' id='word_1_213' title='bbox 544 2283 603 2322; x_wconf 76' lang='grc' dir='ltr'>καὶ</span> <span class='ocrx_word' id='word_1_214' title='bbox 619 2282 681 2336; x_wconf 75' lang='grc' dir='ltr'>ἔσῃ</span> <span class='ocrx_word' id='word_1_215' title='bbox 699 2282 790 2326; x_wconf 85' lang='grc' dir='ltr'>κόνις</span> <span class='ocrx_word' id='word_1_216' title='bbox 807 2281 989 2321; x_wconf 86' lang='grc' dir='ltr'>αἷώνεσσιν</span> 
     </span>
    </p>

    <p class='ocr_par' dir='ltr' id='par_1_22' title="bbox 219 2346 1127 2403">
     <span class='ocr_line' id='line_1_30' title="bbox 219 2346 1127 2403; baseline -0.004 -12"><span class='ocrx_word' id='word_1_217' title='bbox 219 2349 418 2403; x_wconf 81' lang='grc' dir='ltr'>Αἰθομένη,</span> <span class='ocrx_word' id='word_1_218' title='bbox 438 2350 497 2390; x_wconf 72' lang='grc' dir='ltr'>καὶ</span> <span class='ocrx_word' id='word_1_219' title='bbox 510 2354 577 2393; x_wconf 79' lang='grc' dir='ltr'>πᾶς</span> <span class='ocrx_word' id='word_1_220' title='bbox 592 2351 610 2387; x_wconf 87' lang='grc' dir='ltr'>ὁ</span> <span class='ocrx_word' id='word_1_221' title='bbox 630 2347 768 2401; x_wconf 78' lang='grc' dir='ltr'>βλέπων</span> <span class='ocrx_word' id='word_1_222' title='bbox 787 2347 968 2399; x_wconf 81' lang='grc' dir='ltr'>μυκηθμὸν</span> <span class='ocrx_word' id='word_1_223' title='bbox 986 2346 1127 2387; x_wconf 82' lang='grc' dir='ltr'>ἀκούσει</span> 
     </span>
    </p>

    <p class='ocr_par' dir='ltr' id='par_1_23' title="bbox 219 2412 1173 2468">
     <span class='ocr_line' id='line_1_31' title="bbox 219 2412 1173 2468; baseline -0.003 -13"><span class='ocrx_word' id='word_1_224' title='bbox 219 2415 394 2468; x_wconf 85' lang='grc' dir='ltr'>Πένθιμον</span> <span class='ocrx_word' id='word_1_225' title='bbox 417 2414 451 2461; x_wconf 82' lang='grc' dir='ltr'>ἐξ</span> <span class='ocrx_word' id='word_1_226' title='bbox 470 2414 584 2454; x_wconf 80' lang='grc' dir='ltr'>Ἀΐδαο</span> <span class='ocrx_word' id='word_1_227' title='bbox 606 2415 715 2466; x_wconf 85' lang='grc' dir='ltr'>μέγαν</span> <span class='ocrx_word' id='word_1_228' title='bbox 727 2444 739 2462; x_wconf 88' lang='grc'><strong><em>,</em></strong></span> <span class='ocrx_word' id='word_1_229' title='bbox 757 2413 817 2453; x_wconf 69' lang='grc' dir='ltr'>καὶ</span> <span class='ocrx_word' id='word_1_230' title='bbox 837 2412 988 2466; x_wconf 82' lang='grc' dir='ltr'>βρυγμὸν</span> <span class='ocrx_word' id='word_1_231' title='bbox 1006 2413 1173 2461; x_wconf 77' lang='grc' dir='ltr'>ὀδόντων,</span> 
     </span>
    </p>

    <p class='ocr_par' dir='ltr' id='par_1_24' title="bbox 60 2478 1163 2598">
     <span class='ocr_line' id='line_1_32' title="bbox 217 2478 1163 2531; baseline -0.003 -10"><span class='ocrx_word' id='word_1_232' title='bbox 217 2481 290 2521; x_wconf 77' lang='grc' dir='ltr'>Καὶ</span> <span class='ocrx_word' id='word_1_233' title='bbox 307 2487 381 2525; x_wconf 82' lang='grc' dir='ltr'>ταῖς</span> <span class='ocrx_word' id='word_1_234' title='bbox 401 2486 477 2524; x_wconf 87' lang='grc' dir='ltr'>σαῖς</span> <span class='ocrx_word' id='word_1_235' title='bbox 496 2479 676 2531; x_wconf 80' lang='grc' dir='ltr'>παλάμαις</span> <span class='ocrx_word' id='word_1_236' title='bbox 695 2479 780 2518; x_wconf 82' lang='grc' dir='ltr'>ἄθεα</span> <span class='ocrx_word' id='word_1_237' title='bbox 794 2478 904 2527; x_wconf 79' lang='grc' dir='ltr'>στήθη</span> <span class='ocrx_word' id='word_1_238' title='bbox 923 2481 1163 2531; x_wconf 77' lang='grc' dir='ltr'>παταγοῦσαν.</span> 
     </span>
     <span class='ocr_line' id='line_1_33' title="bbox 60 2546 561 2598; baseline -0.006 -10"><span class='ocrx_word' id='word_1_239' title='bbox 60 2547 110 2588; x_wconf 79' lang='lat' dir='ltr'>Et</span> <span class='ocrx_word' id='word_1_240' title='bbox 128 2546 224 2586; x_wconf 80' lang='lat' dir='ltr'>infra</span> <span class='ocrx_word' id='word_1_241' title='bbox 239 2576 249 2595; x_wconf 92' lang='lat'>,</span> <span class='ocrx_word' id='word_1_242' title='bbox 271 2560 310 2585; x_wconf 90' lang='lat' dir='ltr'>v.</span> <span class='ocrx_word' id='word_1_243' title='bbox 339 2548 425 2594; x_wconf 73' lang='lat'>143,</span> <span class='ocrx_word' id='word_1_244' title='bbox 446 2559 533 2598; x_wconf 85' lang='lat' dir='ltr'>sqq.</span> <span class='ocrx_word' id='word_1_245' title='bbox 552 2560 561 2585; x_wconf 74' lang='grc' dir='ltr'>ε</span> 
     </span>
    </p>

    <p class='ocr_par' dir='ltr' id='par_1_25' title="bbox 216 2607 1038 2664">
     <span class='ocr_line' id='line_1_34' title="bbox 216 2607 1038 2664; baseline -0.006 -13"><span class='ocrx_word' id='word_1_246' title='bbox 216 2608 350 2651; x_wconf 84' lang='grc' dir='ltr'>Ὤλετο</span> <span class='ocrx_word' id='word_1_247' title='bbox 370 2613 431 2658; x_wconf 68' lang='grc' dir='ltr'>τῆς</span> <span class='ocrx_word' id='word_1_248' title='bbox 445 2610 589 2661; x_wconf 84' lang='grc' dir='ltr'>Ῥώμης</span> <span class='ocrx_word' id='word_1_249' title='bbox 610 2608 702 2664; x_wconf 81' lang='grc' dir='ltr'>ἀρχὴ</span> <span class='ocrx_word' id='word_1_250' title='bbox 722 2607 799 2647; x_wconf 86' lang='grc' dir='ltr'>τότε</span> <span class='ocrx_word' id='word_1_251' title='bbox 817 2607 1038 2656; x_wconf 81' lang='grc' dir='ltr'>τηλεθόωσα,</span> 
     </span>
    </p>

    <p class='ocr_par' dir='ltr' id='par_1_26' title="bbox 220 2672 1010 2730">
     <span class='ocr_line' id='line_1_35' title="bbox 220 2672 1010 2730; baseline -0.006 -14"><span class='ocrx_word' id='word_1_252' title='bbox 220 2676 253 2716; x_wconf 82' lang='grc' dir='ltr'>Ἀ</span> <span class='ocrx_word' id='word_1_253' title='bbox 261 2677 366 2730; x_wconf 80' lang='grc' dir='ltr'>ρχαίη</span> <span class='ocrx_word' id='word_1_254' title='bbox 383 2673 549 2715; x_wconf 77' lang='grc' dir='ltr'>πολέεσσι</span> <span class='ocrx_word' id='word_1_255' title='bbox 566 2673 841 2727; x_wconf 80' lang='grc' dir='ltr'>περικτιόνεσσιν</span> <span class='ocrx_word' id='word_1_256' title='bbox 863 2672 1010 2712; x_wconf 85' lang='grc' dir='ltr'>ἄνασσα.</span> 
     </span>
    </p>

    <p class='ocr_par' dir='ltr' id='par_1_27' title="bbox 221 2737 994 2793">
     <span class='ocr_line' id='line_1_36' title="bbox 221 2737 994 2793; baseline -0.005 -11"><span class='ocrx_word' id='word_1_257' title='bbox 221 2740 350 2782; x_wconf 77' lang='grc' dir='ltr'>Οὐκέτι</span> <span class='ocrx_word' id='word_1_258' title='bbox 366 2740 518 2787; x_wconf 82' lang='grc' dir='ltr'>νικήσειε</span> <span class='ocrx_word' id='word_1_259' title='bbox 541 2740 644 2781; x_wconf 83' lang='grc' dir='ltr'>πέδον</span> <span class='ocrx_word' id='word_1_260' title='bbox 661 2739 807 2792; x_wconf 82' lang='grc' dir='ltr'>Ῥώμης</span> <span class='ocrx_word' id='word_1_261' title='bbox 821 2737 994 2793; x_wconf 78' lang='grc' dir='ltr'>ἕριθήλου.</span> 
     </span>
    </p>
   </div>
  </div>
 </body>
</html>
