1752 3495
606 231 910 278 ssxcunsus
945 233 1029 286 111„
1415 230 1529 286 ,159

69 341 180 384 dim—is
199 346 383 376 mensurae
401 340 469 370 aut
494 330 622 370 oneris
646 330 834 381 gravioris
854 337 990 367 essent.
1011 329 1136 379 Atque
1162 327 1272 384 aliter
1300 327 1361 366 vix
1383 328 1533 379 potuis-

71 413 147 447 sent
165 412 297 439 novem
317 395 406 434 libri
424 394 536 433 unius
551 393 702 432 seminae
721 393 867 444 gremio
889 391 1093 431 contineri.

118 471 172 507 De
196 473 355 502 numero
378 468 502 498 tamen
523 458 687 496 vidimus
701 457 781 509 jam
802 471 918 509 supra
938 455 1140 494 dissentire
1165 454 1264 493 inter
1279 468 1318 493 se
1335 464 1534 507 auctores,

71 544 225 586 quorum
241 527 303 566 alii
325 534 400 564 tres
419 538 441 563 e
456 537 610 570 novem,
624 523 688 560 alii
705 536 727 560 e
747 522 868 560 tribus
890 535 1007 560 unum
1029 528 1218 559 servatum
1238 520 1395 558 voluere
1413 534 1422 559 z
1443 534 1534 559 con-

72 600 123 638 ser
145 606 256 645 supra
277 603 362 641 cap.
383 590 425 639 1,
449 602 536 641 pag.
560 588 645 626 152.
667 587 781 626 Prior
796 586 915 638 magis
932 585 1085 639 vulgata
1102 585 1258 636 opinior,
1282 584 1399 622 altera
1418 585 1536 636 magis

71 659 212 702 erudita
226 654 473 704 etexquisita,
492 666 565 704 pro
580 665 656 704 qua
677 660 750 689 stat
765 651 930 696 Plinius,
950 652 997 689 H.
1012 651 1100 688 Nat.
1122 649 1226 699 XIII,
1249 649 1270 699 §
1288 662 1351 695 27,
1372 649 1424 686 ita
1443 650 1538 687 scri-

72 727 156 764 bens
173 736 181 758 :
198 738 213 754 «ι
227 721 331 758 Inter
345 730 477 755 omnes
493 717 672 754 convenit
691 714 874 765 Sibyllam
893 714 940 752 ad
957 713 1210 765 Tarquinium
1229 711 1444 764 Superbum
1465 722 1538 752 tres

72 807 85 823 a
111 786 224 824 libros
247 781 431 828 attulisse,
453 794 499 819 ex
520 779 661 832 quibus
682 779 762 829 igni
781 778 860 816 duo
889 777 1046 816 cremati
1071 776 1120 815 ab
1150 777 1257 828 ipsa,
1292 777 1424 815 tertius
1451 791 1536 816 cum

73 872 86 887 ι
111 847 297 901 Capitolio
319 846 483 885 Sullanis
511 844 762 896 temporibus.
783 862 798 878 υ
819 843 891 883 Sed
919 843 1030 882 liceat
1053 843 1148 881 illud
1176 843 1306 882 saltem
1331 844 1540 895 reprehen-

74 918 153 956 dere
171 911 272 965 quod
295 910 472 962 scripsit:
495 927 509 944 ι
526 910 629 948 Inter
648 921 777 946 omnes
798 909 991 956 convenit,
1009 926 1024 942 »
1041 922 1159 959 quum
1175 917 1263 947 ante
1285 909 1408 960 ipsum
1425 922 1538 948 nemo

74 981 173 1020 nobis
195 984 372 1015 occurrat
393 975 506 1026 hujus
524 974 722 1012 sententiae
742 974 947 1025 particepS.
974 974 1067 1012 Post
1084 974 1189 1012 illum
1210 975 1359 1012 transiit
1377 974 1413 1012 in
1430 988 1538 1013 cam-

73 1048 148 1085 dem
169 1051 313 1095 partem
334 1050 547 1093 perpetuus
566 1040 648 1091 ejus
666 1039 837 1077 imitator
855 1039 1030 1087 Solinus,
1053 1053 1138 1091 cap.
1155 1051 1203 1086 23
1225 1039 1314 1078 item
1341 1039 1472 1090 Lydus
1492 1039 1540 1077 de

74 1108 276 1155 Mensibu53
296 1107 385 1144 item
402 1105 555 1155 Sumus,
576 1106 656 1143 sive
674 1104 776 1156 apud
797 1103 954 1143 Suidam
976 1117 1189 1155 anonymus
1210 1113 1359 1153 auctor,
1381 1117 1415 1143 v.
1433 1103 1540 1156 Ἡρο-

73 1176 156 1215 oller.
172 1172 412 1210 Recentiorcs
425 1170 665 1220 dubitarunt,
678 1178 719 1207 ut
741 1169 1070 1207 maximc'l'zctzes
1087 1169 1134 1206 ad
1150 1168 1345 1220 Lycoplir,
1364 1169 1435 1207 loc.
1451 1169 1512 1207 cit.
1527 1184 1536 1206 :

74 1222 219 1282 itiam,
237 1235 376 1287 inquit,
394 1234 416 1281 ἢ
436 1239 526 1286 τρεῖς
543 1232 565 1281 ἢ
583 1231 695 1282 ἐννέα,
712 1226 759 1271 ὧν
776 1231 798 1280 ἢ
818 1231 900 1282 μίαν
920 1232 942 1279 ἢ
960 1237 1051 1285 τρεῖς
1071 1231 1286 1280 ἑξ(-)νήσαντο
1303 1235 1334 1272 οἱ
1353 1233 1542 1286 Ῥωμαῖοι,

75 1306 316 1352 Zonarasque,
337 1300 403 1338 lib.
424 1300 508 1348 Vll,
533 1300 555 1349 §
580 1313 638 1346 11,
654 1299 714 1337 ed.
737 1300 858 1337 boun.
876 1297 1010 1336 iisdem
1032 1311 1140 1349 paene
1159 1297 1288 1336 verbis
1307 1307 1416 1337 utens
1439 1313 1447 1336 ε
1467 1297 1538 1336 Βι-

75 1368 142 1407 ὅλιά
165 1365 242 1418 τρία
267 1364 289 1411 ἢ
309 1364 406 1403 ἐννέα
425 1363 576 1417 φέρουσα
587 1391 701 1403 .....
725 1363 765 1402 τὸ
783 1363 820 1402 ἓν
842 1362 864 1410 ἢ
884 1362 929 1401 τὰ
948 1362 1026 1415 τρία
1048 1364 1116 1401 τῶν
1138 1363 1282 1414 βιὸλίων
1306 1362 1535 1402 κατέκαυσεν.

75 1436 186 1479 Quare
205 1429 414 1468 videndum
432 1442 481 1466 nc
499 1429 654 1479 utrique
671 1427 874 1465 dubitandi
891 1436 1025 1465 auctor
1042 1427 1155 1465 fuerit
1173 1427 1386 1466 communis
1404 1429 1539 1480 aliquis

75 1505 208 1541 auctor,
229 1494 329 1532 libro
351 1507 452 1531 nunc
469 1493 687 1544 deperdito,
710 1493 784 1530 Dio
812 1493 971 1530 fortasse
990 1493 1161 1541 Cassius,
1179 1493 1246 1543 qui
1267 1494 1425 1531 Zonarae
1442 1494 1539 1532 solet
1568 1511 1571 1514 ·

77 1570 151 1598 ante
176 1560 307 1598 oculos
337 1558 485 1596 assidue
513 1557 672 1596 versari.

117 1626 222 1662 Certe
241 1637 392 1662 causam
415 1623 561 1661 dissidii
578 1621 859 1673 inquirentibus
881 1620 1015 1670 nobis,
1033 1635 1112 1658 non
1130 1620 1203 1659 alia
1222 1622 1408 1661 succurrit
1426 1635 1538 1673 quam

78 1690 102 1726 si
120 1689 174 1727 vel
193 1698 266 1726 tres
281 1688 370 1726 libri
397 1701 474 1726 uno
493 1687 688 1725 volumine
708 1686 843 1724 inclusi
866 1686 956 1723 olim
978 1685 1134 1733 suerint,
1156 1685 1216 1723 vel
1236 1695 1323 1737 post
1341 1686 1540 1724 incensum

77 1753 289 1805 Capitolium
310 1752 489 1804 Sibyllini
516 1765 647 1790 versus
671 1751 798 1790 denuo
817 1751 986 1796 collecti,
1012 1759 1049 1788 et
1077 1751 1230 1802 quidem
1261 1764 1421 1790 numero
1450 1753 1539 1791 satis

79 1819 172 1869 pauci
203 1819 351 1868 (confer
368 1818 465 1855 infra
486 1830 569 1868 cap.
592 1817 648 1866 4),
671 1830 789 1855 unum
815 1817 992 1854 volumen
1018 1806 1274 1866 implei’eiint.
1309 1817 1406 1854 Fieri
1436 1818 1537 1856 enim

79 1887 138 1924 hoc
158 1886 281 1936 potuit
304 1893 478 1923 manente
505 1885 629 1935 prisco
654 1883 805 1922 dicendi
826 1895 942 1930 more,
959 1896 1073 1933 quem
1095 1896 1239 1920 morem
1257 1891 1293 1920 et
1313 1882 1538 1922 inferiorum

81 1951 176 1989 turba
196 1952 423 2002 scriptorum
454 1958 492 1987 et
522 1949 666 1987 Plinius
695 1949 775 1999 ipse
800 1948 973 1999 sequitur
1004 1956 1134 1998 aperte
1151 1947 1269 1986 libros
1289 1962 1537 2001 nuncupans,

81 2016 159 2054 llist.
181 2017 260 2055 Nat.
278 2016 362 2062 VII,
386 2016 407 2065 §
430 2016 499 2062 35,
518 2023 555 2052 et
575 2013 693 2063 XVII,
715 2017 734 2060 §
755 2013 817 2051 38.
841 2013 1030 2050 Ausonius
1054 2026 1220 2063 quoque,
1237 2012 1302 2050 sed
1323 2022 1540 2053 veteremne

80 2093 116 2117 an
135 2088 353 2131 praesentem
379 2092 505 2118 rerum
528 2087 668 2116 statum
704 2078 881 2125 innuens,
910 2077 1116 2115 ternarium
1139 2077 1309 2128 agnoscit
1338 2091 1538 2118 numerum

78 2144 107 2181 in
132 2145 295 2195 Gripho,
319 2158 357 2184 v.
385 2144 454 2191 36,
481 2142 547 2180 ubi
576 2141 623 2180 ab
643 2142 727 2194 ipso
752 2151 999 2180 recensentur
1022 2156 1039 2179 α
1065 2142 1264 2192 tergemini
1294 2142 1423 2181 satalia
1451 2157 1540 2183 car—

80 2210 166 2248 mina
187 2210 286 2249 fibri.
302 2225 320 2248 »
1000 2200 1003 2202 ’

122 2277 172 2313 Dc
195 2275 351 2313 materia
368 2275 494 2312 minus
518 2273 749 2324 ambigitur:
772 2280 920 2311 constat
933 2273 1034 2311 enim
1048 2302 1059 2322 ,
1081 2286 1188 2310 more
1205 2273 1386 2324 antiquo,
1407 2274 1543 2314 linteos

81 2340 179 2378 fuisse
200 2341 342 2388 libros,
362 2339 401 2377 id
431 2348 487 2377 est
506 2339 545 2376 i'n
567 2339 640 2376 tela
663 2339 774 2376 lintea
796 2337 1022 2389 descriptos,
1048 2347 1208 2376 testante
1235 2338 1273 2376 id
1303 2340 1542 2390 apertissime

78 2404 306 2456 Symmacli0‚
326 2404 390 2443 lib.
410 2405 476 2453 IV,
498 2403 608 2454 epist.
629 2405 693 2451 34,
714 2403 772 2441 his
791 2402 941 2441 verbis:
963 2420 977 2436 α
996 2404 1044 2442 Et
1062 2403 1286 2440 Martiorum
1306 2404 1460 2455 quidem
1477 2417 1541 2442 va·

80 2485 92 2499 ι
116 2477 187 2507 tum
204 2470 390 2507 divinatio
409 2469 562 2506 caducis
579 2467 788 2505 corticibus
807 2468 948 2505 inclusa
969 2476 1047 2514 est3
1068 2468 1234 2505 monitus
1253 2469 1444 2507 Cumanos
1463 2470 1537 2506 lin-

79 2550 92 2564 «
117 2542 168 2573 tea
197 2544 296 2574 texta
319 2543 517 2587 ceperunt.
535 2551 549 2567 υ
569 2534 655 2579 Quo
683 2534 838 2585 respicit
869 2542 906 2572 ct
935 2533 1028 2571 illud
1059 2533 1162 2585 apud
1189 2534 1460 2583 Claudianum,
1491 2535 1538 2573 de

81 2598 160 2638 Bell.
180 2601 263 2639 Get.
281 2614 314 2638 v.
332 2602 422 2648 231,
442 2613 522 2650 sqq.
541 2614 549 2636 :

681 2664 782 2712 Quid
802 2664 970 2702 carmine
991 2673 1120 2714 poscat

380 2730 550 2769 Fatidico
568 2738 693 2769 custos
715 2729 874 2768 Romani
891 2728 1072 2767 carbasus
1089 2729 1173 2768 aevi.

81 2790 186 2842 quue
203 2808 278 2832 non
305 2795 420 2833 modo
440 2795 662 2847 probabile,
682 2795 749 2833 scd
776 2804 812 2832 et
835 2795 1135 2845 Tarquiniorum
1161 2793 1396 2845 temporibus
1417 2808 1540 2847 prope
1585 2828 1587 2831 .

56 2860 319 2902 mecessarium
345 2861 428 2898 fuit.
448 2860 607 2898 Constat
642 2861 743 2898 enim
780 2873 892 2897 usum
922 2859 1084 2910 cliartae,
1106 2858 1143 2896 id
1168 2867 1239 2910 est,
1265 2859 1402 2910 papyri
1426 2860 1541 2912 AEgy-

80 2922 214 2974 ptiacae,
238 2938 286 2963 ne
311 2926 350 2962 in
382 2925 528 2963 Graecia
543 2924 719 2976 quidem,
748 2924 886 2963 nedum
914 2924 950 2961 in
971 2924 1078 2962 Latio
1100 2924 1281 2973 notuisse,
1305 2924 1377 2962 nisi
1408 2926 1541 2964 Psam-
