1752 3495
673 180 980 228 Excuasus
1011 183 1090 228 111.
1429 155 1448 186 ⁵
1526 185 1620 230 235

217 278 410 322 Paululum
443 276 506 314 hic
533 275 812 314 immorandum
840 285 917 325 est,
956 276 1136 328 quoniam
1164 279 1296 328 aperte
1325 287 1506 330 corrupta
1533 288 1621 318 sunt

172 343 359 386 consulum
401 339 555 378 nomina
571 368 582 385 ,
613 351 690 377 nec
730 347 856 379 tamen
900 339 1054 378 difficile
1091 340 1345 389 restituenda,
1394 343 1445 381 M.
1482 343 1620 381 Plautii

174 408 310 460 Hypsaei
332 413 368 443 et
389 405 439 442 M.
460 402 579 441 Fulvii
600 403 734 450 Flacci,
754 403 819 453 qui
837 403 951 442 ambo
970 405 1088 443 fasces
1109 413 1292 456 ceperunt
1311 418 1411 443 anno
1437 415 1524 457 post
1545 407 1621 445 Ur·

173 474 249 511 bem
277 467 462 507 conditam
483 479 640 512 ncxxix,
671 466 722 504 ita
748 475 789 504 ut
816 480 837 505 a
858 468 1070 519 Phlegoute
1099 468 1280 519 scriptum
1310 469 1401 506 olim
1421 469 1535 508 fuisse
1560 471 1620 507 vi-

173 537 296 574 deatur
321 529 493 569 nonnihil
522 530 676 568 inverso
699 530 903 569 verborum
933 532 1097 571 ordine:
1126 530 1390 571 Ὑπατευόντων
1418 533 1453 571 ἓν
1474 531 1620 586 Ῥώμῃ,

173 599 255 639 κατὰ
278 596 399 641 Σέξτον
419 595 632 647 Καρμίνιον,
659 594 805 647 Μάρκου
826 595 1002 634 maurinu
1018 595 1167 649 Ὑψαίου
1189 595 1248 634 καὶ
1278 596 1425 648 Μάρκου
1445 596 1623 635 Φουλὸίου

151 711 153 713 ‚
174 662 341 704 ψλάκκου.
365 660 419 698 lta
443 658 581 697 Sextus
599 658 662 697 ille
681 658 894 698 Carminius
909 688 919 706 ,
941 673 1052 710 quem
1072 659 1217 698 librarii
1235 660 1430 699 consulem
1453 661 1549 698 male
1569 662 1622 698 se·

176 735 312 775 cerunt,
339 736 413 761 non
433 724 563 761 consul
579 723 679 774 jam,
707 724 789 771 scd,
812 733 852 762 ut
868 738 1000 763 revera
1015 725 1103 773 fuit,
1121 725 1286 775 scriptor
1305 725 1377 763 erit
1398 724 1464 775 qui
1489 725 1536 764 dc
1557 725 1623 763 illo

177 789 337 845 prodigio
350 802 392 825 ac
409 787 456 825 de
476 787 637 838 prodigii
658 779 769 826 aetate
786 788 986 839 Phlegonti
1002 788 1079 826 dux
1098 789 1228 829 fuerit.
1247 790 1292 828 Et
1308 789 1473 840 scriptor
1490 801 1623 828 revera

175 857 244 907 ejus
264 851 421 891 nominis
442 853 627 898 occurrit,
647 852 711 890 sed
731 853 812 890 sinc
833 853 1065 903 proenomine
1078 885 1087 900 ,
1107 853 1210 905 apud
1228 853 1401 893 Servium
1419 867 1495 891 non
1510 854 1623 891 semel

176 920 215 959 ad
234 918 310 957 AEn.
323 918 367 955 Vl
379 924 416 954 et
431 916 514 954 Vlll
525 944 534 961 ,
546 926 584 954 et
598 916 700 967 apud
715 916 967 966 Macrobium,
985 918 1136 956 Saturn.
1149 918 1192 966 V,
1208 931 1291 968 cap.
1314 932 1372 968 19,
1386 930 1494 969 aquo
1510 918 1623 956 etiam

177 982 462 1023 «curiosissimus
492 989 530 1019 et
550 981 683 1019 doetus
700 999 715 1016 υ
738 981 890 1030 dicitur,
910 981 1032 1020 allatis
1056 983 1213 1033 iusuper
1235 982 1316 1034 ejus
1336 982 1481 1031 verbis,
1495 997 1515 1022 e
1534 984 1621 1034 qui-

179 1051 238 1088 bus
264 1055 383 1099 pateat
404 1054 574 1084 etruscos
600 1045 648 1083 ab
669 1046 754 1097 ipso
775 1046 869 1083 ritus
889 1060 909 1082 e
927 1046 1081 1097 Tagetis
1108 1044 1215 1082 libris
1237 1045 1472 1096 conquisitos
1497 1045 1624 1083 fuisse.

178 1114 265 1163 Quid
277 1113 405 1151 mirum
421 1111 450 1149 si
462 1111 704 1161 antiquarum
719 1111 945 1162 religionum
961 1111 1122 1162 diligens
1136 1110 1358 1161 explorator
1373 1110 1421 1148 (le
1434 1109 1627 1161 Sibyllinis

180 1180 276 1217 etium
296 1177 399 1215 libris
417 1176 692 1226 inquisiverati’
713 1177 798 1213 Haec
822 1184 944 1213 tamen
970 1175 1214 1226 conjectura,
1237 1188 1355 1226 quum
1374 1174 1420 1212 de
1435 1175 1630 1213 Carminio
1678 1210 1680 1213 ,

179 1244 291 1294 ejusve
310 1249 413 1279 aetate
440 1240 534 1277 nihil
568 1239 720 1277 aliunde
751 1247 990 1290 compertum
1020 1239 1240 1287 habeamus,
1268 1239 1384 1278 dubia
1414 1247 1621 1277 remaneat.

181 1309 332 1348 Certiora
352 1315 437 1344 sunt
468 1305 756 1355 magistratuum
782 1305 957 1353 nomina,
989 1319 1087 1356 quae,
1116 1305 1146 1344 si
1177 1319 1265 1343 vere
1289 1318 1336 1343 ex
1357 1304 1524 1343 historiae
1553 1304 1627 1343 fide
1661 1335 1664 1340 .

182 1373 245 1409 liuc
274 1370 412 1421 prolata
437 1377 536 1415 sunt,
564 1370 602 1406 in
633 1369 747 1407 alium
776 1369 913 1408 cadere
939 1383 1077 1407 annum
1099 1383 1174 1407 non
1199 1363 1358 1421 possunt
1375 1382 1488 1420 quam
1513 1382 1626 1420 supra

182 1436 304 1473 dictum
332 1447 485 1471 ncxxlx.
518 1433 585 1471 llic
612 1446 729 1484 porro
763 1446 883 1471 annus
914 1433 984 1471 suit
1017 1433 1193 1472 incendio
1221 1433 1438 1485 Capitolino
1458 1433 1629 1471 anterior

182 1499 273 1537 annis
289 1511 376 1536 χιιι.
399 1496 560 1536 Stabant
580 1497 696 1548 igitur
711 1498 822 1535 etiam
846 1506 923 1535 tum
942 1497 1192 1548 'l'arquiniani
1211 1497 1311 1535 libri.
1332 1498 1487 1549 Eguisse
1503 1505 1626 1535 autem

183 1563 254 1600 illos
268 1561 596 1612 interpretatione,
614 1574 773 1612 eamque
794 1561 965 1600 versibus
987 1563 1118 1612 graecis
1138 1561 1378 1613 propositam
1401 1561 1439 1598 in
1470 1560 1629 1611 publico

185 1625 306 1671 fuisse,
330 1624 436 1662 docet
467 1632 598 1675 aperte
622 1624 792 1675 Phlegon
829 1625 887 1662 his
916 1624 1043 1662 verbis
1068 1640 1076 1662 :
1101 1625 1155 1663 Δι’
1170 1624 1212 1671 ἣν
1241 1623 1354 1663 αἰτίαν
1385 1627 1407 1671 ἡ
1439 1623 1628 1676 σύγκλητος

187 1689 303 1726 ἐκέλευε
327 1687 400 1731 τοὺς
421 1687 672 1740 ἱερομνήμονας
692 1689 887 1740 ἀναγνῶναι
906 1687 984 1731 τοὺς
1005 1688 1182 1735 Σιῧύλλης
1206 1687 1400 1741 χρησμούς·
1420 1689 1481 1727 καὶ
1498 1688 1624 1739 ἐξηγή-

187 1767 277 1790 σαντο
293 1755 363 1795 τοὺς
377 1751 569 1805 χρησμούς·
591 1752 657 1791 εἶσὶ
678 1751 712 1790 δὲ
728 1753 758 1791 οἱ
776 1752 928 1804 χρησμοὶ
949 1751 1029 1790 οἵδε.

229 1817 293 1855 Sed
307 1846 317 1865 ,
335 1826 376 1855 ut
391 1830 522 1855 verum
538 1817 706 1855 dicamus
719 1846 729 1862 ,
745 1817 876 1854 citatos
896 1831 915 1854 a
936 1817 1148 1869 Phlegonte
1167 1818 1340 1855 consules
1353 1847 1363 1867 ,
1384 1818 1477 1855 salso
1493 1818 1626 1856 citatos

186 1890 340 1933 putamus
353 1911 362 1929 ,
381 1883 577 1933 multoque
593 1882 784 1932 antiquius
801 1881 1017 1919 habendum
1037 1894 1118 1919 esse
1141 1881 1235 1920 illud
1256 1895 1492 1933 responsum,
1505 1895 1627 1932 eoque

152 1967 156 1973 ·
186 1946 257 1995 plus
271 1946 402 1985 habere
417 1947 598 1986 momenti
617 1946 662 1984 ad
683 1946 808 1985 omnia
828 1946 1091 1984 confirmanda
1114 1959 1200 1996 quae
1226 1945 1274 1984 de
1308 1945 1423 1983 modo
1442 1945 1628 1983 librorum

187 2010 424 2049 adeundorum
454 2025 569 2062 supra
601 2011 777 2049 diximus.
801 2012 895 2050 Nam
916 2011 941 2048 ii
959 2010 1112 2061 quidem
1133 2011 1308 2048 consules
1335 2023 1432 2061 quos
1454 2010 1627 2062 Phlegon

187 2074 298 2122 affert,
315 2076 498 2126 pertinent
519 2075 566 2114 ad
588 2076 850 2114 Gracchorum
880 2083 1071 2126 tempora,
1095 2075 1307 2114 recentiora
1332 2088 1420 2114 sane
1441 2087 1556 2126 quam
1581 2073 1628 2112 ad

188 2152 261 2188 quae
277 2140 490 2190 Sibyllinum
510 2155 660 2179 carmen
687 2141 822 2179 referri
842 2141 972 2192 possit.
995 2140 1157 2178 Romani
1178 2140 1323 2191 quippe
1337 2141 1375 2177 in
1397 2153 1443 2178 eo
1462 2138 1630 2177 carmine

185 2202 348 2253 jubentur
364 2219 467 2244 sacra
485 2206 598 2244 certis
617 2205 844 2256 quibusdam
869 2204 1090 2243 numinibus
1115 2204 1253 2242 asserre
1276 2204 1372 2241 hanc
1392 2204 1628 2255 potissimum

188 2267 231 2304 ob
249 2281 396 2322 causam,
409 2271 569 2312 utUrbis
586 2272 762 2310 Romanae
776 2271 919 2309 oblivio
940 2271 1093 2310 Graecos
1109 2270 1253 2321 capiat3
1273 2270 1391 2308 verba
1407 2279 1494 2309 sunt
1519 2270 1600 2320 ipsa
1620 2282 1628 2304 ε

298 2334 407 2381 Λήθην
425 2335 636 2383 Ἑλλήνεσσι
651 2341 767 2374 πεσεῖν
785 2335 920 2379 πόλεώς
937 2350 974 2373 τε
991 2334 1049 2373 καὶ
1068 2335 1170 2379 αὐτῆς
1185 2364 1195 2382 ,

145 2402 147 2404 ’
190 2396 315 2436 Deinde
328 2399 507 2449 jubentur
526 2402 590 2440 illa
609 2414 715 2440 sacra
733 2414 818 2440 cum
838 2400 1022 2440 insulanis
1043 2400 1182 2446 facere,

303 2462 368 2501 Καὶ
383 2464 492 2511 νήσων
506 2465 643 2513 ναέται,

189 2536 305 2576 nempe
316 2536 352 2564 ut
371 2528 539 2568 hostilem
557 2540 694 2568 terram
715 2536 905 2580 occupent
924 2541 1000 2566 non
1016 2528 1118 2575 dolo,
1131 2527 1194 2567 sed
1212 2527 1269 2576 vi;
1283 2539 1485 2578 quamnam
1502 2527 1631 2565 inam?

189 2597 302 2636 aperte
316 2590 538 2645 Cumanam3
558 2594 612 2632 sic
627 2593 726 2632 enim
745 2593 869 2644 pergit
890 2593 1087 2631 oraculum
1109 2608 1117 2630 τ

532 2658 564 2696 T
566 2656 606 2704 ἢν
626 2657 825 2695 ἀντιπάλων
844 2655 894 2695 ὅτ’
911 2656 952 2694 ἂν
974 2651 1053 2694 αἶαν

307 2719 356 2756 Οὐ
372 2718 457 2774 δόλῳ
468 2751 478 2769 ,
495 2722 583 2761 ἄλλα
608 2720 665 2776 βίᾳ
681 2717 848 2773 Κυμαῖδα
864 2720 1051 2775 πρόφρονες
1068 2714 1149 2760 αὖτε

307 2782 512 2828 Νάσσονται.

191 2843 323 2896 Scripta
342 2862 428 2900 ergo
444 2852 522 2891 haec
542 2853 654 2892 fuisse
676 2862 825 2905 oportet
845 2867 962 2905 quum
984 2853 1108 2891 adhuc
1128 2852 1249 2892 Groeci
1277 2851 1440 2891 nominis
1463 2848 1630 2890 son-mido
