1686 3500
189 198 204 211 ·
621 182 948 231 ΑΕΧΟΟΒΒΗὸ
986 185 1059 229 VI.
1106 198 1109 200 ’
1385 223 1393 233 ,
1490 183 1582 229 545

111 281 280 334 Syncelli
300 293 386 333 pag.
412 294 473 331 19,
492 288 530 318 et
548 280 735 327 cedreni,
755 295 845 333 pag.
872 282 939 324 18.
961 281 1025 322 ed.
1055 281 1213 331 Bonn.).
1236 281 1378 320 Contra
1407 280 1586 321 videntur

111 347 338 400 plerumque
355 345 560 398 Sibyllistae
578 344 654 384 hoc
666 345 881 384 ‹laemont'im
899 358 964 384 seu
981 345 1255 385 daemoniorum
1271 345 1426 384 nomine
1441 346 1585 385 animas

110 411 240 464 potius
256 409 427 449 indicare
446 409 713 449 defunctorum
728 439 740 461 ,
758 423 836 447 non
855 410 1024 448 omnium
1037 438 1048 457 ,
1076 409 1142 448 sed
1155 409 1407 460 quorumdam
1426 423 1506 462 prae
1522 425 1586 449 ce-

112 477 203 516 teris
233 476 458 529 insignium,
481 489 612 527 regum
644 485 737 528 puta
768 475 860 514 olim
893 475 1129 527 potentium,
1157 475 1335 525 Saturni,
1355 476 1486 525 Jovis,
1509 485 1584 516 etc.

112 542 226 591 Quod
254 542 344 594 quia
372 540 563 593 singulare
595 541 707 579 nimis
727 539 905 590 videtur,
940 539 1032 592 ipsis
1057 539 1255 590 Sibyllinis
1277 540 1503 580 testimoniis
1525 543 1584 580 lir-

112 606 292 646 mandum
316 615 385 647 cst.
407 605 605 657 Praecipue
633 605 734 644 libro
755 605 868 653 vm,
890 618 929 644 v.
951 605 1016 651 45,
1037 617 1119 655 sqq.
1141 617 1149 641 ε

717 670 790 708 Ποῦ
809 667 925 716 Ῥείης
938 697 948 714 ,
965 666 1007 716 ἠὲ
1029 666 1195 721 Κρόνοιο,

321 735 384 775 Ἠὲ
403 733 484 780 Διὸς
511 733 630 786 γενεὴ,
655 735 715 773 καὶ
735 733 890 782 πάντων,
906 727 954 772 ὧν
975 732 1166 780 ἐσεὸάσθης

320 799 496 850 Δαίμονας
514 798 686 852 ἀψύχους,
706 801 837 852 νεκρῶν
857 798 984 837 εἴδωλα
1002 796 1206 848 καμόντων,

319 859 387 904 Ὧν
409 863 533 917 Κρήτη
549 863 716 917 καύχημα
735 864 845 917 τάφου
860 866 882 911 ἦ
901 862 1069 916 δύσμορος
1089 861 1174 910 ἕξει;

109 933 204 972 Item
223 931 261 970 in
284 929 449 969 secunda
469 929 636 981 ejusdem
653 929 742 967 libri
761 937 880 980 parte,
898 941 983 979 quae
1002 927 1173 966 omnium
1194 926 1356 965 maxime
1366 926 1584 966 orthodoxa

110 1005 149 1035 et
167 996 269 1034 iuter
286 993 569 1045 antiquissimas
588 993 767 1044 habetur,
788 1006 827 1032 v.
851 993 943 1042 392,
965 1004 1025 1043 sq.
1050 1004 1060 1030 τ

319 1060 442 1098 Ταῦτα
461 1057 545 1112 γὰρ,
568 1060 613 1101 εἰς
631 1057 773 1110 μνήμην
794 1055 971 1108 βασιλήων
991 1056 1031 1103 ἠὲ
1050 1055 1242 1110 τυράννων,

319 1123 472 1175 Δαίμοσι
492 1122 677 1170 ποιήσουσι
692 1127 845 1175 νεκροῖς,
864 1123 909 1164 ὡς
928 1121 1127 1173 οὐρανίοισι.

108 1194 234 1244 Atque
253 1190 386 1229 eodem
408 1188 543 1227 referri
560 1195 687 1239 potest
705 1186 930 1228 illudetinm
952 1186 990 1224 in
1009 1186 1199 1238 Sibyllino
1219 1182 1428 1237 Prooemio,
1447 1201 1485 1227 v.
1510 1200 1559 1227 υ
1578 1203 1588 1228 ε

251 1251 276 1281 2
317 1255 470 1304 Δαίμοσι
489 1252 550 1296 τὰς
569 1251 687 1294 Θυσίας
708 1251 895 1298 ἐποιήσατε
914 1256 1023 1290 τοῖσιν
1043 1252 1078 1290 ἐν
1098 1250 1199 1307 ᾍδῃ.

105 1322 180 1362 Sed
197 1321 320 1360 multo
332 1318 526 1371 antiquior
543 1317 613 1355 fuit
631 1330 674 1355 e‘t
693 1316 917 1367 doctrina,j
911 1330 968 1354 im
988 1317 1132 1368 quippe
1148 1317 1251 1369 apud
1265 1318 1419 1357 Judaeos
1432 1328 1587 1371 recepta

105 1396 196 1428 ante
217 1386 415 1426 Christum
432 1398 516 1423 saec.
533 1384 588 1431 Π,
605 1381 788 1433 quoniam
810 1382 979 1419 occurrit
994 1382 1107 1420 etiam
1129 1381 1229 1419 libio
1244 1383 1318 1429 lll,
1333 1396 1370 1424 v.
1388 1383 1476 1432 547,
1495 1396 1583 1460 sqf:

318 1449 413 1504 Πρὸς
428 1449 463 1488 τί
480 1464 518 1486 τε
535 1448 657 1501 δῶρα
651 1462 783 1485 ααταια
802 1445 1092 1499 καταφθιμένοισι
1108 1446 1274 1499 πορίζεις,

317 1515 422 1560 Θύεις
443 1532 463 1554 τ
465 1513 666 1557 ἐἷδώλοις·
658 1543 668 1560 ,

104 1584 254 1634 Quibus
274 1582 454 1622 omnibus
476 1580 591 1627 locis,
612 1579 643 1617 si
666 1587 834 1617 nostram
855 1577 904 1616 de
935 1578 1082 1629 angelis
1102 1578 1345 1617 traditionem
1375 1581 1495 1619 secuti
1517 1594 1583 1620 es·

105 1658 188 1688 sent
209 1647 417 1700 Sibyllistae
431 1674 441 1694 ‚
456 1645 571 1693 ualiter
586 1658 674 1699 sane
691 1656 903 1682 sermonem
922 1642 970 1681 de
988 1643 1034 1681 iis
1050 1643 1323 1692 instituissent3
1340 1657 1464 1696 neque
1478 1646 1582 1699 ipsos

104 1715 145 1753 in
173 1716 295 1761 Orco,
308 1711 402 1769 ᾏδῃ
416 1739 427 1759 ,
448 1708 642 1747 communi
660 1707 839 1745 omnibus
859 1708 1020 1745 mortuis
1040 1707 1142 1754 sede,
1157 1707 1410 1747 detinuissent
1425 1711 1583 1761 (confer

104 1793 235 1832 supra,
251 1791 338 1829 cap.
364 1776 449 1827 21):
469 1774 532 1813 sed
552 1774 609 1812 vel
637 1773 853 1825 praecipites
875 1772 912 1810 in
932 1772 1137 1811 Tartarum
1158 1772 1346 1824 egissent3
1367 1775 1425 1812 vel
1440 1774 1582 1814 liberos

102 1859 174 1898 per
194 1852 313 1883 terras
334 1841 462 1893 vagari
482 1840 659 1878 sivissent
679 1836 901 1876 horninibus
918 1836 1170 1885 insidiantes;
1192 1837 1251 1876 vel
1269 1837 1374 1890 ipsos
1392 1840 1522 1891 potius
1541 1841 1581 1879 in

103 1911 181 1949 duo
206 1908 315 1960 quasi
343 1919 483 1959 genera
506 1903 813 1950 distribuissent,
841 1912 1023 1954 vagantes
1045 1903 1186 1940 alteros
1206 1903 1243 1940 in
1271 1903 1396 1952 terris,
1414 1918 1581 1956 quorum

103 1988 203 2027 saepe
219 1976 257 2012 in
271 1971 478 2024 evangeliis
498 1970 661 2016 mentio;
681 1968 822 2007 alteros
838 1967 878 2005 in
898 1967 1063 2006 Tartaro
1084 1967 1234 2006 vinctos
1264 1981 1387 2020 usque
1405 1969 1452 2008 ad
1479 1971 1579 2010 diem

100 2038 237 2091 judicii
253 2068 266 2090 ,
288 2036 498 2076 secundum
525 2034 620 2073 illud
645 2033 723 2071 divi
749 2032 879 2083 Petri,
901 2046 964 2084 ep.
986 2033 1046 2082 11,
1067 2046 1156 2084 cap.
1177 2046 1219 2081 2,
1244 2046 1281 2072 v.
1311 2039 1330 2078 4
1353 2049 1363 2073 ς
1385 2052 1401 2068 «
1421 2035 1462 2075 Si
1479 2037 1580 2075 enim

103 2123 118 2139 α
135 2106 239 2144 Deus
261 2102 405 2155 angelis
424 2099 672 2152 peccantibus
690 2112 767 2136 non
789 2097 980 2150 pepercit,
999 2097 1064 2135 sed
1085 2097 1314 2138 rudentibus
1344 2099 1484 2139 inferni
1513 2102 1584 2140 de-

102 2188 118 2206 «
136 2178 279 2209 tractos
290 2169 541 2207 inTartarum
556 2161 1205 2214 tradiditcruciandos,injudicium
1221 2165 1408 2204 reservari
1421 2183 1436 2199 υ
1448 2196 1459 2217 ,
1470 2167 1581 2219 cujus

102 2238 176 2276 loci
191 2248 341 2275 sensum
362 2235 392 2272 si
405 2234 602 2285 quisrecte
612 2230 762 2282 assequi
776 2229 959 2277 voluerit,
974 2242 1097 2280 graeca
1114 2231 1245 2280 potius
1265 2230 1389 2282 legat:
1412 2232 1457 2270 Εἰ
1477 2232 1545 2287 γὰρ
1561 2236 1580 2272 ὁ

101 2301 191 2346 Θεὸς
207 2300 364 2353 ἀγγέλων
382 2297 661 2350 ἁμαρτησάντων
681 2297 743 2334 οὔκ
762 2294 940 2349 ἐφείσατο,
965 2293 1055 2333 ἀλλὰ
1078 2300 1206 2348 σειραῖς
1223 2294 1326 2349 ζόφου
1354 2296 1582 2350 ταρταρώσας

100 2367 301 2421 παρέδωκεν
318 2366 364 2408 εἷς
379 2363 490 2417 κρίσιν
507 2360 755 2412 κολαζομένους
773 2362 962 2413 τηρεῖσθαι.
983 2360 1113 2398 Varias
1129 2360 1365 2411 multumque
1380 2362 1578 2403 discordes

100 2441 274 2470 veterum
299 2429 506 2469 sententias
525 2426 573 2465 de
599 2427 814 2464 daemonum
843 2424 1067 2462 conditione
1090 2424 1223 2462 confer
1249 2425 1350 2476 apud
1380 2426 1579 2481 theologos

100 2510 247 2547 omnes,
269 2493 480 2548 praesertim
502 2492 540 2530 in
559 2491 654 2530 Sixti
680 2490 855 2529 Senensis
876 2487 1131 2540 Bibliotheca,
1152 2497 1189 2527 et
1219 2489 1322 2541 apud
1349 2491 1580 2544 interprete-s

99 2561 263 2609 Jusffini,
283 2560 397 2611 Apol.
420 2560 469 2605 11,
493 2562 512 2605 §
534 2557 575 2603 53
597 2556 864 2606 Athenagorae,
886 2554 979 2605 Leg.
1001 2558 1021 2600 ,ς
1042 2554 1112 2599 253
1132 2554 1279 2602 lrenaei,
1298 2554 1365 2595 lib.
1389 2556 1450 2603 lv,
1470 2561 1489 2604 5
1513 2563 1576 2603 40,

100 2626 235 2675 Itaque
258 2623 411 2661 tertium
434 2621 542 2674 quasi
565 2634 682 2672 genus
699 2619 939 2658 daemonum
932 2633 968 2656 1n
999 2617 1198 2669 Sibyllinis
1221 2620 1472 2671 agnoscendae
1491 2632 1579 2661 sunt

100 2689 306 2740 impiorum
327 2687 463 2725 anim‘e
484 2685 599 2724 modo
627 2684 762 2734 dictae,
783 2697 868 2735 quae
887 2684 926 2721 in
954 2684 1056 2722 Orco
1092 2682 1270 2733 quidem,
1301 2685 1335 2721 ἐν
1354 2683 1464 2739 ᾍδῃ,
1491 2699 1576 2724 cum

101 2747 236 2792 ceteris
256 2752 390 2790 animis
409 2751 648 2796 detinentur,
669 2748 806 2787 ultimo
832 2747 978 2798 judicio
999 2756 1226 2796 reservatae,
1247 2748 1285 2785 in
1313 2749 1423 2787 terris
1454 2759 1577 2788 tamen
1631 2743 1637 2749 ⁶

101 2818 298 2857 hominum
333 2815 522 2855 malesano
542 2815 646 2853 cultu
666 2813 898 2861 admonitum
922 2820 959 2851 et
985 2813 1145 2852 sortasse
1165 2813 1366 2853 simulacra
1389 2828 1457 2854 sua
1477 2829 1577 2853 non-

103 2896 297 2935 nunquam
327 2881 500 2919 incolunt
520 2893 563 2917 ac
585 2893 653 2930 per
671 2879 826 2917 oracula
846 2878 1060 2928 loquuntur
1074 2907 1084 2925 ‚
1102 2880 1171 2916 etsi
1194 2879 1286 2917 nihil
1305 2888 1360 2916 est
1380 2879 1427 2918 de
1447 2880 1519 2918 line
1540 2894 1579 2918 re

267 2958 342 3001 ΠΙ.
1325 2950 1382 2996 35
