1752 3495
676 187 983 235 EXCURSUS
1017 190 1097 234 lv.
1395 237 1400 241 ,
1479 211 1487 223 ‹
1538 191 1631 236 283

169 305 182 322 a
196 293 264 331 est,
279 295 429 321 sensum
446 282 851 333 nostrorum*secutus,
867 286 992 324 locum
1009 286 1140 324 volens
1155 286 1256 323 inter
1269 285 1602 325 caelesteshabere.
1617 275 1633 321 i·

216 353 261 388 At
277 347 387 397 longe
401 345 592 385 diversum
607 348 801 400 magisque
815 351 955 388 nostris
973 349 1139 387 oraculis
1159 349 1368 400 propitium
1387 357 1444 388 est
1458 350 1537 389 divi
1550 352 1632 389 Au-

168 410 521 466 gustinijudicium,
542 413 715 462 quamvis
735 414 889 452 fatentis
911 426 981 451 suo
1005 421 1180 465 tempore
1201 425 1286 462 rara
1305 413 1532 465 admodum,
1551 415 1629 453 sal·
1650 464 1653 465 ⁷

168 488 235 517 tem
250 477 288 513 in
302 475 439 531 Africa,
458 475 574 514 fuisse
590 490 723 515 eorum
738 468 993 528 exemplaria.
1009 477 1072 516 Sic
1087 477 1188 515 enim
1207 478 1287 525 ille,
1304 477 1352 515 de
1366 476 1527 516 Civitate
1543 478 1628 528 Dei,

137 531 228 581 ‘'lib.
247 539 391 587 xvnl,
410 532 491 590 cap.
509 541 557 577 23
583 556 590 578 :
610 558 626 574 «
652 541 824 591 Romuli,
846 542 923 590 ait,
949 550 1120 592 tempore
1137 540 1314 579 nonnulli
1334 540 1517 590 Sibyllam
1537 542 1633 592 Ery-

167 605 343 643 «thraeam
369 603 613 641 vaticinatam
644 605 784 642 ferunt.
813 605 977 656 Sibyllas
1001 613 1129 643 autem
1163 606 1287 643 Varro
1316 605 1487 655 prodidit
1505 605 1632 656 plures

167 671 314 715 «fuisse,
333 682 410 706 non
431 681 557 706 unam.
583 671 672 708 Haec
691 683 782 708 sane
816 670 1016 721 Erythraea
1036 670 1182 721 Sibylla
1214 671 1387 721 quaedam
1413 669 1460 708 de
1478 670 1632 709 Christo

167 753 180 769 «
195 733 389 772 manifesta
406 733 654 784 conscripsit,
671 748 755 784 quae
775 735 888 773 etiam
910 749 979 773 nos
996 735 1033 772 in
1053 735 1172 773 latina
1192 735 1318 786 lingua
1340 734 1512 773 versibus
1535 735 1633 774 male

167 819 181 834 «ι
194 797 311 836 latinis
329 805 366 834 et
383 810 460 835 non
478 798 667 836 stantibus
684 798 864 850 legimus,
892 812 962 851 per
994 799 1123 837 nescio
1142 799 1252 850 cujus
1273 798 1493 850 interpretis
1512 799 1631 850 impe·

167 863 310 901 aritiam
324 891 333 909 ,
351 863 448 902 sicut
466 873 552 914 post
571 866 834 916 cognovimus.
868 866 962 904 Nam
983 866 1045 903 vir
1072 865 1301 903 clarissimus
1320 865 1541 903 Flaccianus
1566 865 1632 916 qui

167 930 298 968 «etiam
314 929 521 978 proconsul
543 928 626 976 suit,
647 929 764 967 homo
781 929 968 968 sacillimae
988 929 1190 977 facundiae,
1217 929 1422 979 multaeque
1437 928 1632 976 doctrinae,

167 1013 180 1029 n
197 1006 311 1044 quum
340 992 387 1030 de
413 992 568 1031 Christo
589 994 910 1044 colloqueremur,
930 995 1106 1032 Graecum
1125 993 1235 1031 nobis
1254 992 1424 1031 codicem
1447 993 1629 1044 protulit,

167 1077 180 1092 ι
195 1058 354 1096 carmina
372 1069 450 1095 esse
469 1058 600 1096 dicens
617 1058 771 1109 Sibyllae
792 1059 998 1109 Erythraeae
1011 1089 1020 1106 ‚
1033 1059 1099 1096 ubi
1115 1058 1284 1096 ostendit
1302 1058 1469 1108 quodam
1487 1058 1574 1095 loco
1591 1057 1630 1095 in

166 1119 373 1171 «capitibus
390 1135 566 1159 versuum
588 1123 761 1161 ordinem
785 1124 980 1162 literarum
1003 1124 1055 1161 ita
1074 1136 1114 1161 se
1137 1122 1341 1161 habentem
1365 1130 1406 1160 ut
1428 1122 1508 1160 haec
1525 1123 1563 1159 in
1584 1135 1630 1159 eo

167 1184 303 1222 wei-ba
329 1185 560 1236 legerentur,
582 1185 715 1230 Ἰησοῦς
745 1187 894 1239 Χριστὸς
919 1188 1011 1226 Θεοῦ
1036 1185 1120 1230 Υἱὸς
1139 1185 1279 1238 Σωτήρ,
1311 1185 1414 1236 quod
1441 1193 1497 1223 est
1514 1185 1630 1222 latine

168 1253 293 1287 «lesus
315 1250 477 1287 Christus
496 1253 569 1288 Dei
583 1254 699 1289 Filius
717 1254 896 1292 Salvator.
918 1253 967 1291 Hi
991 1259 1118 1289 autem
1142 1263 1292 1297 versus,
1311 1262 1477 1301 quorum
1499 1248 1632 1300 primae

121 1315 127 1322 “
167 1332 179 1347 ιι
195 1314 304 1351 literae
326 1313 440 1350 istum
457 1326 607 1352 sensum
629 1329 741 1365 quem
765 1315 951 1363 diximus,
977 1315 1166 1361 reddunt,
1184 1315 1282 1353 sicut
1300 1327 1365 1352 eos
1385 1313 1539 1365 quidam
1563 1312 1631 1350 La—

168 1378 288 1415 «tinus
308 1379 544 1416 exstantibus
568 1381 742 1418 versibus
757 1390 813 1419 est
830 1381 1122 1432 interpretatus,
1145 1380 1226 1418 haec
1246 1379 1444 1417 continent
1462 1393 1470 1416 :
1486 1376 1631 1417 Judicii

168 1442 358 1492 «signum,
376 1450 448 1482 etc.
467 1460 482 1476 υ

212 1506 335 1556 Pergit
363 1506 595 1557 Augustinus
613 1508 729 1547 latine
747 1522 896 1546 versam
923 1521 1117 1560 exponere
1140 1507 1433 1546 acrostichidem
1457 1506 1628 1545 eamdem

168 1582 268 1620 quam
295 1583 412 1620 supra
433 1584 552 1621 graece
574 1572 740 1611 vidimus
754 1572 803 1611 ab
824 1573 990 1612 Eusebio
1009 1574 1191 1624 proponi.
1211 1571 1286 1612 Sed
1316 1573 1355 1610 in
1380 1571 1501 1610 latino
1523 1571 1632 1609 testi-

169 1634 283 1671 monio
300 1635 474 1685 quaedam
493 1645 580 1675 sunt
606 1635 870 1676 observanda:
892 1636 929 1675 ιο
951 1651 1027 1675 non
1058 1650 1215 1689 prorsus
1234 1637 1424 1674 affirmare
1452 1634 1631 1687 Augusti-

169 1710 246 1734 uum
275 1698 479 1748 Erythraeae
499 1699 651 1750 Sibyllae
682 1702 796 1738 sctum
817 1702 920 1739 hune
940 1715 1041 1749 esse,
1065 1715 1201 1752 nempe
1227 1701 1326 1739 illius
1357 1699 1629 1750 antiquissimae

144 1803 146 1806 .
172 1769 203 1797 et
221 1773 294 1810 prae
311 1762 443 1800 ceteris
454 1764 561 1800 clara:
573 1777 583 1813 ;
597 1764 650 1801 ait
669 1764 768 1801 enim
790 1778 828 1801 :a
841 1764 1034 1814 Erythraea
1050 1763 1193 1813 Sibylla
1209 1762 1398 1814 quaedam,
1413 1780 1427 1796 υ
1445 1770 1484 1800 et
1498 1762 1624 1799 infra:

171 1823 361 1862 «Carmina
372 1839 453 1863 esse
472 1826 600 1865 dicens
621 1827 774 1878 Sibyllae
791 1829 1041 1879 Erythraeaeu3
1055 1828 1215 1873 2⁰illud,
1231 1828 1334 1879 quod
1349 1828 1427 1878 jam
1445 1827 1625 1874 diximus,

172 1889 357 1938 Augustini
385 1899 557 1942 tempore
574 1905 699 1930 raram
723 1892 858 1942 fuisse]
875 1892 1021 1931 Latinis
1046 1901 1149 1931 certe
1168 1906 1304 1944 parum
1325 1893 1527 1943 cognitam,
1543 1904 1627 1929 eam

171 1951 456 1997 acrostichidem,
468 1962 509 1991 ut
522 1954 639 2006 ipsam
660 1957 823 1994 raritatis
833 1970 945 1995 causa
959 1958 1143 2008 integram
1156 1955 1426 2008 proferendam
1440 1954 1629 2006 putaverit

170 2023 304 2052 sanctus
332 2018 459 2065 Pater,
482 2032 609 2070 neque
635 2020 696 2058 hic
717 2022 850 2068 ιηοιΙο,
877 2021 943 2060 sed
965 2022 1149 2059 rursusin
1181 2022 1356 2059 oratione
1380 2028 1513 2058 contra
1534 2019 1627 2059 Jud.

171 2077 248 2128 Pag.
265 2088 301 2117 et
322 2083 425 2132 Arra,
447 2082 520 2120 nisi
538 2091 662 2122 tamen
681 2094 874 2135 postrema
894 2085 974 2123 haec
989 2086 1111 2123 oratio
1129 2086 1257 2137 spuria
1281 2093 1349 2132 est,
1368 2097 1389 2122 e
1411 2091 1626 2122 ceterorum

172 2140 339 2181 librorum
368 2145 518 2184 exuviis
536 2149 818 2196 consarcinata3
852 2147 892 2186 3⁰
910 2149 1030 2187 videri
1045 2149 1110 2187 illo
1131 2158 1303 2199 tempore
1332 2146 1625 2186 acrostichidem

171 2205 273 2256 vulgo
302 2208 421 2246 solam
452 2210 691 2250 circumferri
712 2213 876 2260 solitam,
896 2212 1015 2251 libros
1042 2227 1133 2250 vero
1154 2213 1323 2263 integros
1343 2212 1466 2250 rarius
1491 2224 1501 2249 :
1521 2211 1626 2262 quod

172 2266 267 2307 facile
289 2271 487 2324 intelligaS,
516 2275 545 2312 si
573 2284 727 2326 reputes
745 2277 982 2314 Constantini
1003 2277 1219 2314 orationem
1243 2276 1289 2314 ad
1310 2277 1481 2315 Nicaenos
1494 2277 1627 2315 Patres

171 2335 366 2373 necessario
394 2336 432 2374 in
453 2338 669 2377 Occidentis
706 2340 880 2391 partibus
911 2341 1025 2378 latine¹
1052 2341 1330 2391 promulgatam
1365 2339 1501 2388 fuisse,
1538 2351 1624 2377 cum

172 2394 241 2445 ipsa
268 2401 520 2441 acrostichide
552 2405 589 2441 in
616 2418 746 2443 versus
773 2405 909 2443 latinos
949 2414 1154 2456 utcumque
1194 2418 1325 2451 versa,
1348 2412 1384 2442 et
1418 2404 1472 2441 sic
1498 2402 1626 2441 divul-

172 2462 240 2508 gari
262 2464 428 2513 potuisse
456 2467 614 2506 latinam·
638 2470 956 2515 acrostichidem,
977 2471 1108 2521 graecis
1139 2469 1381 2507 manentibus
1402 2469 1494 2519 ipsis
1515 2468 1624 2506 libris

172 2523 318 2576 ideoque
337 2543 470 2580 parum
490 2532 528 2569 in
547 2533 756 2572 Occidente
772 2535 944 2586 cognitis.
967 2535 1102 2574 Obstat
1120 2543 1245 2572 tamen
1260 2533 1363 2585 quod
1384 2547 1455 2584 pro
1471 2532 1624 2571 XXXIV

171 2590 327 2630 versibus
349 2595 480 2644 graecis
501 2596 607 2636 latini
636 2599 823 2637 duntaxat
851 2600 990 2639 XXVII
1020 2598 1273 2645 exhibentur,
1297 2598 1363 2649 qui
1391 2597 1464 2635 suit
1482 2597 1624 2648 prima-

173 2651 241 2690 rius
276 2661 533 2700 acrostichidis
560 2677 694 2714 graecae
729 2679 925 2711 numerus,
954 2665 1173 2715 priusquam
1200 2664 1239 2701 iu
1268 2662 1474 2713 Sibyllinos
1505 2661 1624 2699 libros
1677 2711 1683 2717 ⁶

172 2715 433 2769 admitteretur,
449 2735 561 2765 aucta
576 2735 655 2766 tum
667 2729 831 2779 primum
848 2730 983 2768 Crucis
994 2739 1131 2767 sanctae
1147 2728 1301 2767 nomine
1319 2719 1624 2778 (confer'Exc.v,

172 2792 242 2830 ⁰³1)-
262 2783 314 2836 5).
335 2787 465 2827 Potuit
491 2805 582 2842 ergo
611 2792 753 2831 diutius
780 2803 864 2831 ante
886 2795 1137 2845 Augustinum
1153 2803 1190 2831 et
1213 2792 1526 2839 Constantinum,
1545 2791 1624 2828 imo

173 2853 246 2882 ante
265 2848 403 2889 editum
432 2862 608 2893 octavum
630 2856 767 2894 librum
783 2887 795 2906 ,
824 2871 844 2895 c
865 2870 988 2908 graeco
1009 2857 1045 2894 in
1073 2857 1228 2894 latinum
1251 2854 1447 2894 transferri
1467 2853 1624 2893 acrosti-

1467 2989 1484 3003 ἱ
