1686 3500
660 212 963 261 Excunsus
999 215 1053 261 v.
1447 266 1455 278 ,
1495 216 1588 264 375

123 316 207 366 cipe
234 312 386 350 vivente
409 318 498 350 tunc
522 318 560 349 et
579 319 786 362 regnante,
800 309 1088 369 dominantibus
1105 311 1144 349 in
1163 312 1326 365 AEgypto
1342 321 1381 352 et
1395 320 1477 353 toto
1495 312 1592 354 orbe

125 376 318 419 Romanis.
1175 415 1179 420 ,
1211 366 1214 370 ’
1296 415 1299 417 ,

172 444 258 482 Haec
276 452 359 487 nos,
375 452 461 491 quae
478 439 706 487 diceremus,
726 438 934 478 habuimus
951 437 1102 477 deloco
1119 437 1590 490 Sibyllinorumlomnium

123 504 367 554 difficillimo,
389 503 503 542 nimis
531 503 611 542 haec
639 516 794 555 quoque
813 503 987 554 prolixa,
1004 501 1070 541 sed
1091 510 1218 540 tamen
1235 495 1468 552 necessaria,
1491 518 1591 558 quo·

124 571 220 609 niam
244 582 292 606 ex
313 567 358 605 iis
379 568 520 619 pendet
537 575 658 606 totum
678 568 758 605 fere
769 566 960 618 judicium
980 566 1028 605 de
1054 574 1164 604 aetate
1185 566 1304 616 partis
1327 565 1440 617 hujus
1459 567 1593 607 mediae

125 633 211 673 libri
233 632 299 670 111.
319 633 496 672 Ceterum
517 640 621 670 recte
637 644 708 670 nos
726 631 830 669 hunc
850 631 976 669 locum
998 630 1188 681 accepisse
1216 629 1265 668 de
1288 629 1468 669 Romanis
1489 633 1592 672 testis

125 707 179 738 est
203 697 290 743 illa,
320 709 435 746 quarn
459 709 575 748 supra
594 696 826 743 notavimus,
848 696 1029 747 frequens
1046 695 1085 733 in
1101 695 1172 733 hac
1192 702 1300 746 parte
1318 708 1362 733 ac
1381 708 1485 746 paene
1504 709 1593 747 per-

126 770 236 814 petua
271 761 528 800 Romanorum
559 759 716 800 mentio.
752 759 874 799 Etiam
915 757 1015 796 bene
1042 770 1064 795 a
1098 756 1211 796 nobis
1248 756 1484 795 intellectum
1512 770 1592 796 esse

125 837 262 864 saevum
295 823 402 861 illum
435 823 560 861 virum
577 853 588 871 ,
620 823 667 861 de
695 836 772 874 quo
819 823 932 874 plura
972 822 1219 860 commentati
1253 834 1382 860 sumus
1412 821 1460 860 ad
1493 821 1594 860 huuc

125 901 290 934 versum,
1467 886 1471 890 ⁴

275 949 378 995 “flia
399 950 561 1006 >eac-m?
577 950 704 991 ἅπυστ’
724 951 770 995 εἷς
789 950 942 993 Ἀσσίδος
957 949 1075 989 ὄλὸιον
1093 943 1216 997 οὖδας,

123 1016 248 1056 testari
281 1016 396 1053 etiam
416 1024 543 1066 potest
564 1015 747 1066 legendus
765 1014 868 1052 haud
889 1015 1010 1052 multo
1031 1015 1131 1053 infra
1147 1028 1279 1054 versus
1300 1020 1376 1062 470
1393 1026 1404 1053 ε

276 1077 399 1122 Ἄλλος
416 1080 477 1116 ἀπ’
497 1077 650 1126 Ἰταλίης
666 1077 824 1128 λυμήτης
839 1077 949 1122 ἵξεται
965 1076 1068 1130 ἀνήρ,

127 1142 236 1191 Quod
257 1156 328 1181 nos
353 1143 507 1194 quidem
527 1143 575 1181 de
599 1142 839 1182 Antichristo
867 1141 1095 1192 praedictum
1121 1150 1314 1193 putamus.
1336 1141 1410 1181 Sed
1429 1143 1602 1195 quisquis

127 1210 276 1246 demum
314 1208 561 1259 intelligatur,
586 1194 771 1258 quonam,
793 1219 1033 1258 quaesumus,
1063 1206 1178 1245 modo
1208 1207 1378 1246 nuntiari
1401 1207 1455 1246 sic
1468 1217 1598 1260 posset

129 1272 220 1311 alius
237 1271 296 1310 vir
314 1285 360 1310 ex
380 1272 508 1319 Italia,
528 1272 629 1314 ἄλλος
646 1270 706 1309 ἀπ’
721 1270 896 1318 Ἰταλίης,
914 1271 986 1309 nisi
1005 1271 1112 1321 prior
1135 1271 1271 1322 aliquis
1294 1285 1341 1310 ex
1368 1271 1477 1310 Italia
1506 1285 1598 1310 ven-

126 1346 229 1375 turus
259 1350 376 1387 supra
401 1336 598 1374 nuntiatus
629 1344 726 1374 esset
752 1349 827 1373 :ex
857 1335 966 1374 Italia
995 1349 1157 1386 nempe,
1189 1345 1230 1374 ut
1259 1336 1491 1381 Hadrianum
1518 1350 1594 1376 non

125 1415 170 1440 ex
191 1400 434 1448 Macedonia,
454 1409 495 1439 ut
516 1400 745 1447 Alexander,
765 1413 891 1450 neque
907 1413 952 1439 ex
975 1400 1077 1445 Asia,
1107 1408 1148 1438 ut
1174 1400 1399 1438 Antiochus.

174 1465 330 1516 Reliqua
358 1465 476 1515 partis
505 1464 618 1515 hujus
643 1472 814 1502 nontam
837 1465 948 1515 longa
975 1472 1086 1515 egent
1110 1463 1402 1514 disceptatione.
1431 1465 1526 1512 Quae
1549 1464 1596 1504 de

126 1530 263 1568 lleleua
284 1528 456 1580 etTroja
469 1538 507 1567 et
531 1530 699 1567 Homero
725 1528 779 1566 ibi
806 1537 1010 1575 canuntur,
1040 1541 1075 1567 v.
1099 1531 1290 1577 414-432,
1322 1528 1522 1581 desumpta
1541 1529 1595 1567 vi-

125 1595 259 1632 dentur
275 1608 322 1632 ex
342 1594 550 1644 Erythraeae
564 1593 734 1645 profanae
747 1592 994 1631 carminibus.
1012 1592 1136 1631 Citata
1152 1593 1252 1631 enim
1268 1602 1356 1632 sunt
1376 1593 1424 1632 ab
1445 1593 1595 1645 Apollo·

124 1659 216 1696 doro
244 1658 446 1708 Erythraeo
474 1666 658 1708 tanquam
680 1670 701 1696 a
728 1671 797 1696 sua
815 1657 897 1695 cive
920 1658 1158 1709 conscripta,
1184 1666 1278 1697 teste
1296 1658 1470 1696 Varrone
1489 1657 1594 1710 apud

127 1723 360 1761 Lactantium
378 1736 388 1763 ε
405 1722 539 1761 confer
555 1723 649 1763 Exc.
668 1723 700 1771 1,
717 1736 803 1774 cap.
821 1735 856 1760 2.
873 1723 930 1761 Ex
950 1722 1032 1760 aliis
1049 1722 1220 1774 profanis
1237 1722 1403 1760 oraculis
1422 1723 1597 1774 prosecta

126 1787 298 1825 videntur
311 1800 397 1838 quae
413 1786 460 1825 de
477 1795 581 1825 motu
599 1795 710 1825 terrae
728 1787 762 1824 in
782 1786 942 1838 Phrygia
956 1814 967 1834 ,
981 1800 1015 1824 v.
1035 1793 1122 1835 401,
1137 1799 1243 1838 sqq.,
1262 1795 1300 1825 et
1315 1800 1399 1838 quae
1415 1787 1463 1824 de
1478 1787 1592 1826 Samo

128 1851 246 1889 insula
266 1860 471 1901 canuntur,
502 1865 536 1890 v.
564 1852 652 1896 463,
671 1859 709 1889 et
728 1851 799 1888 alia
818 1851 976 1889 sortasse
993 1852 1190 1890 nonnulla.
1207 1852 1348 1890 Contra
1368 1852 1552 1903 pleraque
1571 1865 1592 1891 e

128 1907 286 1965 judaicis
313 1914 605 1966 christianisque
631 1914 826 1967 Sibyllinis
839 1945 849 1963 ,
869 1923 985 1966 atque
1002 1929 1050 1953 ex
1069 1915 1115 1953 iis
1131 1916 1222 1968 ipsis
1239 1929 1337 1967 quos
1354 1929 1457 1954 nunc
1476 1914 1593 1954 habe-

127 1993 219 2031 mus,
239 1979 345 2018 libi-is
361 1980 522 2032 repetita
536 1980 576 2017 in
590 1980 663 2018 hac
682 1988 787 2031 parte
806 1988 907 2027 sunt,
922 1988 963 2018 ut
977 1981 1100 2031 ipsum
1117 1981 1287 2031 quinque
1313 1980 1486 2019 versibus
1503 1994 1592 2019 con-

126 2053 223 2083 stans
235 2045 449 2094 exordium,
462 2058 502 2085 v.
518 2046 607 2095 295,
621 2058 751 2096 sqq.,e
767 2043 868 2083 libro
885 2045 952 2093 111,
966 2058 1003 2084 v.
1022 2045 1107 2092 162,
1123 2058 1226 2096 sqq„
1242 2053 1280 2083 et
1297 2045 1386 2096 489,
1401 2058 1486 2096 sqq.
1498 2045 1592 2083 Item

126 2109 280 2160 septima
302 2122 435 2161 regum
457 2108 679 2161 progenies,
698 2122 730 2147 v,
759 2109 925 2156 318,·ex
949 2108 1084 2146 eodem
1105 2108 1169 2147 lib.
1191 2109 1261 2159 III,
1289 2121 1325 2149 v.
1350 2122 1422 2158 19²
1445 2117 1482 2147 et
1501 2109 1590 2148 608.

125 2174 204 2224 Gog
223 2183 260 2212 et
277 2174 439 2225 Magog,
466 2186 501 2212 v.
519 2175 607 2222 319,
639 2172 834 2221 indidem,
851 2185 886 2211 v.
914 2173 1002 2210 512.
1026 2172 1156 2211 Romre
1175 2186 1269 2223 opes
1283 2173 1321 2210 in
1343 2173 1470 2212 Asiam
1496 2172 1593 2212 rese-

125 2237 270 2286 rendae,
284 2251 323 2275 v.
343 2238 434 2285 350,
451 2251 549 2288 sqq..
568 2250 589 2275 e
610 2236 707 2275 libro
729 2237 793 2285 IV,
811 2249 847 2275 v.
877 2242 963 2284 142,
980 2249 1065 2287 sqq.
1085 2235 1234 2274 'I'enedi
1247 2236 1371 2275 clades
1401 2244 1592 2289 extrema,

125 2313 158 2337 v.
175 2302 262 2349 486,
279 2315 300 2339 e
315 2301 415 2340 libro
434 2301 500 2349 lv,
514 2315 550 2340 v.
573 2314 659 2349 ποι,
677 2309 825 2339 mutato
845 2308 969 2338 tamen
985 2301 1118 2339 insulae
1134 2301 1300 2339 nomine.
1328 2301 1431 2340 Sami
1454 2310 1493 2339 et
1511 2302 1592 2341 Deli

124 2366 290 2415 ruina,v.
308 2367 398 2415 363,
413 2379 490 2403 non
505 2373 579 2403 tam
598 2378 618 2403 e
632 2364 731 2402 libro
747 2365 812 2413 IV,
828 2378 862 2403 v.
878 2378 941 2415 91,
954 2377 1030 2416 sq.,
1047 2378 1160 2415 quam
1175 2378 1195 2403 e
1211 2364 1311 2402 libro
1323 2364 1425 2416 VIII,
1442 2379 1479 2406 v.
1501 2366 1589 2417 165,

124 2441 189 2480 sq.,
208 2439 367 2482 propter
391 2429 568 2468 additum
587 2428 682 2467 illud
703 2428 828 2479 Ῥώμη
856 2429 947 2482 ῥύμη
970 2428 1071 2479 quod
1090 2429 1128 2466 in
1150 2428 1250 2467 libro
1271 2429 1424 2480 quidem
1453 2438 1592 2481 quarto

124 2492 262 2543 deerat,
282 2494 420 2546 legitur
435 2503 562 2532 autem
586 2494 627 2532 in
651 2503 800 2541 octavo,
815 2494 1032 2545 lectumque
1044 2494 1123 2545 jam
1145 2494 1236 2532 olim
1254 2503 1309 2533 est
1328 2507 1349 2533 a
1375 2495 1588 2546 Lactantio,

124 2565 161 2595 ut
175 2557 322 2608 pridem
342 2558 610 2597 annotavimus
627 2557 675 2596 ad
698 2557 738 2597 h.
760 2558 784 2597 l.
805 2558 918 2604 Quod
942 2558 972 2596 si
991 2559 1045 2596 fas
1069 2558 1299 2610 conjecturae
1317 2559 1460 2610 aliquid
1479 2559 1594 2610 dare,

123 2626 316 2677 antiquum
334 2626 403 2665 ruit
428 2626 522 2665 illud
541 2627 736 2665 oraculum
757 2626 804 2664 de
824 2628 938 2665 Samo
960 2635 998 2665 et
1018 2627 1138 2676 Delo,
1168 2628 1365 2678 multoque
1397 2627 1592 2679 Sibyllinis

123 2691 331 2741 antiquius,
346 2691 449 2742 quod
472 2691 638 2742 primum
662 2691 852 2741 Sibyllino
879 2691 978 2729 libro
993 2691 1041 2730 lv
1065 2691 1264 2742 insertum,
1283 2691 1373 2730 iude
1389 2693 1428 2730 in
1449 2692 1587 2731 librum

123 2753 208 2792 VIII
239 2755 389 2793 transiit
413 2769 500 2793 cuni
531 2754 663 2793 addita
692 2756 819 2794 Romae
847 2755 1057 2801 mentione,
1084 2764 1197 2806 atque
1214 2755 1305 2794 inde
1335 2755 1455 2794 serius
1477 2757 1514 2794 in
1543 2756 1587 2794 li·
1639 2777 1645 2784 ·

123 2816 230 2856 hrum
254 2820 330 2866 111,
354 2825 374 2866 S
404 2821 439 2860 3.
467 2821 578 2860 Certe
603 2819 728 2870 Ῥώμη
757 2820 848 2873 ῥύμη
868 2829 1017 2858 aetatem
1043 2820 1273 2859 deteriorem
1305 2822 1424 2873 sapit,
1451 2834 1494 2859 ac
1521 2819 1585 2858 vix

125 2892 247 2932 potest
266 2897 345 2922 esse
365 2885 498 2936 primis
520 2894 607 2938 post
624 2885 820 2924 Christum
841 2886 988 2926 saeculis
1008 2885 1192 2926 anterius.
