1686 3500
114 208 208 255 410
496 210 579 254 ΛΒ
612 207 961 256 SIBYLLlNOS
996 206 1202 252 LIBROS

166 305 300 345 Statim
327 305 500 345 homines
532 306 706 359 increpat
729 306 838 359 quod
864 318 890 344 ‘a
913 318 1006 344 vero
1030 305 1110 343 Deo
1140 302 1186 341 ad
1212 302 1313 342 idola
1337 303 1583 354 desciverint,

111 385 148 410 V.
165 370 270 419 8·35,
289 382 501 421 eorumque
515 370 609 409 vitia
626 381 664 410 et
689 371 830 423 flagitia
850 370 1038 422 deplorat,
1057 379 1090 406 v.
1111 366 1245 411 36·t.5.
1548 383 1551 386 >

109 469 115 477 .
159 433 259 473 -lndc
282 434 365 473 sine
383 434 559 473 transitu
587 434 782 474 vaticinari
817 433 951 485 incipit
972 446 980 469 t
999 431 1072 472 Sed
1105 443 1224 481 quum
1258 431 1402 479 Roma,
1437 431 1585 484 inquit,

109 498 276 550 AEgypto
287 498 475 550 imperare
488 501 658 551 coeperit,
673 501 797 539 veniet
812 500 850 537 in
866 506 986 536 terras
999 509 1067 534 rex
1077 504 1231 533 sanctus
1244 495 1436 545 (Christus
1451 509 1586 548 nempe

110 563 300 614 Messias),
314 563 389 616 'qui
404 571 589 604 aeternum
607 568 643 603 in
666 566 778 604 terris
794 576 951 614 regnum
972 561 1165 609 stabiliat,
1182 574 1218 599 v.
1243 561 1374 606 46-50.
1391 563 1501 600 Tunc
1518 562 1586 600 La-

111 628 278 667 tinorum
303 629 359 667 ira
375 629 503 669 saeviet
518 629 787 681 implacabilis,
808 640 843 665 v.
863 628 926 667 51.
943 628 1039 666 Tres
1061 626 1219 664 nomam
1240 625 1388 664 crudeli
1412 626 1490 664 sato
1505 627 1585 665 dis-

108 693 288 745 perdent,
309 707 344 733 v.
378 694 438 733 52.
470 696 609 735 Omnes
629 695 801 733 homines
822 693 929 731 triste
957 692 1148 742 plangent,
1168 703 1287 741 quum
1309 690 1357 729 de
1376 692 1467 729 caelo
1499 701 1584 730 ruet

107 756 242 808 igneus
268 766 481 807 cataracta,
500 774 537 800 v.
561 762 620 806 53,
647 773 701 809 sq.
731 761 780 796 At
803 758 946 808 Sibylla
978 757 1046 796 Dei
1064 757 1251 807 judicium
1282 756 1381 794 votis
1408 756 1584 806 invocat,

108 833 143 859 v-
163 820 227 871 55,
244 834 320 873 sq„
335 822 526 875 urbesque
541 824 732 874 increpat,
752 822 920 860 aedificiis
940 829 978 859 et
993 820 1251 859 monumentis
1267 821 1510 859 exstruendis
1529 821 1584 858 in-

110 895 245 937 tentas,
264 887 572 938 imminentejani
589 895 758 925 extrema
774 886 838 925 illa
853 886 936 933 die,
958 898 991 925 v.
1009 885 1146 923 56-62.

159 953 230 992 Hic
261 965 353 991 vero
384 953 516 991 lacuna
542 952 676 1002 ingens
699 951 886 989 orationis
914 949 1049 988 seriem
1080 948 1298 1000 abrumpit,
1317 961 1363 987 ex
1396 961 1471 999 qua
1501 948 1582 987 sine

105 1016 185 1055 ullo
196 1016 354 1055 transitu
370 1014 542 1067 procedit
560 1014 676 1053 Belial
688 1015 767 1053 sive
782 1013 1052 1061 Antichristus,
1062 1012 1221 1064 ejusque
1235 1020 1441 1050 narrantur
1457 1021 1582 1061 ortus,

106 1079 310 1127 adventus,
333 1080 514 1118 miracula
529 1109 540 1127 ,
558 1080 749 1132 potentia,
767 1079 914 1126 exitus,
930 1092 966 1116 v.
987 1079 1127 1126 63-74.
1145 1077 1240 1116 Inde
1261 1077 1392 1130 paucis
1409 1077 1582 1116 versibus

105 1145 274 1184 futurum
299 1144 466 1183 mulieris
490 1145 693 1197 imperium
719 1144 966 1196 praedicitur,
990 1156 1027 1182 v.
1054 1142 1182 1190 75-80.

155 1208 253 1247 Tum
268 1208 488 1246 incendium
509 1209 642 1247 mundi
670 1209 914 1254 universum,
937 1221 976 1248 v.
1003 1207 1141 1253 81-873
1160 1206 1242 1244 (inis
1262 1205 1428 1257 denique
1449 1206 1578 1245 mundi

104 1272 230 1323 hujus,
251 1286 285 1310 v.
319 1272 458 1323 88-90,
486 1282 526 1311 et
554 1286 776 1324 supremum
807 1272 1011 1324 judicium,
1042 1270 1107 1310 sed
1131 1271 1225 1309 illud
1260 1270 1416 1322 quidem
1449 1270 1580 1322 paucis

103 1334 308 1387 obiterque
327 1336 560 1382 nuntiatum,
579 1350 617 1376 v.
640 1350 706 1386 91,
728 1349 786 1386 sq.
1410 1335 1412 1337 ¹

154 1399 339 1450 Sequitur
368 1400 518 1447 lacuna,
536 1408 574 1439 et
593 1401 796 1451 posthanc
817 1413 949 1438 rursus
970 1412 1088 1438 unum
1110 1398 1385 1449 fragmentum,
1410 1406 1580 1449 quatuor

104 1472 248 1502 tantum
268 1464 443 1503 versibus
460 1465 649 1503 inclusum
661 1494 672 1513 ,
689 1465 780 1503 olim
797 1464 845 1503 de
863 1463 1032 1502 secundo
1049 1463 1197 1502 Messiae.
1220 1463 1390 1502 adventu
1411 1462 1576 1513 scriptis,

104 1535 144 1565 ut
163 1527 356 1577 videntur,
372 1528 487 1566 hodie
503 1542 594 1567 vero
611 1530 786 1567 mutilum
806 1528 1090 1578 obscurumque
1110 1541 1261 1566 sensum
1283 1525 1578 1574 exhibentibus,

102 1604 136 1630 v.
152 1591 285 1642 93·96.

153 1657 261 1695 Nune
282 1656 411 1695 omnia
428 1657 497 1695 ista
510 1686 520 1706 ,
537 1670 616 1709 quo
637 1657 832 1708 prodeunt
850 1657 1006 1705 ordine,
1023 1655 1254 1696 recensenda
1275 1664 1376 1693 sunt.

152 1721 195 1759 ln
217 1721 358 1772 primo,
379 1721 426 1760 de
446 1734 526 1773 quo
545 1735 678 1774 supra,
698 1721 862 1760 exordio
887 1721 1073 1773 pleraque
1098 1720 1265 1759 vidimus
1283 1732 1304 1758 e
1328 1719 1468 1770 prioris
1486 1718 1574 1757 libri

97 1784 173 1823 fine
192 1784 394 1837 desumpta
413 1798 514 1831 esse,
533 1786 693 1824 servatis
710 1785 802 1837 ipsis
821 1784 963 1824 verbis.
983 1786 1078 1832 Quae
1100 1793 1189 1823 sunt
1211 1783 1340 1822 addita
1353 1813 1363 1831 ,
1389 1784 1574 1822 adversus

100 1849 277 1888 metricas
306 1850 408 1901 leges
438 1863 516 1888 non
547 1864 620 1888 una
650 1863 698 1888 ex
719 1859 827 1902 parte
851 1849 1073 1901 peccantia,
1108 1847 1243 1900 plagiis
1264 1849 1378 1886 etiam
1399 1848 1572 1900 undique

97 1920 256 1952 scatent.
276 1914 406 1965 Neque
435 1914 530 1953 illud
555 1915 678 1953 notari
709 1927 861 1954 necesse
893 1922 974 1961 est,
996 1914 1119 1966 palam
1140 1927 1160 1952 e
1181 1914 1319 1951 sanctis
1342 1912 1448 1951 libris
1468 1914 1572 1966 peti·

97 1986 199 2026 tum,
218 1979 385 2030 satisque
402 1979 531 2030 inepte
560 1979 634 2017 huc
651 1980 841 2017 intrusum
862 1993 870 2017 ε
891 1977 961 2023 Ὃς
993 1978 1081 2031 ἔχεις
1100 1978 1140 2016 τὸ
1168 1977 1348 2030 Χερουὸὶμ
1378 1978 1572 2031 ἱδρυμένον.

98 2042 237 2080 Verum
258 2042 351 2080 illud
369 2042 534 2081 deinde:
556 2042 767 2090 Παναληθέα
783 2041 998 2095 φημίξασαν,
1015 2050 1072 2081 est
1087 2054 1107 2080 e
1126 2040 1225 2079 libro
1239 2042 1286 2089 V,
1300 2055 1337 2081 v.
1355 2055 1390 2090 7.
1403 2041 1572 2081 Deinde:

99 2103 271 2156 Κέκμηκα
291 2105 358 2158 γὰρ
387 2106 496 2146 ἔνδοθι
514 2100 618 2159 ἦτορ,
641 2115 679 2145 et
698 2120 783 2158 quae
802 2115 1029 2157 sequuntur,
1051 2099 1138 2144 curii
1168 2106 1252 2156 ipso
1274 2105 1340 2143 illo
1363 2119 1372 2146 ε
1396 2104 1488 2144 Οὐδὲ
1504 2105 1572 2159 γὰρ

96 2162 173 2207 οἶδα
189 2169 269 2209 ὅττι
290 2169 401 2220 λέγω,
426 2172 586 2223 repetita
609 2180 697 2209 sunt
724 2185 744 2210 e
768 2170 865 2209 libro
890 2171 984 2220 ΧΠ,
1008 2184 1042 2209 v.
1073 2172 1161 2221 293,
1186 2184 1287 2222 sqq„
1315 2170 1532 2221 partimque
1551 2183 1572 2209 e

96 2234 184 2274 libri
202 2236 287 2277 xlv
302 2237 427 2276 initio.
447 2237 551 2276 Sexti
572 2245 697 2275 autem
717 2250 849 2276 versus
881 2235 1164 2275 hemistichium
1191 2248 1200 2275 :
1226 2234 1343 2288 Αὐτὰρ
1362 2235 1446 2274 πάλι
1469 2234 1571 2274 πάντ’

97 2300 292 2354 ἀγορεύσω,
314 2302 468 2353 respicit
483 2301 530 2339 ad
553 2301 692 2340 librum
714 2303 788 2349 111,
812 2315 851 2340 v.
878 2314 967 2342 210.

148 2366 290 2405 Totum
314 2367 430 2418 igitur
453 2367 526 2405 hoc
551 2366 757 2405 exordium
783 2367 1040 2418 undequaque
1069 2377 1265 2404 corrasum
1293 2373 1350 2402 est
1378 2378 1386 2403 :
1413 2364 1478 2402 sed
1501 2376 1568 2402 nec

98 2432 220 2470 minus
239 2446 319 2483 quae
337 2440 564 2484 sequuntur.
586 2433 680 2471 Nam
700 2446 833 2471 versus
853 2433 960 2479 8-35,
981 2432 1053 2470 etsi
1073 2432 1208 2470 melius
1227 2431 1481 2470 consarcinati
1500 2431 1570 2469 mi-

97 2508 245 2546 nusque
277 2496 439 2544 inficeti,
472 2497 626 2535 centoni
664 2504 791 2536 tamen
820 2497 961 2535 similes
993 2504 1104 2543 sunt,
1135 2504 1173 2534 et
1210 2507 1384 2546 magnam
1420 2504 1567 2547 partem

96 2559 290 2610 compilati
310 2574 330 2598 e
350 2561 543 2600 Prooemio
562 2560 776 2613 Sibyllino,
797 2561 903 2613 quod
928 2560 987 2599 vel
1004 2560 1114 2598 brevi
1135 2558 1338 2598 amborum
1356 2559 1566 2598 carminum

95 2623 382 2674 comparatione
401 2624 586 2675 liquidum
602 2625 679 2664 fiet.
1308 2625 1468 2664 Prooem.

121 2687 145 2724 8
173 2686 385 2740 Ἄνθρωποι,
405 2687 614 2728 Οεόπλαστον
635 2688 771 2741 ἔχοντες
790 2689 825 2726 ἐν
845 2687 951 2726 εἰκόνι
970 2686 1103 2740 μορφήν
1118 2717 1130 2737 ,
1359 2702 1392 2727 ι.

121 2764 145 2801 9
175 2750 288 2790 Τίπτε
309 2750 421 2801 μάτην
442 2751 612 2797 πλάζεσθε
627 2783 638 2802 ,
669 2751 727 2790 καὶ
744 2753 806 2790 οὐκ
825 2754 957 2790 εὐθεῖαν
975 2750 1125 2804 ἀταρπὸν

98 2829 143 2852 ιο
172 2815 340 2866 Betim-:1:53
360 2843 1297 2856 ....................................
1363 2816 1434 2865 23,
1454 2829 1536 2869 sqq.

101 2893 114 2918 ι
127 2894 139 2917 ι
176 2875 237 2924 Εἷς
255 2880 342 2925 Θεός
359 2882 430 2920 ἐστι
446 2881 637 2935 μόναρχος,
657 2880 844 2940 ἀθέσφατος
858 2911 868 2931 ,
889 2880 998 2934 αἰθέρι
1020 2880 1139 2930 ναίων,
1302 2889 1314 2903 ·
1357 2894 1390 2929 7.
