<?xml version="1.0" encoding="UTF-8"?>
<!DOCTYPE html PUBLIC "-//W3C//DTD XHTML 1.0 Transitional//EN"
    "http://www.w3.org/TR/xhtml1/DTD/xhtml1-transitional.dtd">
<html xmlns="http://www.w3.org/1999/xhtml" xml:lang="en" lang="en">
 <head>
  <title>
</title>
<meta http-equiv="Content-Type" content="text/html;charset=utf-8" />
  <meta name='ocr-system' content='tesseract 3.04.00' />
  <meta name='ocr-capabilities' content='ocr_page ocr_carea ocr_par ocr_line ocrx_word'/>
</head>
<body>
  <div class='ocr_page' id='page_1' title='image "./excursusadsibyll00alexuoft_0401.png"; bbox 0 0 1686 3500; ppageno 0'>
   <div class='ocr_carea' id='block_1_1' title="bbox 80 219 1167 269">
    <p class='ocr_par' dir='ltr' id='par_1_1' title="bbox 80 219 1167 269">
     <span class='ocr_line' id='line_1_1' title="bbox 80 219 1167 269; baseline -0.003 -2"><span class='ocrx_word' id='word_1_1' title='bbox 80 221 173 268; x_wconf 81' lang='lat'>392</span> <span class='ocrx_word' id='word_1_2' title='bbox 462 222 541 266; x_wconf 87' lang='lat' dir='ltr'>AD</span> <span class='ocrx_word' id='word_1_3' title='bbox 575 221 923 269; x_wconf 87' lang='lat' dir='ltr'>SIBYLLINOS</span> <span class='ocrx_word' id='word_1_4' title='bbox 956 219 1167 268; x_wconf 87' lang='lat' dir='ltr'>LIBROS</span> 
     </span>
    </p>
   </div>
   <div class='ocr_carea' id='block_1_2' title="bbox 57 315 1557 2909">
    <p class='ocr_par' dir='ltr' id='par_1_2' title="bbox 75 315 1549 564">
     <span class='ocr_line' id='line_1_2' title="bbox 78 315 1549 372; baseline -0.003 -14"><span class='ocrx_word' id='word_1_5' title='bbox 78 332 144 358; x_wconf 89' lang='lat' dir='ltr'>seu</span> <span class='ocrx_word' id='word_1_6' title='bbox 159 327 263 359; x_wconf 88' lang='lat' dir='ltr'>certe</span> <span class='ocrx_word' id='word_1_7' title='bbox 278 318 545 372; x_wconf 87' lang='lat' dir='ltr'>improborum</span> <span class='ocrx_word' id='word_1_8' title='bbox 562 329 708 372; x_wconf 88' lang='lat' dir='ltr'>partem</span> <span class='ocrx_word' id='word_1_9' title='bbox 718 350 729 370; x_wconf 92' lang='lat'>,</span> <span class='ocrx_word' id='word_1_10' title='bbox 741 333 789 360; x_wconf 85' lang='lat' dir='ltr'>ex</span> <span class='ocrx_word' id='word_1_11' title='bbox 801 319 963 360; x_wconf 83' lang='lat' dir='ltr'>infernis</span> <span class='ocrx_word' id='word_1_12' title='bbox 976 326 1062 370; x_wconf 89' lang='lat' dir='ltr'>post</span> <span class='ocrx_word' id='word_1_13' title='bbox 1070 315 1258 368; x_wconf 81' lang='lat' dir='ltr'>judicium</span> <span class='ocrx_word' id='word_1_14' title='bbox 1273 315 1470 367; x_wconf 75' lang='lat' dir='ltr'>suppliciis</span> <span class='ocrx_word' id='word_1_15' title='bbox 1484 317 1549 354; x_wconf 80' lang='lat' dir='ltr'>ali·</span> 
     </span>
     <span class='ocr_line' id='line_1_3' title="bbox 75 379 1545 437; baseline -0.002 -16"><span class='ocrx_word' id='word_1_16' title='bbox 75 384 231 434; x_wconf 83' lang='lat' dir='ltr'>quando</span> <span class='ocrx_word' id='word_1_17' title='bbox 251 392 472 435; x_wconf 87' lang='lat' dir='ltr'>exemptum</span> <span class='ocrx_word' id='word_1_18' title='bbox 490 384 536 424; x_wconf 88' lang='lat' dir='ltr'>iri</span> <span class='ocrx_word' id='word_1_19' title='bbox 557 385 753 437; x_wconf 75' lang='lat' dir='ltr'>praedicit,</span> <span class='ocrx_word' id='word_1_20' title='bbox 780 397 920 435; x_wconf 90' lang='lat' dir='ltr'>eosque</span> <span class='ocrx_word' id='word_1_21' title='bbox 936 383 989 421; x_wconf 84' lang='lat' dir='ltr'>sic</span> <span class='ocrx_word' id='word_1_22' title='bbox 1005 395 1026 420; x_wconf 91' lang='lat' dir='ltr'>e</span> <span class='ocrx_word' id='word_1_23' title='bbox 1050 381 1234 420; x_wconf 86' lang='lat' dir='ltr'>Gehenna</span> <span class='ocrx_word' id='word_1_24' title='bbox 1256 379 1294 418; x_wconf 91' lang='lat' dir='ltr'>in</span> <span class='ocrx_word' id='word_1_25' title='bbox 1320 380 1545 420; x_wconf 76' lang='lat' dir='ltr'>Paradisum</span> 
     </span>
     <span class='ocr_line' id='line_1_4' title="bbox 77 443 1548 498; baseline -0.001 -12"><span class='ocrx_word' id='word_1_26' title='bbox 77 447 280 486; x_wconf 79' lang='lat' dir='ltr'>transferre</span> <span class='ocrx_word' id='word_1_27' title='bbox 297 448 392 486; x_wconf 88' lang='lat' dir='ltr'>nihil</span> <span class='ocrx_word' id='word_1_28' title='bbox 407 448 584 496; x_wconf 87' lang='lat' dir='ltr'>dubitat,</span> <span class='ocrx_word' id='word_1_29' title='bbox 602 462 638 488; x_wconf 85' lang='lat' dir='ltr'>v.</span> <span class='ocrx_word' id='word_1_30' title='bbox 660 448 841 498; x_wconf 82' lang='lat'>330-339,</span> <span class='ocrx_word' id='word_1_31' title='bbox 867 460 943 498; x_wconf 87' lang='lat' dir='ltr'>qua</span> <span class='ocrx_word' id='word_1_32' title='bbox 961 445 1008 485; x_wconf 90' lang='lat' dir='ltr'>de</span> <span class='ocrx_word' id='word_1_33' title='bbox 1024 458 1066 484; x_wconf 88' lang='lat' dir='ltr'>re</span> <span class='ocrx_word' id='word_1_34' title='bbox 1081 445 1193 497; x_wconf 85' lang='lat' dir='ltr'>plura</span> <span class='ocrx_word' id='word_1_35' title='bbox 1214 456 1284 482; x_wconf 93' lang='lat' dir='ltr'>nos</span> <span class='ocrx_word' id='word_1_36' title='bbox 1301 443 1341 482; x_wconf 92' lang='lat' dir='ltr'>in</span> <span class='ocrx_word' id='word_1_37' title='bbox 1364 444 1461 484; x_wconf 82' lang='lat' dir='ltr'>Exc.</span> <span class='ocrx_word' id='word_1_38' title='bbox 1485 444 1548 484; x_wconf 84' lang='lat' dir='ltr'>Vl.</span> 
     </span>
     <span class='ocr_line' id='line_1_5' title="bbox 129 509 1105 564; baseline -0.002 -14"><span class='ocrx_word' id='word_1_39' title='bbox 129 513 199 550; x_wconf 82' lang='lat' dir='ltr'>Hic</span> <span class='ocrx_word' id='word_1_40' title='bbox 214 512 361 563; x_wconf 85' lang='lat' dir='ltr'>Sibylla</span> <span class='ocrx_word' id='word_1_41' title='bbox 379 512 428 550; x_wconf 89' lang='lat' dir='ltr'>de</span> <span class='ocrx_word' id='word_1_42' title='bbox 446 513 525 551; x_wconf 88' lang='lat' dir='ltr'>suis</span> <span class='ocrx_word' id='word_1_43' title='bbox 542 514 626 564; x_wconf 87' lang='lat' dir='ltr'>ipsa</span> <span class='ocrx_word' id='word_1_44' title='bbox 642 512 728 550; x_wconf 86' lang='lat' dir='ltr'>satis</span> <span class='ocrx_word' id='word_1_45' title='bbox 743 509 928 557; x_wconf 89' lang='lat' dir='ltr'>sollicita,</span> <span class='ocrx_word' id='word_1_46' title='bbox 947 523 982 549; x_wconf 87' lang='lat' dir='ltr'>v.</span> <span class='ocrx_word' id='word_1_47' title='bbox 1004 509 1078 554; x_wconf 74' lang='lat'>340</span> <span class='ocrx_word' id='word_1_48' title='bbox 1095 522 1105 548; x_wconf 90' lang='lat'>:</span> 
     </span>
    </p>

    <p class='ocr_par' dir='ltr' id='par_1_3' title="bbox 69 578 1545 891">
     <span class='ocr_line' id='line_1_6' title="bbox 231 578 1088 632; baseline -0.006 -12"><span class='ocrx_word' id='word_1_49' title='bbox 231 580 278 620; x_wconf 74' lang='lat' dir='ltr'>At</span> <span class='ocrx_word' id='word_1_50' title='bbox 300 579 336 619; x_wconf 79' lang='grc' dir='ltr'>αἲ</span> <span class='ocrx_word' id='word_1_51' title='bbox 355 580 424 632; x_wconf 77' lang='grc' dir='ltr'>ἐγὼ</span> <span class='ocrx_word' id='word_1_52' title='bbox 441 582 557 629; x_wconf 81' lang='grc' dir='ltr'>δειλὴ,</span> <span class='ocrx_word' id='word_1_53' title='bbox 578 581 612 620; x_wconf 77' lang='grc' dir='ltr'>τί</span> <span class='ocrx_word' id='word_1_54' title='bbox 629 579 820 632; x_wconf 79' lang='grc' dir='ltr'>γενήσομαι</span> <span class='ocrx_word' id='word_1_55' title='bbox 840 578 953 629; x_wconf 77' lang='grc' dir='ltr'>ἤματι</span> <span class='ocrx_word' id='word_1_56' title='bbox 973 579 1088 631; x_wconf 77' lang='grc' dir='ltr'><strong>τῷδε;</strong></span> 
     </span>
     <span class='ocr_line' id='line_1_7' title="bbox 71 645 1542 703; baseline -0.005 -13"><span class='ocrx_word' id='word_1_57' title='bbox 71 651 211 690; x_wconf 87' lang='lat' dir='ltr'>delicta</span> <span class='ocrx_word' id='word_1_58' title='bbox 227 652 316 690; x_wconf 80' lang='lat' dir='ltr'>vitae</span> <span class='ocrx_word' id='word_1_59' title='bbox 333 665 432 702; x_wconf 85' lang='lat' dir='ltr'>snae,</span> <span class='ocrx_word' id='word_1_60' title='bbox 452 652 579 703; x_wconf 85' lang='lat' dir='ltr'>qualia</span> <span class='ocrx_word' id='word_1_61' title='bbox 608 652 686 689; x_wconf 88' lang='lat' dir='ltr'>sere</span> <span class='ocrx_word' id='word_1_62' title='bbox 712 648 785 688; x_wconf 89' lang='lat' dir='ltr'>sub</span> <span class='ocrx_word' id='word_1_63' title='bbox 811 649 924 686; x_wconf 87' lang='lat' dir='ltr'>finem</span> <span class='ocrx_word' id='word_1_64' title='bbox 948 648 1037 686; x_wconf 91' lang='lat' dir='ltr'>libri</span> <span class='ocrx_word' id='word_1_65' title='bbox 1062 645 1212 699; x_wconf 84' lang='lat' dir='ltr'>septimi</span> <span class='ocrx_word' id='word_1_66' title='bbox 1238 646 1386 699; x_wconf 88' lang='lat' dir='ltr'>(confer</span> <span class='ocrx_word' id='word_1_67' title='bbox 1401 659 1542 697; x_wconf 88' lang='lat' dir='ltr'>supra,</span> 
     </span>
     <span class='ocr_line' id='line_1_8' title="bbox 71 710 1545 766; baseline -0.005 -12"><span class='ocrx_word' id='word_1_68' title='bbox 71 728 107 766; x_wconf 86' lang='lat' dir='ltr'>p.</span> <span class='ocrx_word' id='word_1_69' title='bbox 129 715 201 754; x_wconf 81' lang='lat'>381</span> <span class='ocrx_word' id='word_1_70' title='bbox 226 723 264 753; x_wconf 91' lang='lat' dir='ltr'>et</span> <span class='ocrx_word' id='word_1_71' title='bbox 284 715 394 766; x_wconf 87' lang='lat'>388),</span> <span class='ocrx_word' id='word_1_72' title='bbox 412 715 615 754; x_wconf 86' lang='lat' dir='ltr'>confitetur</span> <span class='ocrx_word' id='word_1_73' title='bbox 641 721 756 763; x_wconf 89' lang='lat' dir='ltr'>atque</span> <span class='ocrx_word' id='word_1_74' title='bbox 783 711 981 762; x_wconf 81' lang='lat' dir='ltr'><strong>deplorat,</strong></span> <span class='ocrx_word' id='word_1_75' title='bbox 1002 725 1038 750; x_wconf 86' lang='lat' dir='ltr'>v.</span> <span class='ocrx_word' id='word_1_76' title='bbox 1067 710 1252 756; x_wconf 67' lang='lat'>3400345.</span> <span class='ocrx_word' id='word_1_77' title='bbox 1275 710 1433 748; x_wconf 82' lang='lat' dir='ltr'>Invocat</span> <span class='ocrx_word' id='word_1_78' title='bbox 1452 723 1545 761; x_wconf 85' lang='lat' dir='ltr'>ergo</span> 
     </span>
     <span class='ocr_line' id='line_1_9' title="bbox 73 773 1543 828; baseline -0.004 -11"><span class='ocrx_word' id='word_1_79' title='bbox 73 779 143 817; x_wconf 90' lang='lat' dir='ltr'>Dei</span> <span class='ocrx_word' id='word_1_80' title='bbox 178 778 499 826; x_wconf 87' lang='lat' dir='ltr'>misericordiam,</span> <span class='ocrx_word' id='word_1_81' title='bbox 527 791 566 824; x_wconf 87' lang='lat' dir='ltr'>v,</span> <span class='ocrx_word' id='word_1_82' title='bbox 600 773 691 826; x_wconf 61' lang='lat'><strong><em>3135,</em></strong></span> <span class='ocrx_word' id='word_1_83' title='bbox 721 789 795 827; x_wconf 89' lang='lat' dir='ltr'>sq.,</span> <span class='ocrx_word' id='word_1_84' title='bbox 816 784 933 827; x_wconf 90' lang='lat' dir='ltr'>atque</span> <span class='ocrx_word' id='word_1_85' title='bbox 956 774 1108 814; x_wconf 83' lang='lat' dir='ltr'>interim</span> <span class='ocrx_word' id='word_1_86' title='bbox 1135 774 1304 827; x_wconf 83' lang='lat' dir='ltr'>requiem</span> <span class='ocrx_word' id='word_1_87' title='bbox 1321 782 1503 828; x_wconf 77' lang='lat' dir='ltr'>precatur</span> <span class='ocrx_word' id='word_1_88' title='bbox 1523 787 1543 811; x_wconf 88' lang='lat' dir='ltr'>a</span> 
     </span>
     <span class='ocr_line' id='line_1_10' title="bbox 69 842 761 891; baseline -0.007 -9"><span class='ocrx_word' id='word_1_89' title='bbox 69 843 230 882; x_wconf 83' lang='lat' dir='ltr'>canendi</span> <span class='ocrx_word' id='word_1_90' title='bbox 253 842 489 887; x_wconf 77' lang='lat' dir='ltr'>necessitate,</span> <span class='ocrx_word' id='word_1_91' title='bbox 511 854 549 879; x_wconf 89' lang='lat' dir='ltr'>v.</span> <span class='ocrx_word' id='word_1_92' title='bbox 572 842 661 888; x_wconf 74' lang='lat'><strong>347,</strong></span> <span class='ocrx_word' id='word_1_93' title='bbox 679 852 761 891; x_wconf 82' lang='lat' dir='ltr'>sq.:</span> 
     </span>
    </p>

    <p class='ocr_par' dir='ltr' id='par_1_4' title="bbox 226 908 1173 961">
     <span class='ocr_line' id='line_1_11' title="bbox 226 908 1173 961; baseline -0.003 -12"><span class='ocrx_word' id='word_1_94' title='bbox 226 911 315 950; x_wconf 80' lang='grc' dir='ltr'>Ἥὸε</span> <span class='ocrx_word' id='word_1_95' title='bbox 335 911 365 948; x_wconf 84' lang='grc' dir='ltr'>δ’</span> <span class='ocrx_word' id='word_1_96' title='bbox 389 909 456 961; x_wconf 78' lang='grc' dir='ltr'>ἐγὼ</span> <span class='ocrx_word' id='word_1_97' title='bbox 475 908 617 960; x_wconf 75' lang='grc' dir='ltr'>λίτομαί</span> <span class='ocrx_word' id='word_1_98' title='bbox 636 923 689 956; x_wconf 81' lang='grc' dir='ltr'>σε,</span> <span class='ocrx_word' id='word_1_99' title='bbox 708 908 806 961; x_wconf 80' lang='grc' dir='ltr'>βαιὸν</span> <span class='ocrx_word' id='word_1_100' title='bbox 822 908 953 947; x_wconf 76' lang='grc' dir='ltr'>παῦσαί</span> <span class='ocrx_word' id='word_1_101' title='bbox 971 923 1015 960; x_wconf 80' lang='grc' dir='ltr'>με</span> <span class='ocrx_word' id='word_1_102' title='bbox 1034 908 1173 955; x_wconf 69' lang='grc' dir='ltr'>ἀοιδῆς,</span> 
     </span>
    </p>

    <p class='ocr_par' dir='ltr' id='par_1_5' title="bbox 71 970 1096 1082">
     <span class='ocr_line' id='line_1_12' title="bbox 225 970 1096 1025; baseline -0.001 -15"><span class='ocrx_word' id='word_1_103' title='bbox 225 973 320 1024; x_wconf 59' lang='lat' dir='ltr'>‘&#39;A-(ne</span> <span class='ocrx_word' id='word_1_104' title='bbox 341 971 550 1022; x_wconf 83' lang='grc' dir='ltr'>μαννοδότα,</span> <span class='ocrx_word' id='word_1_105' title='bbox 568 973 711 1024; x_wconf 77' lang='grc' dir='ltr'>βασιλεῦ</span> <span class='ocrx_word' id='word_1_106' title='bbox 730 972 885 1025; x_wconf 81' lang='grc' dir='ltr'>μεγάλης</span> <span class='ocrx_word' id='word_1_107' title='bbox 907 970 1096 1024; x_wconf 78' lang='grc' dir='ltr'>βασιλείης.</span> 
     </span>
     <span class='ocr_line' id='line_1_13' title="bbox 71 1042 527 1082; baseline -0.002 0"><span class='ocrx_word' id='word_1_108' title='bbox 71 1043 140 1082; x_wconf 78' lang='lat' dir='ltr'>Hic</span> <span class='ocrx_word' id='word_1_109' title='bbox 156 1043 244 1082; x_wconf 88' lang='lat' dir='ltr'>libri</span> <span class='ocrx_word' id='word_1_110' title='bbox 256 1042 412 1081; x_wconf 86' lang='lat' dir='ltr'>secundi</span> <span class='ocrx_word' id='word_1_111' title='bbox 427 1042 527 1082; x_wconf 83' lang='lat' dir='ltr'>finis.</span> 
     </span>
    </p>

    <p class='ocr_par' dir='ltr' id='par_1_6' title="bbox 61 1104 1545 1856">
     <span class='ocr_line' id='line_1_14' title="bbox 120 1104 1541 1157; baseline -0.002 -11"><span class='ocrx_word' id='word_1_112' title='bbox 120 1108 240 1147; x_wconf 86' lang='lat' dir='ltr'>Porro</span> <span class='ocrx_word' id='word_1_113' title='bbox 271 1107 418 1157; x_wconf 88' lang='lat' dir='ltr'>primos</span> <span class='ocrx_word' id='word_1_114' title='bbox 435 1106 513 1144; x_wconf 91' lang='lat' dir='ltr'>‹luo</span> <span class='ocrx_word' id='word_1_115' title='bbox 537 1105 657 1144; x_wconf 88' lang='lat' dir='ltr'>libros</span> <span class='ocrx_word' id='word_1_116' title='bbox 677 1106 967 1145; x_wconf 84' lang='lat' dir='ltr'>revolventibus</span> <span class='ocrx_word' id='word_1_117' title='bbox 988 1105 1100 1145; x_wconf 86' lang='lat' dir='ltr'>nobis</span> <span class='ocrx_word' id='word_1_118' title='bbox 1122 1106 1247 1157; x_wconf 81' lang='lat' dir='ltr'>palam</span> <span class='ocrx_word' id='word_1_119' title='bbox 1267 1105 1408 1144; x_wconf 78' lang='lat' dir='ltr'>sactum</span> <span class='ocrx_word' id='word_1_120' title='bbox 1431 1104 1541 1143; x_wconf 89' lang='lat' dir='ltr'>estid</span> 
     </span>
     <span class='ocr_line' id='line_1_15' title="bbox 65 1168 1542 1224; baseline -0.002 -15"><span class='ocrx_word' id='word_1_121' title='bbox 65 1171 168 1224; x_wconf 84' lang='lat' dir='ltr'>quod</span> <span class='ocrx_word' id='word_1_122' title='bbox 199 1171 355 1222; x_wconf 80' lang='lat' dir='ltr'>inipso</span> <span class='ocrx_word' id='word_1_123' title='bbox 385 1170 473 1209; x_wconf 86' lang='lat' dir='ltr'>libri</span> <span class='ocrx_word' id='word_1_124' title='bbox 501 1170 615 1221; x_wconf 88' lang='lat' dir='ltr'>primi</span> <span class='ocrx_word' id='word_1_125' title='bbox 647 1171 809 1209; x_wconf 84' lang='lat' dir='ltr'>exordio</span> <span class='ocrx_word' id='word_1_126' title='bbox 832 1170 1104 1218; x_wconf 88' lang='lat' dir='ltr'>nuntiabatur,</span> <span class='ocrx_word' id='word_1_127' title='bbox 1131 1178 1248 1208; x_wconf 82' lang='lat' dir='ltr'>totam</span> <span class='ocrx_word' id='word_1_128' title='bbox 1277 1169 1323 1207; x_wconf 90' lang='lat' dir='ltr'>iis</span> <span class='ocrx_word' id='word_1_129' title='bbox 1354 1168 1542 1207; x_wconf 85' lang='lat' dir='ltr'>ambobus</span> 
     </span>
     <span class='ocr_line' id='line_1_16' title="bbox 62 1234 1542 1288; baseline -0.002 -14"><span class='ocrx_word' id='word_1_130' title='bbox 62 1235 251 1275; x_wconf 86' lang='lat' dir='ltr'>contineri</span> <span class='ocrx_word' id='word_1_131' title='bbox 270 1235 417 1287; x_wconf 83' lang='lat' dir='ltr'>generis</span> <span class='ocrx_word' id='word_1_132' title='bbox 431 1235 588 1273; x_wconf 85' lang='lat' dir='ltr'>humani</span> <span class='ocrx_word' id='word_1_133' title='bbox 607 1236 766 1287; x_wconf 86' lang='lat' dir='ltr'>(sacram</span> <span class='ocrx_word' id='word_1_134' title='bbox 779 1266 789 1284; x_wconf 91' lang='lat'>,</span> <span class='ocrx_word' id='word_1_135' title='bbox 808 1249 885 1275; x_wconf 89' lang='lat' dir='ltr'>non</span> <span class='ocrx_word' id='word_1_136' title='bbox 903 1235 1117 1288; x_wconf 82' lang='lat' dir='ltr'>profanam)</span> <span class='ocrx_word' id='word_1_137' title='bbox 1130 1235 1350 1285; x_wconf 81' lang='lat' dir='ltr'>historiam,</span> <span class='ocrx_word' id='word_1_138' title='bbox 1367 1234 1542 1285; x_wconf 84' lang='lat' dir='ltr'>quamvis</span> 
     </span>
     <span class='ocr_line' id='line_1_17' title="bbox 63 1299 1540 1352; baseline -0.001 -14"><span class='ocrx_word' id='word_1_139' title='bbox 63 1301 208 1339; x_wconf 79' lang='lat' dir='ltr'>lacunis</span> <span class='ocrx_word' id='word_1_140' title='bbox 229 1299 378 1338; x_wconf 85' lang='lat' dir='ltr'>duabus</span> <span class='ocrx_word' id='word_1_141' title='bbox 396 1299 540 1351; x_wconf 84' lang='lat' dir='ltr'>magnis</span> <span class='ocrx_word' id='word_1_142' title='bbox 560 1300 752 1350; x_wconf 85' lang='lat' dir='ltr'>hiantem,</span> <span class='ocrx_word' id='word_1_143' title='bbox 775 1301 942 1351; x_wconf 88' lang='lat' dir='ltr'>primum</span> <span class='ocrx_word' id='word_1_144' title='bbox 965 1314 987 1339; x_wconf 87' lang='lat' dir='ltr'>a</span> <span class='ocrx_word' id='word_1_145' title='bbox 1007 1300 1166 1352; x_wconf 89' lang='lat' dir='ltr'>septima</span> <span class='ocrx_word' id='word_1_146' title='bbox 1187 1299 1435 1352; x_wconf 80' lang='lat' dir='ltr'>generatione</span> <span class='ocrx_word' id='word_1_147' title='bbox 1459 1301 1540 1349; x_wconf 89' lang='lat' dir='ltr'>(seu</span> 
     </span>
     <span class='ocr_line' id='line_1_18' title="bbox 64 1363 1542 1417; baseline -0.001 -15"><span class='ocrx_word' id='word_1_148' title='bbox 64 1372 151 1417; x_wconf 89' lang='lat' dir='ltr'>post</span> <span class='ocrx_word' id='word_1_149' title='bbox 169 1364 355 1402; x_wconf 87' lang='lat' dir='ltr'>diluvium</span> <span class='ocrx_word' id='word_1_150' title='bbox 386 1363 568 1415; x_wconf 87' lang='lat' dir='ltr'>secunda)</span> <span class='ocrx_word' id='word_1_151' title='bbox 598 1377 720 1416; x_wconf 89' lang='lat' dir='ltr'>usque</span> <span class='ocrx_word' id='word_1_152' title='bbox 738 1364 784 1404; x_wconf 91' lang='lat' dir='ltr'>ad</span> <span class='ocrx_word' id='word_1_153' title='bbox 808 1366 948 1405; x_wconf 87' lang='lat' dir='ltr'>Christi</span> <span class='ocrx_word' id='word_1_154' title='bbox 980 1365 1210 1412; x_wconf 82' lang='lat' dir='ltr'>adventum3</span> <span class='ocrx_word' id='word_1_155' title='bbox 1231 1363 1368 1402; x_wconf 82' lang='lat' dir='ltr'>deinde</span> <span class='ocrx_word' id='word_1_156' title='bbox 1395 1376 1416 1400; x_wconf 86' lang='lat' dir='ltr'>a</span> <span class='ocrx_word' id='word_1_157' title='bbox 1435 1363 1542 1401; x_wconf 87' lang='lat' dir='ltr'>chri-</span> 
     </span>
     <span class='ocr_line' id='line_1_19' title="bbox 63 1428 1543 1482; baseline 0 -17"><span class='ocrx_word' id='word_1_158' title='bbox 63 1429 196 1466; x_wconf 82' lang='lat' dir='ltr'>stianae</span> <span class='ocrx_word' id='word_1_159' title='bbox 215 1429 409 1480; x_wconf 81' lang='lat' dir='ltr'>religionis</span> <span class='ocrx_word' id='word_1_160' title='bbox 424 1428 667 1467; x_wconf 86' lang='lat' dir='ltr'>incunabulis</span> <span class='ocrx_word' id='word_1_161' title='bbox 686 1442 807 1480; x_wconf 89' lang='lat' dir='ltr'>usqne</span> <span class='ocrx_word' id='word_1_162' title='bbox 819 1429 868 1468; x_wconf 88' lang='lat' dir='ltr'>ad</span> <span class='ocrx_word' id='word_1_163' title='bbox 884 1430 1030 1469; x_wconf 85' lang='lat' dir='ltr'>ultimae</span> <span class='ocrx_word' id='word_1_164' title='bbox 1044 1429 1302 1482; x_wconf 80' lang='lat' dir='ltr'>generationis</span> <span class='ocrx_word' id='word_1_165' title='bbox 1319 1428 1442 1467; x_wconf 80' lang='lat' dir='ltr'>finem.</span> <span class='ocrx_word' id='word_1_166' title='bbox 1457 1429 1543 1467; x_wconf 69' lang='lat' dir='ltr'>lllas</span> 
     </span>
     <span class='ocr_line' id='line_1_20' title="bbox 63 1493 1541 1547; baseline -0.001 -16"><span class='ocrx_word' id='word_1_167' title='bbox 63 1502 189 1532; x_wconf 87' lang='lat' dir='ltr'>autem</span> <span class='ocrx_word' id='word_1_168' title='bbox 205 1495 244 1531; x_wconf 90' lang='lat' dir='ltr'>in</span> <span class='ocrx_word' id='word_1_169' title='bbox 263 1494 435 1532; x_wconf 84' lang='lat' dir='ltr'>carmine</span> <span class='ocrx_word' id='word_1_170' title='bbox 455 1494 608 1532; x_wconf 89' lang='lat' dir='ltr'>lacunas</span> <span class='ocrx_word' id='word_1_171' title='bbox 621 1494 688 1533; x_wconf 88' lang='lat' dir='ltr'>vix</span> <span class='ocrx_word' id='word_1_172' title='bbox 700 1495 872 1546; x_wconf 87' lang='lat' dir='ltr'>capimus</span> <span class='ocrx_word' id='word_1_173' title='bbox 888 1495 937 1533; x_wconf 90' lang='lat' dir='ltr'>ab</span> <span class='ocrx_word' id='word_1_174' title='bbox 961 1495 1045 1547; x_wconf 89' lang='lat' dir='ltr'>ipso</span> <span class='ocrx_word' id='word_1_175' title='bbox 1059 1494 1254 1545; x_wconf 86' lang='lat' dir='ltr'>Sibyllista</span> <span class='ocrx_word' id='word_1_176' title='bbox 1273 1493 1422 1532; x_wconf 86' lang='lat' dir='ltr'>relictas</span> <span class='ocrx_word' id='word_1_177' title='bbox 1438 1505 1519 1531; x_wconf 81' lang='lat' dir='ltr'>esse</span> <span class='ocrx_word' id='word_1_178' title='bbox 1532 1523 1541 1538; x_wconf 82' lang='lat'>,</span> 
     </span>
     <span class='ocr_line' id='line_1_21' title="bbox 62 1557 1541 1611; baseline 0.001 -17"><span class='ocrx_word' id='word_1_179' title='bbox 62 1569 183 1607; x_wconf 86' lang='lat' dir='ltr'>quum</span> <span class='ocrx_word' id='word_1_180' title='bbox 212 1566 287 1595; x_wconf 88' lang='lat' dir='ltr'>tam</span> <span class='ocrx_word' id='word_1_181' title='bbox 305 1557 414 1596; x_wconf 82' lang='lat' dir='ltr'>facile</span> <span class='ocrx_word' id='word_1_182' title='bbox 439 1558 613 1597; x_wconf 82' lang='lat' dir='ltr'>versibus</span> <span class='ocrx_word' id='word_1_183' title='bbox 634 1560 781 1610; x_wconf 86' lang='lat' dir='ltr'>aliquot</span> <span class='ocrx_word' id='word_1_184' title='bbox 798 1559 1008 1611; x_wconf 86' lang='lat' dir='ltr'>interjectis</span> <span class='ocrx_word' id='word_1_185' title='bbox 1028 1559 1202 1611; x_wconf 77' lang='lat' dir='ltr'>suppleri</span> <span class='ocrx_word' id='word_1_186' title='bbox 1226 1566 1292 1597; x_wconf 89' lang='lat' dir='ltr'>aut</span> <span class='ocrx_word' id='word_1_187' title='bbox 1309 1557 1541 1596; x_wconf 89' lang='lat' dir='ltr'>dissimulari</span> 
     </span>
     <span class='ocr_line' id='line_1_22' title="bbox 63 1623 1534 1675; baseline 0.001 -16"><span class='ocrx_word' id='word_1_188' title='bbox 63 1630 231 1672; x_wconf 81' lang='lat' dir='ltr'>possent.</span> <span class='ocrx_word' id='word_1_189' title='bbox 252 1623 335 1662; x_wconf 87' lang='lat' dir='ltr'>Imo</span> <span class='ocrx_word' id='word_1_190' title='bbox 354 1623 479 1674; x_wconf 90' lang='lat' dir='ltr'>palam</span> <span class='ocrx_word' id='word_1_191' title='bbox 497 1632 554 1674; x_wconf 79' lang='lat' dir='ltr'>est</span> <span class='ocrx_word' id='word_1_192' title='bbox 575 1624 715 1663; x_wconf 86' lang='lat' dir='ltr'>horum</span> <span class='ocrx_word' id='word_1_193' title='bbox 737 1624 924 1663; x_wconf 84' lang='lat' dir='ltr'>librorum</span> <span class='ocrx_word' id='word_1_194' title='bbox 944 1625 1114 1672; x_wconf 87' lang='lat' dir='ltr'>auctori,</span> <span class='ocrx_word' id='word_1_195' title='bbox 1135 1624 1306 1675; x_wconf 86' lang='lat' dir='ltr'>quisquis</span> <span class='ocrx_word' id='word_1_196' title='bbox 1331 1623 1417 1671; x_wconf 75' lang='lat' dir='ltr'>fuit,</span> <span class='ocrx_word' id='word_1_197' title='bbox 1444 1636 1534 1673; x_wconf 90' lang='lat' dir='ltr'>pro-</span> 
     </span>
     <span class='ocr_line' id='line_1_23' title="bbox 61 1687 1540 1742; baseline 0.001 -18"><span class='ocrx_word' id='word_1_198' title='bbox 61 1687 229 1738; x_wconf 89' lang='lat' dir='ltr'>positum</span> <span class='ocrx_word' id='word_1_199' title='bbox 260 1688 469 1740; x_wconf 87' lang='lat' dir='ltr'>aliquando</span> <span class='ocrx_word' id='word_1_200' title='bbox 506 1690 623 1728; x_wconf 84' lang='lat' dir='ltr'>fnisse</span> <span class='ocrx_word' id='word_1_201' title='bbox 647 1698 690 1728; x_wconf 87' lang='lat' dir='ltr'>ut</span> <span class='ocrx_word' id='word_1_202' title='bbox 720 1690 891 1742; x_wconf 86' lang='lat' dir='ltr'>septimae</span> <span class='ocrx_word' id='word_1_203' title='bbox 915 1689 1174 1741; x_wconf 80' lang='lat' dir='ltr'>generationis</span> <span class='ocrx_word' id='word_1_204' title='bbox 1203 1702 1264 1727; x_wconf 87' lang='lat' dir='ltr'>res</span> <span class='ocrx_word' id='word_1_205' title='bbox 1292 1697 1418 1740; x_wconf 79' lang='lat' dir='ltr'>gestas</span> <span class='ocrx_word' id='word_1_206' title='bbox 1439 1688 1540 1726; x_wconf 89' lang='lat' dir='ltr'>ultra</span> 
     </span>
     <span class='ocr_line' id='line_1_24' title="bbox 63 1749 1545 1806; baseline 0.001 -18"><span class='ocrx_word' id='word_1_207' title='bbox 63 1750 149 1789; x_wconf 89' lang='lat' dir='ltr'>libri</span> <span class='ocrx_word' id='word_1_208' title='bbox 168 1752 282 1803; x_wconf 90' lang='lat' dir='ltr'>primi</span> <span class='ocrx_word' id='word_1_209' title='bbox 301 1755 455 1791; x_wconf 54' lang='lat' dir='ltr'>Versum</span> <span class='ocrx_word' id='word_1_210' title='bbox 478 1755 551 1792; x_wconf 82' lang='lat'>323</span> <span class='ocrx_word' id='word_1_211' title='bbox 576 1749 827 1805; x_wconf 77' lang='lat' dir='ltr'>produceret3</span> <span class='ocrx_word' id='word_1_212' title='bbox 848 1754 992 1806; x_wconf 89' lang='lat' dir='ltr'>quippe</span> <span class='ocrx_word' id='word_1_213' title='bbox 1008 1767 1127 1806; x_wconf 87' lang='lat' dir='ltr'>quum</span> <span class='ocrx_word' id='word_1_214' title='bbox 1146 1767 1282 1804; x_wconf 87' lang='lat' dir='ltr'>supra,</span> <span class='ocrx_word' id='word_1_215' title='bbox 1302 1766 1338 1792; x_wconf 89' lang='lat' dir='ltr'>v.</span> <span class='ocrx_word' id='word_1_216' title='bbox 1361 1754 1451 1802; x_wconf 81' lang='lat'><strong>310,</strong></span> <span class='ocrx_word' id='word_1_217' title='bbox 1477 1753 1545 1791; x_wconf 83' lang='lat' dir='ltr'>he-</span> 
     </span>
     <span class='ocr_line' id='line_1_25' title="bbox 62 1815 614 1856; baseline 0.005 -3"><span class='ocrx_word' id='word_1_218' title='bbox 62 1815 293 1855; x_wconf 89' lang='lat' dir='ltr'>mistichium</span> <span class='ocrx_word' id='word_1_219' title='bbox 312 1816 385 1855; x_wconf 89' lang='lat' dir='ltr'>hoe</span> <span class='ocrx_word' id='word_1_220' title='bbox 407 1817 614 1856; x_wconf 84' lang='lat' dir='ltr'>scriberet:</span> 
     </span>
    </p>

    <p class='ocr_par' dir='ltr' id='par_1_7' title="bbox 57 1887 1557 2704">
     <span class='ocr_line' id='line_1_26' title="bbox 535 1887 1430 1944; baseline -0.002 -16"><span class='ocrx_word' id='word_1_221' title='bbox 535 1888 646 1935; x_wconf 81' lang='grc' dir='ltr'>Φωνὴ</span> <span class='ocrx_word' id='word_1_222' title='bbox 666 1887 702 1927; x_wconf 80' lang='grc' dir='ltr'>δὲ</span> <span class='ocrx_word' id='word_1_223' title='bbox 725 1887 779 1938; x_wconf 83' lang='grc' dir='ltr'>μί’</span> <span class='ocrx_word' id='word_1_224' title='bbox 797 1887 895 1927; x_wconf 82' lang='grc' dir='ltr'><strong>ἔσται</strong></span> <span class='ocrx_word' id='word_1_225' title='bbox 908 1918 921 1938; x_wconf 89' lang='lat'><strong><em>,</em></strong></span> <span class='ocrx_word' id='word_1_226' title='bbox 1419 1932 1430 1944; x_wconf 34' lang='grc' dir='ltr'>ι</span> 
     </span>
     <span class='ocr_line' id='line_1_27' title="bbox 60 1957 1546 2010; baseline 0.001 -16"><span class='ocrx_word' id='word_1_227' title='bbox 60 1957 169 2006; x_wconf 85' lang='lat' dir='ltr'>qnasi</span> <span class='ocrx_word' id='word_1_228' title='bbox 215 1957 315 1995; x_wconf 87' lang='lat' dir='ltr'>viam</span> <span class='ocrx_word' id='word_1_229' title='bbox 345 1971 486 2009; x_wconf 88' lang='lat' dir='ltr'>parans</span> <span class='ocrx_word' id='word_1_230' title='bbox 517 1967 708 1997; x_wconf 83' lang='lat' dir='ltr'>secuturae</span> <span class='ocrx_word' id='word_1_231' title='bbox 743 1972 833 1998; x_wconf 83' lang='lat' dir='ltr'>mox</span> <span class='ocrx_word' id='word_1_232' title='bbox 869 1959 1082 1997; x_wconf 86' lang='lat' dir='ltr'>narrationi</span> <span class='ocrx_word' id='word_1_233' title='bbox 1119 1972 1185 1998; x_wconf 90' lang='lat' dir='ltr'>seu</span> <span class='ocrx_word' id='word_1_234' title='bbox 1221 1958 1461 2010; x_wconf 71' lang='lat' dir='ltr'>praedictioni</span> <span class='ocrx_word' id='word_1_235' title='bbox 1493 1959 1546 1996; x_wconf 92' lang='lat' dir='ltr'>de-</span> 
     </span>
     <span class='ocr_line' id='line_1_28' title="bbox 60 2020 1542 2075; baseline 0.001 -16"><span class='ocrx_word' id='word_1_236' title='bbox 60 2020 238 2060; x_wconf 86' lang='lat' dir='ltr'>Babelica</span> <span class='ocrx_word' id='word_1_237' title='bbox 264 2022 362 2061; x_wconf 90' lang='lat' dir='ltr'>turri</span> <span class='ocrx_word' id='word_1_238' title='bbox 390 2022 686 2075; x_wconf 85' lang='lat' dir='ltr'>linguarumque</span> <span class='ocrx_word' id='word_1_239' title='bbox 709 2023 962 2075; x_wconf 87' lang='lat' dir='ltr'>dispersione.</span> <span class='ocrx_word' id='word_1_240' title='bbox 990 2023 1154 2061; x_wconf 84' lang='lat' dir='ltr'>Necesse</span> <span class='ocrx_word' id='word_1_241' title='bbox 1178 2032 1234 2061; x_wconf 86' lang='lat' dir='ltr'>est</span> <span class='ocrx_word' id='word_1_242' title='bbox 1255 2023 1374 2074; x_wconf 86' lang='lat' dir='ltr'>igitur</span> <span class='ocrx_word' id='word_1_243' title='bbox 1395 2033 1435 2061; x_wconf 84' lang='lat' dir='ltr'>ut</span> <span class='ocrx_word' id='word_1_244' title='bbox 1456 2031 1542 2074; x_wconf 91' lang='lat' dir='ltr'>post</span> 
     </span>
     <span class='ocr_line' id='line_1_29' title="bbox 60 2086 1541 2139; baseline 0.001 -16"><span class='ocrx_word' id='word_1_245' title='bbox 60 2097 99 2124; x_wconf 78' lang='lat' dir='ltr'>v,</span> <span class='ocrx_word' id='word_1_246' title='bbox 123 2086 197 2124; x_wconf 79' lang='lat'>323</span> <span class='ocrx_word' id='word_1_247' title='bbox 217 2086 391 2137; x_wconf 84' lang='lat' dir='ltr'>qnaedam</span> <span class='ocrx_word' id='word_1_248' title='bbox 419 2100 496 2125; x_wconf 85' lang='lat' dir='ltr'>non</span> <span class='ocrx_word' id='word_1_249' title='bbox 526 2088 700 2139; x_wconf 80' lang='lat' dir='ltr'>primarii</span> <span class='ocrx_word' id='word_1_250' title='bbox 727 2088 897 2126; x_wconf 85' lang='lat' dir='ltr'>auctoris</span> <span class='ocrx_word' id='word_1_251' title='bbox 915 2087 1180 2137; x_wconf 68' lang='lat' dir='ltr'>consilio,‘sed</span> <span class='ocrx_word' id='word_1_252' title='bbox 1203 2088 1261 2126; x_wconf 91' lang='lat' dir='ltr'>vel</span> <span class='ocrx_word' id='word_1_253' title='bbox 1279 2088 1464 2139; x_wconf 87' lang='lat' dir='ltr'>temporis</span> <span class='ocrx_word' id='word_1_254' title='bbox 1482 2088 1541 2124; x_wconf 90' lang='lat' dir='ltr'>in-</span> 
     </span>
     <span class='ocr_line' id='line_1_30' title="bbox 57 2149 1541 2204; baseline 0.002 -17"><span class='ocrx_word' id='word_1_255' title='bbox 57 2149 159 2199; x_wconf 88' lang='lat' dir='ltr'>juria</span> <span class='ocrx_word' id='word_1_256' title='bbox 190 2150 475 2202; x_wconf 82' lang='lat' dir='ltr'>interciderint,</span> <span class='ocrx_word' id='word_1_257' title='bbox 496 2153 578 2203; x_wconf 87' lang='lat' dir='ltr'>vel,</span> <span class='ocrx_word' id='word_1_258' title='bbox 609 2152 715 2203; x_wconf 85' lang='lat' dir='ltr'>quod</span> <span class='ocrx_word' id='word_1_259' title='bbox 746 2153 865 2204; x_wconf 86' lang='lat' dir='ltr'>magis</span> <span class='ocrx_word' id='word_1_260' title='bbox 897 2152 1110 2197; x_wconf 86' lang='lat' dir='ltr'>eredimus,</span> <span class='ocrx_word' id='word_1_261' title='bbox 1140 2152 1290 2204; x_wconf 83' lang='lat' dir='ltr'>aliquot</span> <span class='ocrx_word' id='word_1_262' title='bbox 1316 2165 1363 2190; x_wconf 90' lang='lat' dir='ltr'>ex</span> <span class='ocrx_word' id='word_1_263' title='bbox 1385 2165 1431 2190; x_wconf 90' lang='lat' dir='ltr'>eo</span> <span class='ocrx_word' id='word_1_264' title='bbox 1453 2153 1541 2190; x_wconf 90' lang='lat' dir='ltr'>loco</span> 
     </span>
     <span class='ocr_line' id='line_1_31' title="bbox 63 2213 1539 2264; baseline 0.002 -14"><span class='ocrx_word' id='word_1_265' title='bbox 63 2213 209 2264; x_wconf 76' lang='lat' dir='ltr'>paginae</span> <span class='ocrx_word' id='word_1_266' title='bbox 237 2214 285 2252; x_wconf 86' lang='lat' dir='ltr'>ab</span> <span class='ocrx_word' id='word_1_267' title='bbox 314 2215 437 2253; x_wconf 87' lang='lat' dir='ltr'>aliena</span> <span class='ocrx_word' id='word_1_268' title='bbox 466 2229 580 2254; x_wconf 89' lang='lat' dir='ltr'>manu</span> <span class='ocrx_word' id='word_1_269' title='bbox 607 2217 769 2255; x_wconf 88' lang='lat' dir='ltr'>revulsae</span> <span class='ocrx_word' id='word_1_270' title='bbox 798 2216 889 2257; x_wconf 86' lang='lat' dir='ltr'>sint.</span> <span class='ocrx_word' id='word_1_271' title='bbox 924 2215 1154 2254; x_wconf 85' lang='lat' dir='ltr'>Mirantibus</span> <span class='ocrx_word' id='word_1_272' title='bbox 1181 2229 1274 2254; x_wconf 89' lang='lat' dir='ltr'>vero</span> <span class='ocrx_word' id='word_1_273' title='bbox 1305 2215 1419 2254; x_wconf 87' lang='lat' dir='ltr'>nobis</span> <span class='ocrx_word' id='word_1_274' title='bbox 1447 2216 1539 2254; x_wconf 86' lang='lat' dir='ltr'>tales</span> 
     </span>
     <span class='ocr_line' id='line_1_32' title="bbox 65 2279 1540 2332; baseline 0.002 -19"><span class='ocrx_word' id='word_1_275' title='bbox 65 2285 264 2329; x_wconf 87' lang='lat' dir='ltr'>tantasque</span> <span class='ocrx_word' id='word_1_276' title='bbox 291 2279 446 2318; x_wconf 80' lang='lat' dir='ltr'>lacunas</span> <span class='ocrx_word' id='word_1_277' title='bbox 480 2280 518 2318; x_wconf 89' lang='lat' dir='ltr'>in</span> <span class='ocrx_word' id='word_1_278' title='bbox 551 2293 596 2318; x_wconf 92' lang='lat' dir='ltr'>ea</span> <span class='ocrx_word' id='word_1_279' title='bbox 628 2281 820 2332; x_wconf 83' lang='lat' dir='ltr'>praecip&#39;ne</span> <span class='ocrx_word' id='word_1_280' title='bbox 842 2288 1015 2330; x_wconf 84' lang='lat' dir='ltr'>tempora</span> <span class='ocrx_word' id='word_1_281' title='bbox 1041 2280 1178 2318; x_wconf 85' lang='lat' dir='ltr'>cadere</span> <span class='ocrx_word' id='word_1_282' title='bbox 1208 2279 1350 2331; x_wconf 86' lang='lat' dir='ltr'>quibus</span> <span class='ocrx_word' id='word_1_283' title='bbox 1377 2280 1540 2332; x_wconf 82' lang='lat' dir='ltr'>amplior</span> 
     </span>
     <span class='ocr_line' id='line_1_33' title="bbox 63 2341 1537 2397; baseline 0.003 -19"><span class='ocrx_word' id='word_1_284' title='bbox 63 2341 305 2382; x_wconf 83' lang='lat' dir='ltr'>historiarum</span> <span class='ocrx_word' id='word_1_285' title='bbox 326 2345 484 2383; x_wconf 87' lang='lat' dir='ltr'>materia</span> <span class='ocrx_word' id='word_1_286' title='bbox 509 2345 761 2397; x_wconf 85' lang='lat' dir='ltr'>suppetebat,</span> <span class='ocrx_word' id='word_1_287' title='bbox 781 2358 919 2396; x_wconf 90' lang='lat' dir='ltr'>nempe</span> <span class='ocrx_word' id='word_1_288' title='bbox 938 2345 1038 2383; x_wconf 89' lang='lat' dir='ltr'>inter</span> <span class='ocrx_word' id='word_1_289' title='bbox 1056 2344 1243 2383; x_wconf 89' lang='lat' dir='ltr'>diluvium</span> <span class='ocrx_word' id='word_1_290' title='bbox 1263 2353 1302 2383; x_wconf 92' lang='lat' dir='ltr'>et</span> <span class='ocrx_word' id='word_1_291' title='bbox 1320 2344 1537 2389; x_wconf 81' lang='lat' dir='ltr'>Christum,</span> 
     </span>
     <span class='ocr_line' id='line_1_34' title="bbox 62 2404 1557 2461; baseline 0.003 -19"><span class='ocrx_word' id='word_1_292' title='bbox 62 2404 202 2444; x_wconf 90' lang='lat' dir='ltr'>deinde</span> <span class='ocrx_word' id='word_1_293' title='bbox 221 2407 322 2446; x_wconf 88' lang='lat' dir='ltr'>inter</span> <span class='ocrx_word' id='word_1_294' title='bbox 342 2409 440 2446; x_wconf 88' lang='lat' dir='ltr'>duos</span> <span class='ocrx_word' id='word_1_295' title='bbox 453 2409 596 2448; x_wconf 87' lang='lat' dir='ltr'>Christi</span> <span class='ocrx_word' id='word_1_296' title='bbox 610 2409 901 2455; x_wconf 87' lang='lat' dir='ltr'>adventus,non</span> <span class='ocrx_word' id='word_1_297' title='bbox 915 2418 1039 2461; x_wconf 86' lang='lat' dir='ltr'>potest</span> <span class='ocrx_word' id='word_1_298' title='bbox 1057 2422 1132 2447; x_wconf 92' lang='lat' dir='ltr'>non</span> <span class='ocrx_word' id='word_1_299' title='bbox 1153 2422 1378 2447; x_wconf 87' lang='lat' dir='ltr'>succurrere</span> <span class='ocrx_word' id='word_1_300' title='bbox 1395 2409 1557 2446; x_wconf 69' lang='lat' dir='ltr'>factum·</span> 
     </span>
     <span class='ocr_line' id='line_1_35' title="bbox 64 2468 1536 2525; baseline 0.002 -19"><span class='ocrx_word' id='word_1_301' title='bbox 64 2468 139 2507; x_wconf 90' lang='lat' dir='ltr'>hoc</span> <span class='ocrx_word' id='word_1_302' title='bbox 156 2483 238 2508; x_wconf 84' lang='lat' dir='ltr'>esse</span> <span class='ocrx_word' id='word_1_303' title='bbox 264 2472 312 2510; x_wconf 89' lang='lat' dir='ltr'>ab</span> <span class='ocrx_word' id='word_1_304' title='bbox 330 2473 459 2524; x_wconf 85' lang='lat' dir='ltr'>aliquo</span> <span class='ocrx_word' id='word_1_305' title='bbox 477 2474 558 2512; x_wconf 89' lang='lat' dir='ltr'>sive</span> <span class='ocrx_word' id='word_1_306' title='bbox 587 2474 736 2512; x_wconf 88' lang='lat' dir='ltr'>editore</span> <span class='ocrx_word' id='word_1_307' title='bbox 763 2475 845 2513; x_wconf 91' lang='lat' dir='ltr'>sive</span> <span class='ocrx_word' id='word_1_308' title='bbox 864 2473 1024 2512; x_wconf 88' lang='lat' dir='ltr'>librario</span> <span class='ocrx_word' id='word_1_309' title='bbox 1053 2473 1208 2525; x_wconf 71' lang='lat' dir='ltr'>(passim</span> <span class='ocrx_word' id='word_1_310' title='bbox 1231 2472 1536 2522; x_wconf 78' lang='lat' dir='ltr'>emendatorem,</span> 
     </span>
     <span class='ocr_line' id='line_1_36' title="bbox 62 2534 1537 2590; baseline 0.003 -20"><span class='ocrx_word' id='word_1_311' title='bbox 62 2534 201 2583; x_wconf 82' lang='lat' dir='ltr'>passim</span> <span class='ocrx_word' id='word_1_312' title='bbox 221 2536 510 2586; x_wconf 87' lang='lat' dir='ltr'>epitomatorem</span> <span class='ocrx_word' id='word_1_313' title='bbox 529 2537 779 2588; x_wconf 87' lang='lat' dir='ltr'>vocabimus),</span> <span class='ocrx_word' id='word_1_314' title='bbox 800 2537 931 2590; x_wconf 89' lang='lat' dir='ltr'>quiex</span> <span class='ocrx_word' id='word_1_315' title='bbox 947 2537 1053 2575; x_wconf 89' lang='lat' dir='ltr'>omni</span> <span class='ocrx_word' id='word_1_316' title='bbox 1071 2537 1209 2575; x_wconf 86' lang='lat' dir='ltr'>horum</span> <span class='ocrx_word' id='word_1_317' title='bbox 1225 2536 1411 2574; x_wconf 85' lang='lat' dir='ltr'>librorum</span> <span class='ocrx_word' id='word_1_318' title='bbox 1429 2548 1537 2586; x_wconf 77' lang='lat' dir='ltr'>argn-</span> 
     </span>
     <span class='ocr_line' id='line_1_37' title="bbox 63 2600 1534 2652; baseline 0.003 -19"><span class='ocrx_word' id='word_1_319' title='bbox 63 2605 191 2634; x_wconf 86' lang='lat' dir='ltr'>mento</span> <span class='ocrx_word' id='word_1_320' title='bbox 217 2611 260 2635; x_wconf 83' lang='lat' dir='ltr'>ea</span> <span class='ocrx_word' id='word_1_321' title='bbox 281 2606 427 2637; x_wconf 87' lang='lat' dir='ltr'>tantum</span> <span class='ocrx_word' id='word_1_322' title='bbox 461 2601 653 2639; x_wconf 87' lang='lat' dir='ltr'>retinuere</span> <span class='ocrx_word' id='word_1_323' title='bbox 676 2601 841 2639; x_wconf 88' lang='lat' dir='ltr'>voluerit</span> <span class='ocrx_word' id='word_1_324' title='bbox 870 2614 956 2652; x_wconf 69' lang='lat' dir='ltr'>quae</span> <span class='ocrx_word' id='word_1_325' title='bbox 981 2600 1028 2638; x_wconf 81' lang='lat' dir='ltr'>ad</span> <span class='ocrx_word' id='word_1_326' title='bbox 1053 2614 1195 2639; x_wconf 83' lang='lat' dir='ltr'>sacram</span> <span class='ocrx_word' id='word_1_327' title='bbox 1222 2601 1421 2638; x_wconf 76' lang='lat' dir='ltr'>historiam</span> <span class='ocrx_word' id='word_1_328' title='bbox 1444 2613 1534 2651; x_wconf 85' lang='lat' dir='ltr'>per-</span> 
     </span>
     <span class='ocr_line' id='line_1_38' title="bbox 62 2660 981 2704; baseline 0.007 -6"><span class='ocrx_word' id='word_1_329' title='bbox 62 2660 237 2699; x_wconf 85' lang='lat' dir='ltr'>tinebant</span> <span class='ocrx_word' id='word_1_330' title='bbox 253 2676 262 2699; x_wconf 85' lang='lat'>:</span> <span class='ocrx_word' id='word_1_331' title='bbox 281 2661 318 2700; x_wconf 87' lang='lat' dir='ltr'>id</span> <span class='ocrx_word' id='word_1_332' title='bbox 337 2663 432 2700; x_wconf 85' lang='lat' dir='ltr'>infra</span> <span class='ocrx_word' id='word_1_333' title='bbox 457 2664 720 2703; x_wconf 88' lang='lat' dir='ltr'>demonstrare</span> <span class='ocrx_word' id='word_1_334' title='bbox 739 2664 981 2704; x_wconf 87' lang='lat' dir='ltr'>conabimur.</span> 
     </span>
    </p>

    <p class='ocr_par' dir='ltr' id='par_1_8' title="bbox 60 2727 1536 2909">
     <span class='ocr_line' id='line_1_39' title="bbox 113 2727 1536 2781; baseline 0 -15"><span class='ocrx_word' id='word_1_335' title='bbox 113 2727 191 2766; x_wconf 86' lang='lat' dir='ltr'>Nec</span> <span class='ocrx_word' id='word_1_336' title='bbox 212 2727 337 2765; x_wconf 86' lang='lat' dir='ltr'>minus</span> <span class='ocrx_word' id='word_1_337' title='bbox 359 2736 499 2775; x_wconf 86' lang='lat' dir='ltr'>tamen,</span> <span class='ocrx_word' id='word_1_338' title='bbox 518 2730 574 2767; x_wconf 90' lang='lat' dir='ltr'>vel</span> <span class='ocrx_word' id='word_1_339' title='bbox 592 2743 639 2768; x_wconf 87' lang='lat' dir='ltr'>ex</span> <span class='ocrx_word' id='word_1_340' title='bbox 657 2731 703 2767; x_wconf 89' lang='lat' dir='ltr'>iis</span> <span class='ocrx_word' id='word_1_341' title='bbox 717 2744 802 2780; x_wconf 83' lang='lat' dir='ltr'>qnae</span> <span class='ocrx_word' id='word_1_342' title='bbox 817 2739 1035 2781; x_wconf 84' lang='lat' dir='ltr'>supersunt,</span> <span class='ocrx_word' id='word_1_343' title='bbox 1060 2730 1168 2768; x_wconf 80' lang='lat' dir='ltr'>facile</span> <span class='ocrx_word' id='word_1_344' title='bbox 1189 2729 1390 2768; x_wconf 86' lang='lat' dir='ltr'>amborum</span> <span class='ocrx_word' id='word_1_345' title='bbox 1409 2728 1536 2767; x_wconf 89' lang='lat' dir='ltr'>libro-</span> 
     </span>
     <span class='ocr_line' id='line_1_40' title="bbox 60 2792 1534 2844; baseline 0.001 -16"><span class='ocrx_word' id='word_1_346' title='bbox 60 2804 144 2828; x_wconf 85' lang='lat' dir='ltr'>rum</span> <span class='ocrx_word' id='word_1_347' title='bbox 176 2792 355 2843; x_wconf 87' lang='lat' dir='ltr'>cognatio</span> <span class='ocrx_word' id='word_1_348' title='bbox 366 2795 524 2843; x_wconf 83' lang='lat' dir='ltr'>agnosci</span> <span class='ocrx_word' id='word_1_349' title='bbox 548 2802 696 2844; x_wconf 80' lang='lat' dir='ltr'>potest.</span> <span class='ocrx_word' id='word_1_350' title='bbox 720 2795 803 2833; x_wconf 89' lang='lat' dir='ltr'>Non</span> <span class='ocrx_word' id='word_1_351' title='bbox 823 2795 923 2832; x_wconf 87' lang='lat' dir='ltr'>enim</span> <span class='ocrx_word' id='word_1_352' title='bbox 955 2795 1100 2841; x_wconf 85' lang='lat' dir='ltr'>solum,</span> <span class='ocrx_word' id='word_1_353' title='bbox 1130 2802 1172 2831; x_wconf 89' lang='lat' dir='ltr'>ut</span> <span class='ocrx_word' id='word_1_354' title='bbox 1192 2793 1372 2842; x_wconf 83' lang='lat' dir='ltr'>diximus,</span> <span class='ocrx_word' id='word_1_355' title='bbox 1386 2792 1534 2830; x_wconf 84' lang='lat' dir='ltr'>utrius-</span> 
     </span>
     <span class='ocr_line' id='line_1_41' title="bbox 62 2854 1536 2909; baseline 0.001 -18"><span class='ocrx_word' id='word_1_356' title='bbox 62 2867 135 2904; x_wconf 89' lang='lat' dir='ltr'>que</span> <span class='ocrx_word' id='word_1_357' title='bbox 152 2854 239 2893; x_wconf 86' lang='lat' dir='ltr'>libri</span> <span class='ocrx_word' id='word_1_358' title='bbox 257 2869 373 2894; x_wconf 85' lang='lat' dir='ltr'>unum</span> <span class='ocrx_word' id='word_1_359' title='bbox 393 2865 448 2895; x_wconf 88' lang='lat' dir='ltr'>est</span> <span class='ocrx_word' id='word_1_360' title='bbox 478 2857 719 2909; x_wconf 79' lang='lat' dir='ltr'>propositum</span> <span class='ocrx_word' id='word_1_361' title='bbox 736 2865 747 2904; x_wconf 84' lang='grc'>,’</span> <span class='ocrx_word' id='word_1_362' title='bbox 763 2870 862 2896; x_wconf 77' lang='lat' dir='ltr'>unus</span> <span class='ocrx_word' id='word_1_363' title='bbox 891 2867 1014 2905; x_wconf 81' lang='lat' dir='ltr'>tenor,</span> <span class='ocrx_word' id='word_1_364' title='bbox 1037 2871 1110 2896; x_wconf 85' lang='lat' dir='ltr'>una</span> <span class='ocrx_word' id='word_1_365' title='bbox 1131 2870 1279 2906; x_wconf 84' lang='lat' dir='ltr'>rerum,</span> <span class='ocrx_word' id='word_1_366' title='bbox 1316 2868 1536 2907; x_wconf 81' lang='lat' dir='ltr'>quanquam</span> 
     </span>
    </p>
   </div>
  </div>
 </body>
</html>
