1752 3495
126 142 219 222 2'10
502 172 583 218 AD
617 172 960 218 sthmuos
991 170 1204 216 Lissaos

122 273 224 310 τινῶν
256 270 315 310 καὶ
338 267 594 324 φαντασμάτων
627 268 789 322 μεγάλων
819 268 879 308 καὶ
911 268 1122 321 δυσευρέτων
1162 268 1278 309 αὐτοῖς
1307 267 1480 319 φανέντων
1496 299 1507 320 ,
1532 266 1583 311 οἶα

121 335 234 374 πολλὰ
262 333 414 382 συνέὸη,
443 346 582 385 nempe
612 334 760 384 quoties
793 333 1018 384 reipublicae
1052 345 1187 383 magna
1221 331 1348 382 aliqua
1375 332 1502 373 clades
1531 338 1583 375 vel

75 418 82 426 ·
122 399 321 438 accidisset
350 398 410 437 vel
438 397 636 436 imminere
669 396 886 444 videretur,
915 396 996 435 sive
1025 395 1076 434 ob
1094 403 1321 434 commotam
1347 395 1588 444 seditionem.

123 461 273 505 στάσεως
286 459 551 508 καταλαὸοὗσης
564 457 626 508 τὴν
645 459 759 505 πόλιν,
773 469 814 498 ut
824 472 924 497 anno
942 469 1029 511 post
1042 458 1137 498 Urb.
1156 458 1272 498 cond.
1286 471 1434 497 ccxcut
1449 460 1589 511 (consei-

122 541 251 578 supra,
265 541 303 579 p.
324 528 411 575 165,
426 527 518 578 sq.)‚
536 526 616 564 sive
630 524 680 562 ob
697 533 895 576 acceptam
908 524 1013 563 bello
1027 524 1189 571 cladem,
1203 531 1270 578 aut
1283 536 1416 574 graves
1429 525 1587 566 hostium

123 593 320 638 incursus,
351 589 537 642 δυστυχίας
573 586 664 632 τινὸς
695 587 786 626 κατὰ
814 587 989 640 πόλεμον,
1016 597 1058 626 ut
1086 588 1196 626 annis
1226 600 1370 634 nxxxt,
1401 602 1584 637 nxxxvn,

125 670 232 704 next,
253 668 392 702 mxxiv,
418 666 524 692 mzxv
557 651 705 704 (confer
730 652 884 690 annales
910 665 1027 703 supra
1048 651 1277 702 exhibitos),
1294 650 1373 689 sive
1404 650 1454 688 ob
1470 653 1587 704 aliqua

124 719 300 772 prodigia
312 747 322 766 ,
340 716 493 771 τεράτων
511 714 699 770 φανέντων,
718 723 760 752 ut
779 715 995 766 saepissime.
1018 717 1123 754 IIanc
1137 715 1239 754 enim
1254 715 1587 765 frequentissimam

124 792 163 823 et
182 782 414 835 praecipuam
434 781 546 818 fuisse
567 791 733 826 causam,
753 792 871 830 quum
892 792 940 817 ex
954 779 1111 817 historia
1131 786 1296 823 constat,
1324 787 1403 816 tum
1423 779 1530 817 ctiam
1547 797 1589 821 ex

127 855 262 899 aperto
290 845 388 884 Livii
416 843 657 890 testimonio,
679 842 750 883 lib.
778 843 937 894 xxlt,·§
959 854 1013 894 9:
1047 861 1062 878 α
1079 843 1216 890 Quod,
1240 842 1382 893 inquit,
1413 856 1488 881 non
1517 845 1589 884 scre

124 928 139 944 a
159 909 392 958 decernitur,
405 907 478 945 nisi
497 920 616 958 quum
638 915 732 944 tetra
752 907 929 958 prodigia
948 907 1123 945 nuntiata
1144 916 1248 946 sunt.
1266 923 1283 940 ι»
1300 907 1397 944 Item
1414 908 1531 945 Varro
1548 911 1589 948 de

126 975 178 1012 tte
211 973 366 1019 rustica,
384 973 456 1010 loc.
476 971 542 1010 cit.
559 986 567 1009 t
583 989 599 1004 e«
621 970 678 1010 Ad
699 970 806 1022 cujus
828 971 946 1009 libros
962 979 1017 1010 tot
1037 971 1145 1009 annis
1162 979 1248 1023 post
1265 969 1420 1022 publice
1440 973 1590 1012 solemus

124 1055 140 1072 ι
159 1038 309 1084 redire,
338 1049 456 1088 quum
486 1035 747 1073 desideramus
795 1035 888 1086 quid
925 1035 1141 1073 faciendum
1179 1035 1229 1072 sit
1260 1034 1374 1072 nobis
1406 1048 1453 1072 ex
1475 1036 1590 1087 aliquo

125 1121 140 1136 υ
166 1110 365 1154 portcntO.
385 1118 401 1134 υ
420 1100 569 1139 Infinita
585 1113 706 1150 prope
726 1099 945 1148 hujusmodi
963 1098 1138 1149 prodigia
1156 1111 1241 1149 quae
1260 1097 1457 1148 Sibyllinis
1477 1113 1590 1138 reme-

122 1167 194 1205 diis
227 1172 433 1217 procurata
461 1164 562 1211 siut,
601 1171 801 1202 enumerat
835 1163 970 1202 Cicero
997 1162 1045 1201 de
1078 1163 1168 1203 Div.
1199 1163 1228 1210 1,
1253 1164 1274 1213 S
1305 1164 1369 1207 (03.
1400 1163 1474 1201 Sed
1509 1165 1590 1203 alias

123 1243 255 1269 causas
274 1229 356 1280 ipse
371 1227 512 1274 Livius,
536 1226 720 1278 quasdam
739 1226 853 1264 etiam
873 1240 895 1264 a
917 1226 1105 1276 Dionysio
1126 1227 1398 1277 praetermissas
1414 1229 1585 1277 agnoscit,

123 1304 165 1333 ut
193 1307 292 1345 saepe
315 1291 588 1344 pestilentiam,
614 1290 722 1329 {lunis
741 1303 930 1338 cccxvnr,
960 1303 1117 1336 cccxv,
1149 1303 1320 1337 cccun,
1358 1303 1491 1338 eccm,
1523 1300 1587 1331 etc.

122 1357 232 1397 Adde
246 1357 445 1409 penuriam
464 1369 626 1394 annonae
639 1363 702 1393 aut
718 1354 929 1393 sterilitatis
946 1363 1102 1400 metum,
1116 1354 1225 1391 annis
1239 1367 1359 1402 nxui,
1379 1368 1499 1401 nexu,
1517 1364 1591 1402 ‹·tc.;
1617 1372 1620 1374 ·

122 1423 329 1461 Vestalium
351 1429 497 1471 stupra,
524 1419 634 1457 annis
653 1426 892 1457 nxxxvm.et
915 1432 1035 1466 1>ch3
1057 1418 1257 1467 incendia,
1277 1431 1378 1455 anno
1398 1431 1591 1463 ncccxvn3

122 1486 188 1524 sed
219 1500 263 1524 ea
292 1486 519 1536 plerumque
553 1484 612 1522 vel
631 1483 816 1534 prodigiis
841 1482 1059 1531 conjuncta,
1080 1481 1140 1520 vel
1159 1482 1197 1520 in
1221 1482 1441 1534 prodigium
1470 1495 1589 1529 versa,

123 1558 166 1589 ut
193 1549 240 1587 de
260 1548 477 1600 pestilentia
500 1548 672 1599 loquitur
694 1547 779 1598 ipse
808 1546 855 1584 ad
882 1560 1023 1584 annum
1044 1559 1163 1585 cumn
1186 1560 1195 1586 ε
1216 1564 1230 1579 «
1251 1548 1511 1597 Pon-tentoque
1523 1546 1590 1597 jam

124 1614 256 1652 similis
281 1613 408 1651 clades
427 1620 508 1651 erat
525 1630 562 1661 n,
588 1621 626 1650 et
647 1612 694 1650 ad
724 1625 866 1649 annum
887 1625 1081 1659 nxxxvm,
1110 1611 1158 1650 de
1175 1611 1395 1649 Vestalibus
1420 1611 1564 1650 incestis
1582 1626 1588 1649 :

128 1697 143 1712 ι
163 1679 242 1716 Hoc
272 1677 379 1716 nefas
405 1689 524 1728 quum
553 1675 654 1714 inter
688 1683 767 1724 tot,
798 1684 842 1713 ut
874 1677 951 1722 {it,·
970 1675 1098 1714 clades
1131 1676 1172 1713 in
1197 1676 1416 1728 prodigium
1455 1689 1592 1714 versum

131 1759 147 1778 α
170 1750 284 1782 esset.
304 1760 320 1775 ¹»

182 1805 364 1857 Prodigia
387 1813 513 1844 autem
535 1817 612 1843 non
633 1803 762 1843 omnia
781 1803 977 1855 Sibyllinis
999 1803 1235 1843 curabantur
1250 1804 1448 1853 remediis,
1467 1804 1529 1843 sed
1555 1818 1592 1842 ea

132 1880 279 1910 tantum
300 1883 386 1922 quae
405 1869 557 1922 publice
571 1869 743 1908 nuntiata
762 1878 911 1917 essent,
931 1868 970 1907 id
992 1877 1067 1918 est,
1084 1870 1132 1908 ad
1154 1870 1382 1908 Pontificem
1401 1870 1594 1907 Maximum

134 1937 193 1974 vel
227 1935 274 1973 ad
295 1935 537 1987 magistratus
569 1933 722 1972 delata:
755 1933 860 1972 unde
896 1934 1008 1973 toties
1046 1934 1149 1986 apud
1169 1934 1346 1973 Livium:
1372 1934 1594 1985 «Lapidibus

134 2000 308 2052 «pluisse
337 1999 554 2037 nuntiatum
586 2006 654 2044 est,
667 2015 682 2032 υ
711 2006 748 2037 et
780 1997 850 2038 lib.
878 1997 986 2046 XXI,
1020 2002 1040 2046 ξ,
1067 2000 1115 2053 62
1142 2013 1150 2036 :
1183 2017 1200 2032 «
1221 2000 1340 2038 Multa
1371 2000 1539 2036 nuntiata
1565 2006 1596 2035 ct

135 2083 151 2099 n
174 2074 316 2107 ,temere
338 2063 499 2112 credita,
522 2080 538 2098 υ
559 2072 597 2102 et
621 2062 691 2102 lib.
716 2063 859 2112 XXIV,
879 2067 898 2110 §
923 2077 969 2101 10
988 2078 996 2102 ε
1014 2081 1030 2098 «
1047 2058 1141 2109 Qu'ae
1158 2075 1237 2114 quo
1258 2064 1374 2115 magis
1403 2063 1594 2102 credebant
1640 2052 1644 2055 ⁵

135 2148 152 2165 ιι
171 2129 339 2181 religiosi
367 2129 457 2176 viri,
495 2141 541 2167 eo
583 2129 695 2179 plura
733 2127 1018 2167 nuntiabantur.
1036 2144 1052 2164 ι
1091 2129 1247 2167 Fatetur
1282 2127 1384 2166 idem
1421 2141 1464 2166 ac
1502 2140 1595 2179 paene

136 2195 334 2246 queritur,
356 2192 423 2233 lib.
445 2193 587 2241 XLIII,
612 2193 635 2243 ἓ
658 2195 728 2243 13,
751 2205 821 2230 suo
847 2201 1021 2244 tempore
1048 2210 1064 2227 n
1082 2193 1252 2231 nuntiari
1280 2192 1485 2231 admodum
1506 2191 1596 2229 nulla

137 2277 152 2293 ιι
167 2258 343 2311 prodigia
364 2257 401 2295 in
424 2257 645 2309 publicum:
663 2274 678 2291 >›
697 2257 803 2308 quod
822 2270 940 2309 supra
966 2257 1133 2296 diximus
1147 2287 1157 2305 ‚
1183 2259 1303 2310 magis
1332 2268 1412 2296 tum
1444 2271 1464 2295 a
1496 2256 1596 2295 rebus

137 2322 275 2361 divinis
308 2321 491 2360 alienatos
511 2320 627 2360 fuisse
647 2321 810 2372 animos,
831 2322 910 2361 sive
933 2322 1018 2374 quis
1044 2322 1177 2370 malit,
1197 2323 1388 2360 acutiores
1415 2331 1452 2360 ct
1480 2320 1596 2372 suspi-

139 2387 324 2427 caciores.

190 2451 365 2505 Sedjam
395 2464 416 2488 a
439 2463 586 2489 summa
609 2450 837 2502 antiquitate
864 2451 1060 2491 Pontificis
1081 2451 1238 2490 Maximi
1270 2464 1409 2490 munus
1431 2458 1522 2497 erat,
1554 2446 1596 2486 ab

137 2519 221 2570 ipso
244 2517 366 2555 Numa
386 2515 604 2553 institutum
619 2543 630 2563 ,
660 2523 702 2552 ut
724 2514 904 2554 edoceret
918 2529 1029 2567 «quae
1048 2515 1227 2567 prodigia
1246 2515 1470 2554 fulminibus
1489 2514 1598 2551 aliove
1640 2549 1645 2554 ,

139 2601 153 2617 «ι
173 2595 250 2633 quo
279 2582 363 2618 visu
380 2581 493 2619 missa
515 2580 800 2632 susciperentur
819 2589 935 2632 atque
958 2589 1201 2630 curarentur,
1217 2598 1232 2615 ι»
1255 2581 1340 2621 Liv.
1362 2581 1395 2628 1,
1419 2585 1512 2628 §20-
1526 2579 1600 2617 lta-

140 2660 216 2699 que
237 2645 412 2683 nuntiata
428 2644 600 2695 prodigia
618 2643 666 2681 ad
686 2658 966 2695 quemcumque
981 2644 1134 2683 demum
1153 2658 1216 2683 seu
1235 2657 1477 2696 quocumque
1497 2640 1599 2680 modo

141 2711 264 2750 delata
280 2709 443 2760 primum
465 2709 647 2755 fuissent,
673 2709 869 2747 Pontificis
886 2709 1042 2747 Maximi
1060 2710 1209 2748 notioni
1228 2709 1365 2761 subjici
1385 2707 1598 2760 oportebat3

142 2777 186 2825 is,
205 2773 389 2813 consultis
408 2771 511 2810 haud
533 2771 648 2809 dubie
669 2772 796 2811 Xviris
815 2786 882 2810 seu
907 2773 1086 2820 XVviris,
1109 2786 1158 2812 ex
1177 2788 1310 2813 eorum
1330 2773 1527 2818 sententia,
1542 2782 1599 2808 seu

142 2854 226 2890 quae
242 2839 358 2887 magis
375 2837 531 2888 propria
543 2850 616 2874 vox
631 2847 724 2883 erat,
735 2838 991 2894 suggestione,
1008 2838 1195 2877 referebat
1206 2839 1251 2877 ad
1264 2841 1500 2889 magistratus
1516 2833 1598 2885 quid
