1752 3495
589 201 893 246 EXCURSUS
929 203 978 246 ll.
1134 237 1137 241 .
1413 203 1502 248 105

45 313 80 342 et
99 303 134 340 in
158 299 310 337 oraculo
329 297 497 349 quodam
522 297 624 347 apud
645 297 905 341 Plutarchum,
925 297 1010 336 libr.
1029 298 1092 336 cit.
1117 312 1152 349 p.
1174 299 1272 346 570:

254 363 344 402 Ἀλλ’
362 361 465 401 ὁπότε
484 361 618 415 Τρώων
635 362 759 414 γενεὴ,
778 378 813 401 κ.
830 378 860 400 τ.
876 363 925 411 λ.,
1087 413 1091 418 1

45 440 79 468 et
111 430 146 466 in
175 427 330 478 Sibyllae
362 427 541 465 Cumauae
575 440 639 465 seu
673 428 850 465 Romanae
881 426 1126 477 supposititio
1157 426 1370 477 fragmento
1400 426 1501 479 apud

46 492 304 541 Phlegontem.
325 491 372 527 de
393 491 568 540 Longaev.
585 504 666 541 cap.
690 497 708 534 4
726 504 734 526 ε

249 554 340 593 Ἀλλ’
359 553 486 593 ὁπόταν
510 554 677 604 μήκιστος
697 553 757 607 ἵκῃ
775 554 896 608 χρόνος
914 553 1156 607 ἀνθρώποισιν,

41 622 124 659 etin
145 620 232 666 alio,
247 619 367 656 multo
382 632 471 657 saue
489 619 714 665 recentiori,
733 619 797 656 sed
818 618 918 656 haud
937 618 1055 657 dubie
1079 617 1127 656 ad
1153 627 1315 656 veterem
1342 619 1501 656 sormam

43 683 271 733 composito,
301 683 403 733 apud
436 684 557 721 Amin.
591 683 759 721 Marcell.
794 682 861 722 lib.
891 683 1032 729 xxxi,
1068 682 1192 728 initio,
1217 690 1254 720 et
1287 682 1502 728 Socratem,

45 749 134 786 llist.
155 747 256 786 Eccl.
276 747 341 787 lib.
364 748 427 794 IV,
448 761 531 797 cap.
554 749 576 785 8
598 760 607 788 :
812 796 816 801 ⁵

249 809 339 848 Ἀλλ’
355 810 410 849 ὅτε
429 810 470 858 δὴ
492 811 634 864 Νύμφαι
657 812 819 865 δροσερὴν
839 811 928 851 κατὰ
949 811 1034 850 ἄστυ
1053 811 1192 864 χορείην

246 875 468 929 Τερπόμεναι
483 876 690 924 στήσονται,
705 893 737 915 κ.
750 892 781 916 τ.
797 878 846 923 λ.,

42 950 76 979 et
108 942 159 977 sic
197 952 296 990 saepe
329 941 366 978 in
399 941 567 992 parodiis
598 942 888 992 Aristophaneis
917 941 1284 991 Lucianeisve,post
1303 941 1405 979 hunc
1424 941 1502 979 Ex-

42 1016 187 1041 cursum
214 1003 386 1052 citandis,
407 1005 524 1054 inque
552 1005 691 1043 nostris
711 1005 908 1056 Sibyllinis
928 1018 1034 1055 paene
1054 1005 1100 1042 ad
1123 1005 1328 1043 fastidium.

89 1068 258 1106 Alterum
279 1082 326 1105 ex
348 1068 477 1107 eadem
499 1083 611 1107 causa
642 1079 747 1108 certo
767 1070 931 1108 divinari
972 1079 1116 1121 potest,
1143 1069 1359 1121 frequentes
1378 1070 1416 1109 in
1438 1070 1503 1108 illo

41 1132 201 1169 camnine
230 1132 345 1170 fuisse
369 1133 519 1171 dicendi
545 1134 727 1172 formulas
755 1134 894 1185 quihus
917 1143 1038 1185 poetae
1070 1135 1254 1172 caelestem
1287 1134 1503 1172 instinctum

40 1196 174 1234 imitari
194 1196 334 1245 solent,
353 1206 510 1235 oestrum
531 1198 724 1247 subitum,
750 1208 788 1236 et
810 1208 934 1236 motus
957 1198 1071 1236 animi
1099 1199 1282 1237 violentos
1297 1229 1306 1247 ‚
1325 1207 1361 1237 et
1381 1199 1501 1249 ignem

39 1260 135 1297 intus
170 1274 386 1311 accensum,
417 1262 566 1312 aliaque
598 1263 669 1300 hoc
693 1276 810 1314 genus
840 1263 1073 1300 simulantes.
1106 1264 1213 1302 Unde
1255 1263 1502 1310 Ammianus,

39 1324 97 1361 lib.
117 1324 201 1363 XXI
221 1339 229 1362 τ
256 1342 272 1358 «
292 1325 444 1375 Sibyllae
463 1325 599 1364 crebro
618 1341 656 1364 se
677 1327 809 1364 dicunt
830 1327 985 1373 ardere,
1007 1328 1143 1365 torreri
1166 1328 1199 1364 vi
1230 1341 1362 1378 magna
1393 1327 1499 1365 flam-

39 1402 201 1437 marum3
219 1406 233 1422 υ
263 1403 339 1439 quo
374 1390 573 1429 reserenda
594 1405 676 1442 quae
709 1391 755 1429 ad
785 1392 887 1429 hunc
917 1405 1067 1429 sensum
1101 1392 1277 1443 leguntur
1305 1393 1341 1430 in
1366 1391 1503 1430 nostris

38 1467 185 1504 quoque
207 1454 411 1505 Sibyllinis,
434 1466 473 1493 ut
493 1456 558 1495 lib.
576 1457 654 1505 111,
676 1457 747 1494 sub
766 1457 941 1494 initium:

243 1518 345 1557 Ἀλλὰ
363 1522 397 1558 τί
418 1536 478 1571 μοι
496 1520 622 1574 κραδίη
642 1520 747 1559 πάλιν
764 1521 928 1568 ἅλλεται,
944 1520 1008 1568 ἠδέ
1026 1536 1064 1572 γε
1083 1515 1189 1573 Θυμὸζ

240 1584 465 1637 Τυπτόμενος
485 1586 649 1637 μάστιγι,
669 1601 701 1624 κ.
718 1601 750 1623 τ.
769 1586 817 1631 λ.,

38 1648 180 1698 aliaque
205 1650 321 1687 multa
342 1651 478 1688 similia
499 1651 636 1701 passim
659 1651 696 1688 in
718 1650 851 1688 iisdem
874 1650 980 1691 libris
999 1650 1125 1689 obvia.

85 1714 262 1750 Ceterum
293 1714 363 1751 ista
397 1715 524 1753 omnia
557 1714 730 1752 versibus·
765 1715 1018 1762 hexametris,
1044 1714 1155 1765 epico
1186 1713 1337 1751 dicendi
1364 1727 1502 1764 genere

38 1776 144 1814 fuisse
176 1777 338 1829 scripta,
367 1778 577 1829 fragmenta
602 1780 683 1829 ipsa
705 1779 975 1816 demonstrant.
1000 1779 1210 1817 Dialeetum
1232 1786 1270 1816 et
1288 1779 1500 1817 orationem

37 1850 70 1877 et
102 1842 319 1892 prosodiam
356 1843 394 1880 in
432 1843 476 1881 iis
510 1843 773 1894 deprehendas
809 1844 1019 1882 Homericis
1053 1844 1284 1895 proximam,
1318 1844 1500 1881 nonnulla

36 1906 143 1943 etiam
178 1906 415 1945 hemistichia
448 1917 579 1959 aperte
613 1922 659 1945 ex
691 1910 856 1946 Homero
887 1909 1113 1959 ‹lesumpta3
1134 1917 1170 1945 et
1201 1908 1335 1958 quidni
1369 1921 1499 1946 versus

35 1981 94 2007 aut
115 1971 217 2009 locos
239 1973 421 2024 integrm,
439 1974 467 2010 si
485 1986 636 2010 carmen
655 1981 777 2010 totum
793 1973 839 2009 ad
862 1987 930 2010 nos
951 1974 1214 2023 pervenisset?
1236 1973 1343 2011 Unde
1361 1973 1497 2011 diffusa

35 2035 131 2085 apud
152 2036 331 2087 antiquos
356 2038 490 2089 opinio
510 2037 556 2074 de
572 2038 726 2083 Homeri
746 2037 873 2085 furtis,
891 2051 1002 2087 quam
1024 2051 1092 2075 nos
1115 2037 1308 2088 attigimus
1325 2050 1441 2089 supra
1463 2046 1500 2075 et

35 2100 67 2136 iu
88 2101 179 2138 Exc.
197 2102 234 2149 l,
255 2115 338 2152 cap.
365 2115 399 2140 2.

81 2165 217 2203 Versus
233 2175 359 2204 autem
378 2167 503 2214 rudes,
523 2168 738 2218 incomptos
757 2177 873 2218 atque
893 2168 1087 2205 inornatos
1109 2167 1222 2206 fuiss'e
1242 2176 1399 2206 testa-tur
1413 2168 1500 2207 Plu-

35 2230 202 2282 tarchus,
226 2231 295 2269 loc.
328 2244 426 2281 saepe
456 2231 532 2278 cit.,
553 2244 628 2268 non
650 2231 824 2281 ἀγέλαστα
848 2240 1014 2278 tantum,
1047 2245 1175 2269 verum
1201 2241 1237 2270 et
1268 2230 1441 2284 ἀμύριστα
1461 2241 1498 2271 et

33 2295 280 2333 ἀκαλλώπιστα
299 2309 438 2333 vocans
462 2310 505 2333 ea
524 2299 703 2334 carmina.
733 2296 843 2343 Quod
862 2297 1015 2347 quidem
1038 2298 1195 2347 gentiles
1217 2298 1338 2334 :ninus
1368 2298 1496 2335 osseu-

33 2359 118 2397 dere
132 2360 276 2408 debuit,
292 2361 358 2411 qui
379 2360 496 2411 ipsius
512 2360 662 2410 Pythici
681 2361 825 2398 oraculi
840 2374 967 2398 versus
986 2361 1208 2411 plerumque
1227 2375 1301 2398 nou
1323 2362 1495 2399 meliores

33 2424 263 2474 acciperent,
276 2424 498 2462 defendente
517 2425 654 2462 frustra
674 2425 860 2474 poeticam
878 2425 946 2462 Dei
966 2425 1102 2461 sannam
1121 2426 1246 2461 multis
1266 2426 1495 2475 argumentis

35 2486 250 2534 Plutarcho,
267 2486 362 2528 ibid.
381 2488 517 2538 1›.558,
539 2501 638 2539 sqq.;
657 2488 865 2539 simplicius
882 2496 1008 2525 autem
1029 2487 1244 2525 declarante
1257 2488 1430 2539 Apuleio,
1447 2488 1494 2526 de

33 2551 109 2587 Deo
119 2551 283 2589 Socratis
299 2580 309 2599 ,
329 2565 366 2602 p.
385 2552 474 2600 677‚
497 2552 559 2592 cd.
583 2553 684 2599 Pata,
710 2553 797 2589 talia
817 2553 918 2590 Deos
939 2565 1014 2589 non
1029 2565 1185 2589 curare:
1206 2571 1222 2584 σι
1239 2553 1369 2602 Neque
1391 2553 1492 2590 enim

32 2632 44 2646 ιι
75 2628 142 2664 pro
173 2618 367 2665 majestate
393 2617 513 2654 Deum
541 2617 742 2654 caelestium
774 2615 907 2664 fucrit,
938 2626 977 2654 ut
1006 2630 1138 2655 eorum
1162 2617 1410 2667 quisquam...
1436 2617 1494 2656 vel

31 2695 45 2710 «ι
75 2679 228 2731 Sibyllae
249 2680 445 2731 fatiloquia
464 2681 665 2721 versiliect.
680 2700 694 2714 »
937 2727 942 2733 ¹

80 2746 302 2796 Quanquam
325 2753 365 2782 ut
386 2744 545 2782 libenter
566 2745 753 2783 credimus
770 2759 846 2782 nou
864 2746 977 2783 fuisse
997 2759 1127 2784 omues
1141 2745 1349 2795 Sibyllinos
1366 2760 1494 2784 versus

32 2808 224 2849 llomerica
253 2811 439 2848 suavitate
480 2810 679 2856 intinctos,
710 2811 763 2848 ita
801 2810 911 2848 uobis
936 2819 1059 2848 tamen
1093 2824 1192 2861 aegre
1223 2811 1491 2862 persuademus

28 2871 179 2912 infuisse
211 2875 256 2913 iis
291 2884 343 2913 tot
378 2874 512 2912 menda
538 2884 631 2925 quot
658 2875 772 2913 hodie
799 2875 1043 2925 reperiuntur
1068 2876 1105 2912 iu
1129 2874 1291 2924 judaicis
1315 2875 1491 2913 christia—
