1752 3495
669 210 973 256 EXCURSUS
1007 213 1040 257 1.
1064 250 1067 253 .
1364 230 1368 234 ·
1521 217 1582 268 29

127 324 203 350 non
234 311 348 349 fuisse
369 306 608 348 Homericam
628 305 728 344 illam
748 306 905 358 Chrysae
931 306 1138 347 sacerdotis
1161 310 1307 360 sedem,
1328 311 1420 350 alibi
1442 311 1585 364 quippe

124 375 367 427 quaerendam
380 374 479 411 circa
498 369 658 410 Theben
674 370 835 409 Troadis
852 372 889 409 in
912 371 1186 430 Adramytteno
1198 374 1321 425 litore,
1339 368 1440 416 unde
1453 385 1585 428 postea

126 448 163 477 ct
180 440 280 477 Deus
309 446 346 476 et
368 435 548 487 templum
571 442 610 472 et
627 434 751 485 ipsum
782 434 887 473 urbis
906 435 1063 487 Chrysae
1082 449 1220 475 nomen
1239 442 1395 491 propius
1416 442 1584 480 Alexan-

126 502 245 540 driam
263 502 361 540 circa
372 498 611 539 Ilamaxitum
627 499 806 537 translata
821 499 964 539 suerint
979 500 1118 540 omnia.
1136 500 1266 541 Sed-id
1281 504 1341 542 vel
1356 504 1585 555 ignorabant

124 567 182 605 vel
204 567 388 622 negabant
412 561 682 610 Alexandrini,
701 563 1026 615 Smintheumque¹
1042 578 1151 602 suum
1171 578 1327 604 summae
1348 569 1583 620 antiquitatis

123 634 306 685 religione
320 628 526 681 stipabant.
543 629 666 667 Porro
676 629 778 666 nulla
789 628 942 679 Sibyllae
952 629 1076 680 aptior
1090 629 1198 668 sedes
1212 631 1420 682 excogitari
1434 634 1585 685 cupien-

124 698 225 736 tibus
242 702 394 748 poterat
421 705 535 744 quam
561 691 668 730 locus
697 692 829 730 tandiu
858 693 1047 744 Apollinis
1073 694 1174 731 cultu
1202 693 1440 743 celebratu53
1463 710 1584 747 neque

122 765 248 815 aptius
270 762 388 799 ullum
414 771 551 796 munus
569 772 681 809 quam
707 759 831 810 ipsum
852 758 987 798 Phoebi
1014 759 1261 798 ministerium
1281 761 1321 798 in
1346 774 1427 799 eam
1448 764 1583 801 mulie-

123 841 200 866 rem
232 825 410 871 cadebat,
436 836 522 875 quae
543 837 582 861 se
610 823 649 861 in
677 823 910 861 carminibus
931 824 1026 873 suis,
1057 824 1218 863 docente
1237 825 1321 877 ipso
1342 827 1527 865 Pausania
1548 838 1585 867 et

123 890 340 943 fragmentis
364 888 574 926 carminum
591 887 837 939 testantibus2
856 901 958 926 nunc
981 899 1151 926 sororem
1172 889 1321 938 Phoebi,
1340 903 1442 928 nunc
1457 891 1585 944 filiam,

122 969 222 993 nunc
244 966 399 991 uxorem
417 952 618 991 cecinerat.

173 1023 212 1056 2⁰
231 1019 288 1056 De
301 1016 449 1055 somnio
466 1015 774 1055 llccubae-verum
793 1016 967 1067 estquod
980 1015 1114 1054 scribit
1131 1017 1281 1065 Noster,
1299 1017 1476 1056 omnibus
1491 1018 1585 1057 illud

119 1097 199 1122 esse
221 1092 368 1133 notum,
384 1081 406 1118 ἃ
419 1081 544 1124 πάντες
562 1080 675 1131 ἴσμεν.
696 1081 770 1120 Sed
791 1081 872 1132 ejus
891 1082 1028 1120 somnii
1047 1083 1402 1133 interpretationem
1421 1084 1484 1121 alii
1503 1085 1587 1122 aliis

121 1148 334 1186 tribuerunt
355 1162 364 1184 ε
384 1146 518 1184 AEsaco
538 1146 677 1185 Priami
701 1147 779 1184 filio
797 1147 1044 1198 Lycophron,
1061 1146 1168 1185 Alex.
1182 1160 1215 1185 v.
1233 1153 1304 1191 224
1321 1146 1403 1197 (ubi
1420 1148 1585 1187 Tzetzen

118 1213 238 1262 vide),
254 1220 290 1250 et
304 1211 561 1262 Apollodorus
576 1211 828 1259 Atheniensis,
844 1211 939 1249 Bibl.
961 1211 1028 1258 ΙΙΙ,
1047 1225 1131 1262 cap.
1155 1223 1226 1259 123
1247 1212 1430 1262 Apollini,
1451 1213 1585 1251 Cicero

119 1277 174 1314 vel
194 1276 361 1313 incertus
374 1275 476 1326 apud
493 1288 579 1313 eum
598 1284 710 1326 poeta
725 1304 735 1323 ,
754 1275 802 1313 de
820 1275 1034 1328 1)J1vin.,lib.
1055 1276 1115 1326 l,§
1134 1289 1177 1312 αι
1195 1288 1206 1325 3
1221 1275 1358 1314 divinis
1376 1284 1413 1314 et
1428 1276 1585 1315 hariolis

116 1340 289 1391 ignarum
310 1338 463 1390 quibus,
481 1339 664 1390 Hyginus,
684 1338 760 1378 sab.
777 1353 839 1389 91,
856 1339 946 1377 item
973 1339 1103 1390 Dictys
1122 1339 1220 1377 Cret.
1242 1338 1309 1379 lib.
1334 1340 1396 1384 ΙΙΙ,
1417 1353 1500 1391 cap.
1521 1341 1585 1386 26,

117 1415 153 1443 et
170 1405 379 1444 Scholiasta
404 1405 528 1442 minor
543 1404 590 1442 ad
614 1405 717 1443 iliad.
738 1420 780 1454 γ,
812 1405 909 1452 325;
931 1404 1154 1443 Cassandrae
1170 1405 1311 1444 Priami
1341 1405 1445 1459 ssliae,
1468 1406 1582 1444 Euri-

116 1471 243 1521 pides,
264 1470 463 1518 Androm,
483 1483 518 1509 v.
542 1470 631 1520 296,
651 1483 752 1520 sqq„
769 1469 909 1520 aliique
925 1469 1170 1517 recentiores,
1183 1469 1246 1507 sed
1266 1469 1372 1517 salso,
1395 1470 1449 1508 uti
1469 1478 1585 1520 patet.

116 1535 188 1582 Qui
209 1534 308 1573 enim
328 1534 454 1585 potuit
473 1534 686 1572 Cassandra
702 1534 831 1571 fratris
850 1534 1033 1572 interesse
1057 1533 1264 1582 natalibus,
1285 1547 1369 1585 quae
1389 1534 1522 1585 junior
1539 1548 1585 1573 eo

114 1599 251 1637 diserte
268 1599 432 1637 traditur
453 1599 488 1636 in
510 1599 734 1649 Apollodori
753 1598 989 1638 Bibliotheca
1004 1629 1013 1647 ,
1035 1598 1100 1636 lib.
1123 1598 1200 1646 ΙΙΙ,
1225 1612 1310 1649 cap.
1333 1613 1376 1636 12
1400 1600 1462 1650 (p.
1482 1599 1555 1645 334
1571 1629 1582 1646 ,

114 1664 245 1714 lleyne
257 1664 285 1714 ),
301 1663 526 1701 concinente
537 1663 657 1701 choro
670 1663 981 1714 mythologorum
996 1662 1130 1701 i’Adde
1141 1662 1244 1713 quod
1254 1663 1471 1701 Cassandrus
1483 1664 1586 1703 Pria-

115 1727 207 1764 midi
223 1728 329 1765 nulla
347 1727 577 1765 vaticinandi
595 1728 754 1765 facultas
770 1728 819 1765 ab
837 1728 1004 1766 Homero
1020 1727 1203 1766 tribuitur
1216 1727 1285 1777 (cs.
1306 1727 1417 1768 Iliad.
1431 1744 1463 1776 ν,
1487 1728 1583 1774 366;

112 1807 155 1841 ω,
174 1793 265 1842 699,
286 1799 325 1828 et
339 1791 474 1841 Odyss.
489 1793 525 1838 λ,
544 1798 612 1837 [02¹
630 1792 661 1842 )‚
677 1806 797 1843 eaque
816 1793 898 1830 laus
913 1792 967 1830 illi
987 1792 1136 1830 seminae
1152 1791 1201 1830 ab
1216 1792 1401 1843 Euripide
1418 1793 1582 1843 primum
1627 1792 1632 1798 '

112 1854 237 1890 aflicta
265 1853 415 1890 videtur
438 1853 475 1891 iu
497 1867 606 1891 usum
642 1854 793 1905 tragicae
820 1868 964 1903 scenae,
992 1855 1095 1892 unde
1126 1856 1171 1892 ad
1194 1863 1323 1906 poetas
1351 1855 1583 1894 recentiores

114 1918 276 1958 transiit.
305 1918 458 1957 Rectior
483 1919 616 1970 opinio
641 1919 856 1970 Pausaniae,
892 1934 976 1970 quae
1002 1920 1186 1971 Sibyllam
1222 1921 1479 1959 Mermessiam
1505 1921 1581 1960 huc

112 1981 291 2030 adducit,
313 1982 360 2020 de
375 1996 450 2033 qua
467 1988 648 2034 tanquam
669 1983 759 2021 artis
781 1983 943 2022 fatidicae
962 1985 1188 2035 peritissima
1208 1992 1447 2022 constantem
1465 1984 1582 2022 fuisse

114 2047 252 2084 famam
273 2047 310 2084 in
332 2047 484 2085 Troade
497 2047 679 2086 diximus.
697 2050 781 2085 Huc
798 2048 911 2085 etiam
932 2048 1065 2085 referri
1086 2056 1213 2098 potest
1237 2047 1341 2098 quod
1361 2048 1496 2086 Suidas
1516 2048 1580 2096 ait,

113 2111 314 2161 Phrygiam
331 2111 523 2162 Sibyllam,
539 2125 652 2162 quam
670 2112 750 2162 ipse
768 2111 954 2149 incertum
972 2125 1041 2149 cur
1056 2110 1192 2149 Sarbiu
1210 2120 1274 2149 aut
1289 2111 1442 2163 Sat-ysin
1460 2120 1581 2160 vocat,

114 2174 161 2211 ab
185 2175 267 2213 aliis
289 2175 537 2213 Cassandram
559 2189 623 2213 seu
643 2175 927 2214 'l'araxandram
956 2177 1097 2213 vocari.
1127 2175 1347 2214 Profectum
1380 2175 1478 2213 enim
1507 2176 1580 2215 hoc

114 2239 262 2278 videtur
285 2253 329 2278 ex
360 2240 485 2290 aliqua
506 2240 661 2290 Sibyllae
693 2254 779 2278 cum
811 2240 1022 2279 Cassandra
1046 2241 1272 2278 confusione
1294 2249 1450 2291 propter
1477 2241 1580 2279 illam

112 2305 247 2342 somnii
262 2305 625 2355 interpretationem.
647 2304 836 2357 Κασάνδρα
856 2304 1007 2355 quidem
1026 2314 1063 2342 et
1079 2303 1311 2357 Ταραξάνδρα
1327 2333 1337 2351 ,
1363 2305 1458 2343 sicut
1475 2305 1580 2356 apud

112 2369 404 2419 Lycophronem
428 2367 643 2419 Ἀλεξάνδρα,
665 2382 780 2406 tinum
802 2368 981 2419 idemque
1000 2368 1151 2405 videtur
1167 2381 1248 2406 esse
1269 2368 1490 2407 Cassandrae
1509 2383 1580 2407 no-

113 2446 195 2470 men
210 2460 220 2479 ,
237 2433 371 2471 leviter
388 2433 590 2479 inflexum,
613 2433 663 2470 ita
682 2442 722 2471 ut
741 2447 762 2470 e
778 2433 937 2471 diversis
954 2433 1090 2484 etymis
1109 2432 1207 2470 idem
1230 2446 1337 2484 paene
1354 2446 1484 2472 sensus
1502 2434 1581 2472 esli-

112 2495 247 2543 ciatur,
266 2493 362 2548 παρὰ
386 2494 425 2533 τὸ
443 2494 611 2541 καινύναι,
633 2494 655 2542 ἢ
675 2496 713 2533 τὸ
730 2495 924 2549 ταράττειν,
949 2495 970 2542 ἢ
989 2495 1028 2534 τὸ
1044 2494 1186 2539 ἀλεξεῖν.
1209 2495 1282 2534 Sed
1303 2496 1350 2535 de
1366 2496 1438 2534 isto
1455 2497 1579 2536 Suidae

112 2559 194 2596 loco
210 2573 341 2597 rursus
358 2560 454 2597 infra
473 2559 578 2597 locus
601 2560 673 2597 erit
690 2559 855 2597 dicendi.

165 2622 205 2660 3⁰
225 2623 340 2662 Addit
358 2623 564 2662 Pausanias
577 2624 762 2674 Sibyllam
784 2637 889 2662 suam
911 2623 977 2661 diu
997 2623 1098 2662 Sami
1119 2623 1276 2674 vixisse,
1296 2622 1433 2662 deinde
1446 2623 1548 2662 Clari
1564 2653 1575 2670 ,

114 2687 195 2724 Deli
216 2702 259 2724 ac
277 2688 433 2739 Delphis
452 2688 652 2736 cecinisse,
671 2701 807 2739 nempe
826 2696 868 2725 ut
886 2688 1057 2726 eamdem
1079 2687 1174 2725 hanc
1193 2701 1279 2725 cum
1293 2689 1438 2734 Samia,
1457 2689 1578 2727 Colo-
1606 2690 1613 2697 '

113 2750 274 2799 plionia,
302 2752 483 2803 Delphica
498 2781 508 2800 ,
533 2766 695 2803 cumque
725 2753 919 2790 Deliorum
946 2753 1155 2790 carminum
1177 2761 1333 2790 auctore
1354 2753 1487 2799 saciat;
1509 2752 1575 2791 sssd

115 2812 159 2849 de
178 2813 234 2850 his
253 2816 442 2861 omnibus,
464 2829 548 2865 quae
567 2824 783 2866 opportuna
813 2815 1061 2864 videbuntur,
1085 2815 1268 2866 proximis
1289 2816 1478 2866 capitibus
1498 2816 1575 2852 dis-

115 2885 284 2911 seremus..
309 2877 400 2914 lllud
422 2878 571 2914 interim
591 2878 772 2914 miramur
790 2891 866 2915 nou
887 2879 1033 2915 venisse
1059 2878 1197 2916 Nostro
1216 2878 1250 2914 in
1280 2887 1442 2916 mentem
1458 2908 1469 2928 ‚
1496 2893 1573 2928 quo
