1752 3495
708 212 1016 257 EXCURSUS
1047 218 1086 261 1;
1258 260 1262 264 Α
1563 220 1621 263 63

163 331 254 370 ergo
275 317 435 370 gratiam
462 311 529 363 qui
547 304 704 360 Sibyllae
724 309 864 348 ltalicae
891 323 1030 349 nomen
1052 311 1193 351 alicubi
1220 314 1534 356 ceteris,mixtum
1563 328 1622 354 re-

164 383 324 434 perient,
337 393 398 419 res
413 377 521 416 istius
540 373 725 423 mulieris,
743 387 818 424 qua
835 373 964 412 licebit
982 374 1192 426 diligentia,
1213 389 1500 429 persequemur.

213 445 381 484 Primum
410 441 457 478 de
483 437 638 476 nomine
657 437 742 488 ipso
770 437 1007 481 notabimus,
1028 438 1173 489 duplici
1200 439 1295 478 illud
1321 441 1437 480 modo
1467 441 1621 489 efferri,

158 508 294 560 saepius
309 506 408 544 enim
425 505 662 542 Carmentem
681 500 756 538 dici
768 529 778 546 ,
801 509 843 538 ut
861 501 964 552 apud
982 501 1198 553 Virgilium,
1214 502 1393 542 Ovidium
1413 514 1450 543 et
1471 495 1625 544 Latinos

160 573 383 624 plerosque,
417 566 601 618 quosdam
639 566 753 604 etiam
786 566 954 612 Graecos,
978 565 1281 613 utStrabonem;
1308 567 1501 608 interdum
1528 570 1625 608 Car-

159 644 346 682 mentam,
369 639 409 669 ut
427 630 529 682 apud
560 631 752 682 Hyginum
778 638 816 668 et
845 632 1067 668 Graecorum
1099 631 1300 682 plurimos.
1330 633 1379 669 At
1404 632 1532 673 Livius
1558 636 1624 686 qui

158 699 256 737 libro
277 699 313 742 Ι,
342 696 363 745 §
385 709 404 743 7
420 723 432 746 ‚
455 696 666 733 Carmenta.»
691 698 821 730 'nattis
839 694 1063 745 scripserat,
1097 695 1209 741 alias,
1228 695 1273 740 V,
1306 699 1325 742 S
1355 702 1400 743 307
1415 725 1425 742 ,
1451 699 1505 733 ad
1533 699 1626 735 Can-

157 767 286 802 mentis
301 761 410 809 dicit,
428 758 466 797 id
487 767 544 797 est
565 761 619 796 ad
639 759 1019 807 Carmentis-sanum,
1044 773 1130 810 quae
1150 759 1299 798 videtur
1320 760 1449 798 Romae
1476 762 1624 813 vulgata

157 827 272 878 magis
297 826 412 864 fuisse
427 825 650 877 appellatiO.
672 825 892 863 Graecorum
915 838 1005 862 usus
1019 838 1154 876 parum
1171 825 1210 862 in
1228 825 1299 863 hac
1319 840 1360 864 re
1376 828 1490 875 valet,
1508 841 1624 878 quum

159 905 259 930 mere
282 891 439 928 latinum
461 890 507 926 sit
536 901 674 927 nomen
700 901 722 926 a
746 893 930 934 carmine,
962 888 1000 925 id
1036 896 1114 934 est,
1143 902 1164 926 a
1198 892 1364 926 canendo
1391 890 1517 928 fictum
1551 896 1625 939 (est

157 956 254 995 enim
274 955 397 1005 ipsum
421 967 569 990 carmen
589 965 661 1004 pro
680 965 850 995 casmen,
873 952 974 990 sicut
998 952 1180 989 Camaemz
1199 965 1270 1003 pro
1301 953 1529 1005 Casmena);
1548 969 1623 992 non

154 1031 174 1056 a
201 1019 356 1054 carendo
386 1025 530 1059 meme,
553 1015 656 1066 quod
698 1016 791 1052 salso
828 1016 1054 1053 Plutarchus
1089 1017 1342 1066 excogitavit,
1373 1030 1500 1055 veram
1534 1020 1626 1057 alias

154 1081 424 1132 etymologiam
442 1080 615 1127 tradens,
644 1079 738 1117 locis
766 1080 864 1117 infra
892 1079 1064 1117 citandis.
1085 1081 1295 1129 Martianus
1317 1082 1430 1120 etiam
1451 1084 1625 1134 Capella,

154 1147 226 1185 loc.
255 1144 337 1192 cit„
359 1144 499 1182 dictam
529 1143 662 1192 docet,
681 1142 760 1180 «ab
793 1144 915 1182 effuso
943 1157 1012 1194 per
1041 1144 1219 1182 vaticinia
1250 1145 1474 1194 carmine»,
1503 1155 1541 1185 et
1571 1149 1623 1186 sic

152 1222 284 1247 omnes
304 1207 442 1245 Latini.
471 1211 520 1246 At
545 1208 687 1246 Graecis
711 1208 853 1246 Graecoe
872 1207 1042 1245 mulieris
1074 1220 1237 1258 graecum
1267 1197 1618 1262 nonienacceptius

151 1272 302 1310 videtur
326 1271 460 1318 fuisse,
480 1272 559 1309 sive
580 1271 750 1317 Themis,
770 1279 812 1308 ut
833 1271 935 1321 apud
961 1272 1191 1321 Dionysium
1221 1272 1414 1323 aliosque,
1443 1274 1521 1312 sive
1549 1276 1617 1314 Ni-

150 1344 330 1380 costrata,
362 1344 402 1373 ut
432 1335 610 1386 inprimis
640 1335 741 1386 apud
772 1335 1018 1382 Strabonem,
1053 1336 1133 1374 sive
1165 1345 1392 1387 utrumque,
1424 1339 1616 1387 optionem

150 1402 263 1439 dante
298 1400 532 1448 Plutarcho,
564 1401 658 1437 locis
689 1400 863 1437 citandis.
894 1402 1135 1439 Carmentam
1171 1411 1294 1440 tamen
1322 1404 1474 1441 nomine
1500 1405 1618 1454 magis

149 1484 251 1508 nunc
268 1471 407 1508 usitato
425 1470 610 1509 dicemus.

199 1535 375 1584 Magnam
396 1535 509 1572 fuisse
541 1535 643 1585 apud
670 1535 862 1573 Romanos
890 1534 1004 1585 hujus
1036 1536 1202 1573 mulieris
1232 1536 1390 1584 samam,
1421 1551 1534 1576 nemo
1562 1548 1619 1577 est

147 1600 301 1650 paulum
322 1599 447 1637 latinis
470 1599 586 1636 literis
605 1601 744 1637 tinctus
765 1598 831 1649 qui
848 1599 1012 1650 ignoret.
1031 1600 1202 1638 Primum
1225 1598 1272 1637 de
1292 1599 1374 1651 ejus
1394 1601 1620 1652 antiquitate

147 1664 244 1701 sama
273 1664 386 1702 etiam
411 1664 450 1701 in
479 1664 726 1715 proverbium
756 1663 927 1703 abierat:
951 1681 966 1697 κ
988 1665 1082 1703 Cum
1112 1672 1232 1701 matre
1256 1664 1424 1702 Evandri
1450 1664 1554 1716 loqui
1574 1684 1589 1700 u
1607 1696 1617 1713 ,

145 1728 194 1768 A.
214 1726 407 1773 Ge11.‚1ib.
431 1727 466 1774 1,
487 1741 570 1778 cap.
597 1740 662 1774 10,
684 1727 750 1765 ubi
778 1727 866 1765 vide
890 1728 1129 1778 interpretes.
1158 1728 1307 1766 Deinde
1339 1729 1520 1780 majorem
1541 1727 1635 1768 hu-⁴

143 1804 253 1828 mana
285 1790 506 1828 conditione
540 1791 657 1843 vulgo
684 1791 853 1829 habitam
890 1799 1050 1830 testatur
1068 1794 1149 1843 ipse
1165 1820 1176 1839 ‚
1200 1792 1442 1842 gravissimus
1467 1803 1615 1844 auctor,

143 1855 291 1902 Livius,
315 1857 386 1894 loc.
405 1857 493 1907 ‚cit.‚
517 1856 583 1894 ubi
605 1857 825 1894 Evandrum
858 1857 1113 1894 venerabilem
1136 1857 1251 1894 fuisse
1269 1857 1361 1894 dicit
1380 1875 1396 1890 ιι
1414 1857 1616 1896 divinitate

143 1939 157 1955 u
187 1922 333 1960 credita
348 1922 560 1961 Carmentae
577 1923 728 1970 matris,
746 1941 760 1956 υ
776 1922 893 1973 idque
912 1922 1181 1960 vaticiniorum
1207 1935 1344 1969 causa;
1364 1922 1469 1960 addit
1484 1924 1582 1962 enim
1605 1937 1612 1962 :

142 2003 157 2020 a
186 2000 300 2037 quam
327 1987 551 2038 fatiloquam
583 1996 670 2024 ante
692 1986 848 2036 Sibyllae
874 1987 1083 2024 adventum
1111 1987 1254 2024 miratae
1278 1986 1336 2024 hae
1364 1996 1498 2038 gentes
1526 1988 1614 2026 sue-

143 2068 157 2085 ι
189 2059 289 2089 rant.
310 2068 324 2084 υ
339 2052 416 2090 Nec
432 2051 626 2102 indignam
645 2051 760 2088 fuisse
778 2051 876 2088 hanc
893 2050 1136 2088 traditionem
1151 2064 1235 2100 quae
1249 2050 1288 2087 in
1304 2050 1472 2088 historiis
1491 2051 1614 2090 locum

142 2114 313 2165 haberet,
331 2116 535 2154 ostendunt
549 2116 801 2154 Carmentalia
817 2128 921 2153 sacra
936 2116 984 2153 ab
998 2115 1140 2155 Ovidio
1158 2116 1356 2153 decantata
1368 2143 1378 2161 ‚
1391 2124 1616 2167 servataque

142 2179 269 2217 ttomae
287 2182 367 2228 ejus
386 2181 556 2218 mulieris
574 2189 832 2227 monumenta,
854 2180 1066 2218 Carmentis
1085 2193 1163 2228 ara,
1188 2189 1226 2217 et
1245 2180 1371 2216 fanum
1393 2181 1615 2226 Carmentis,

140 2253 178 2281 et
197 2244 448 2282 Carmentalis
480 2252 591 2294 porta
618 2246 724 2295 (quae
754 2253 883 2295 postea
914 2245 1104 2283 Scelerata
1134 2244 1235 2282 dicta
1253 2252 1308 2281 est
1335 2242 1386 2280 ob
1412 2244 1613 2283 infaustam

144 2307 344 2346 Fabiorum
361 2308 660 2359 expeditionem)
680 2325 688 2347 :
708 2309 774 2359 qui
793 2309 865 2346 loci
881 2321 1012 2346 omnes
1027 2309 1088 2346 siti
1106 2309 1259 2346 suerunt
1278 2307 1323 2344 ad
1339 2307 1483 2346 radices
1499 2309 1615 2360 Capi-

142 2372 250 2410 tolini
267 2374 408 2410 montis
429 2372 540 2423 juxta
561 2386 709 2410 amnem
739 2372 932 2422 Tiberim,
954 2372 1020 2410 ubi
1039 2372 1239 2410 Carmenta
1265 2370 1457 2409 habitasse
1482 2373 1613 2411 crede-

140 2435 275 2486 batur,
294 2437 394 2474 sicut
427 2451 447 2474 a
476 2438 670 2476 Clemente
702 2437 961 2475 Alexandrino
985 2437 1112 2474 edocti
1138 2449 1292 2483 sumus,
1320 2436 1342 2483 ἣ
1365 2435 1404 2474 τὸ
1429 2438 1463 2475 ἐν
1489 2436 1612 2491 Ῥώμῃ

143 2501 333 2554 Κάρμαλον
351 2500 482 2554 ᾤκηκε,
504 2502 574 2539 nisi
594 2501 698 2552 quod
715 2502 890 2552 ignotum
905 2516 1043 2539 nomen
1061 2499 1252 2553 Κάρμαλον
1267 2500 1377 2538 valde
1394 2511 1609 2552 suspectum

139 2574 216 2612 est,
234 2580 305 2618 pro
321 2580 399 2617 quo
421 2567 622 2618 legendum
645 2568 804 2605 fortasse
823 2565 1084 2618 Καρμεντάλιον
1102 2579 1167 2603 seu
1184 2565 1305 2603 simile
1322 2564 1426 2615 quid.

192 2632 301 2669 Patet
317 2631 406 2669 hinc
425 2645 493 2668 cur
510 2632 616 2669 latini
634 2640 756 2683 poetae
768 2662 780 2683 ,
795 2631 819 2668 ii
841 2645 933 2668 vero
950 2630 1158 2681 praesertim
1177 2629 1240 2680 qui
1257 2629 1357 2667 circa
1376 2630 1518 2680 patrias
1531 2631 1610 2669 ori-

138 2694 475 2746 ginesdiligentius
495 2697 633 2734 versati
659 2705 765 2742 sunt,
792 2696 1002 2734 Carmentre
1029 2695 1233 2745 plurimum
1267 2694 1492 2741 tribuerint,
1514 2695 1611 2733 inter

137 2772 232 2809 quos
253 2760 398 2811 primus
418 2761 518 2798 omni
534 2760 623 2811 jure
643 2761 818 2812 procedit
837 2760 1032 2812 Virgilius,
1052 2760 1135 2800 AEn.
1153 2760 1252 2806 Vnt,
1276 2773 1314 2797 v.
1339 2760 1430 2808 336,
1450 2772 1528 2811 sqq.
1547 2775 1558 2798 ε

295 2825 506 2864 Carmentis
527 2826 705 2877 nymphae
726 2826 932 2864 monitum.

294 2891 341 2929 Et
362 2892 637 2930 Carmentalem
660 2894 829 2930 Romano
852 2891 1003 2929 nomine
1021 2899 1186 2942 portam,
