1752 3495
702 183 1009 230 Excusssus
1043 184 1120 229 ιιι.
1248 215 1250 217 .
1422 172 1429 183 “
1545 187 1639 232 237

192 292 348 339 duasque
371 284 536 323 diversas
554 281 725 320 civitates
753 289 938 320 memorat
964 281 1012 320 ad
1036 273 1351 320 annum'cnxvnt
1377 281 1478 320 idem
1501 281 1643 329 Livius,

193 356 271 393 loco
285 361 395 401 supra
413 347 533 394 dicto,
551 345 654 393 vut,
670 348 690 392 5
713 351 773 390 ιι..
797 346 919 384 Porro
942 344 1125 383 credibile
1142 353 1198 384 est
1219 345 1448 384 maritimum
1467 345 1548 398 ejus
1571 360 1640 384 ur-

194 419 247 457 bis
260 412 543 458 commercium,
563 411 717 448 mutatis
736 410 897 458 civibus,
917 411 1133 456 recessisse,
1159 419 1356 462 totumque
1374 411 1421 449 ad
1442 412 1644 464 Palaepoli·

194 493 292 521 tanos
316 477 531 527 vicinosque
551 475 595 513 iis
618 474 905 526 Neapolitanos,
921 488 1006 526 quae
1026 475 1371 526 utraquessumana
1390 475 1538 514 colonia
1560 476 1645 523 fuit,

192 541 380 584 transiisse.
409 537 613 576 Restabant
640 537 756 575 colles
785 537 926 575 fertiles
955 545 992 575 et
1024 546 1159 589 portus
1192 538 1280 575 olim
1313 538 1480 576 celebres
1506 538 1644 589 quibus

191 608 341 648 inhiasse
360 604 548 642 Romanos
559 601 637 653 jam
657 615 755 640 anno
778 615 884 640 cnvu
904 602 1014 640 facile
1029 602 1219 641 credimus
1232 633 1243 651 ,
1263 616 1380 654 quum
1402 603 1504 641 haud
1524 603 1645 642 multo

192 681 271 725 post
285 668 372 708 illud
393 677 540 718 tempus
558 666 725 704 ablatum
745 666 949 717 Campanis
969 666 1170 704 Falernum
1195 680 1326 718 agrum
1348 678 1465 718 usque
1488 667 1534 705 ad
1549 668 1645 706 Vul-

194 745 333 774 turnum
351 744 493 770 amnem
513 729 614 781 plebi
633 730 813 769 Romanae
832 730 954 768 dividi
976 731 1190 777 videamus,
1213 731 1277 772 liv.
1297 732 1403 779 vm,
1429 732 1451 782 §
1476 745 1534 770 ιι.
1554 733 1646 771 Post

192 799 406 838 Vulturnum
430 801 553 832 autem
571 795 754 831 continuo
774 794 964 832 Cumanus
985 808 1074 845 ager
1092 795 1246 847 incipit,
1268 803 1359 833 teste
1379 794 1516 843 strab„
1536 796 1560 834 l.
1580 796 1644 835 cit.

192 865 269 903 Jam
296 871 371 898 tum
400 859 513 910 igitur
537 866 716 909 putamus
748 858 838 895 inita
869 858 983 895 fuisse
1009 859 1137 897 Romae
1165 860 1322 897 consilia
1350 859 1397 898 de
1419 860 1645 911 occupando

193 930 349 967 Cumano
370 937 472 975 agi-0,
492 922 614 974 eoque
631 922 788 961 sortasse
810 923 1071 962 transferenda
1092 937 1139 962 ex
1158 924 1303 963 Pontiis
1325 923 1481 974 aliisque
1499 923 1648 962 Latinis

195 992 312 1030 insulis
338 1003 433 1027 nova
463 988 731 1036 multitudine,
761 988 943 1039 peritiore
974 989 1087 1026 maris
1116 1003 1229 1040 quam
1265 999 1342 1027 tum
1374 989 1488 1028 ceteri
1519 988 1645 1027 Latini

193 1065 301 1096 erant.
328 1055 372 1092 Et
395 1053 458 1091 illa
476 1053 630 1103 quidem
656 1053 813 1091 consilia
840 1053 878 1090 in
908 1062 1039 1091 senatu
1065 1054 1122 1091 vel
1153 1054 1253 1092 inter
1280 1054 1427 1104 aliquos
1453 1063 1646 1092 senatores

193 1122 330 1172 agitata,
345 1118 450 1156 facile
466 1130 535 1168 per
551 1116 788 1155 decemviros
806 1117 844 1155 in
865 1118 1060 1156 oraculum
1077 1118 1306 1169 Sibyllinum
1328 1119 1495 1170 irrepere
1509 1126 1647 1169 potue-

193 1192 284 1221 runt.
304 1182 408 1221 Nulla
434 1189 557 1218 tamen
578 1194 710 1219 eorum
733 1182 911 1219 memoria
936 1182 976 1218 in
994 1182 1159 1220 historiis
1180 1183 1380 1229 remansit,
1397 1182 1486 1232 quia
1506 1190 1644 1220 eventu

193 1255 395 1293 caruerunt,
415 1245 496 1283 aliis
521 1245 864 1283 intervenientibus
887 1246 1009 1292 cui·is;
1036 1260 1106 1284 nec
1126 1247 1243 1284 multo
1264 1255 1369 1297 post,
1387 1246 1545 1284 Romani
1562 1260 1646 1284 ma-

195 1313 346 1361 luerunt,
361 1310 413 1348 uti
426 1310 501 1361 jam
519 1309 697 1357 diximus,
712 1310 874 1349 civitatis
890 1310 992 1349 dono
1005 1311 1195 1349 Cumanos
1214 1311 1285 1349 sibi
1306 1304 1514 1359 devincire,
1529 1324 1643 1362 quam

193 1378 286 1428 ipsos
302 1376 408 1414 armis
428 1375 486 1412 vel
506 1375 583 1412 suis
603 1375 661 1413 vel
683 1375 872 1413 sociorum
892 1375 1080 1426 subigere.

240 1441 307 1479 Sed
322 1439 430 1490 objici
448 1447 571 1490 potest
585 1453 660 1486 non
686 1440 800 1478 fuisse
825 1440 889 1478 illo
906 1453 1020 1489 anno,
1042 1448 1126 1491 post
1145 1439 1285 1480 Urbem
1306 1439 1494 1478 conditam
1518 1453 1644 1490 cnvn,

193 1505 394 1543 archontcm
417 1504 574 1542 Athenis
589 1505 769 1543 Jasonem
790 1518 798 1544 :
821 1505 1003 1542 notissimi
1020 1506 1120 1542 enim
1142 1514 1233 1543 sunt
1251 1506 1406 1543 illorum
1429 1513 1643 1556 temporum

193 1570 395 1615 archontes,
423 1570 605 1620 Philippo
627 1569 829 1607 Macedoni
858 1579 895 1608 et
919 1570 1147 1620 Olynthiaco
1168 1569 1270 1608 bello
1294 1583 1500 1622 suppares3
1523 1583 1646 1608 annus

193 1642 306 1671 autem
322 1634 444 1672 Romae
459 1647 563 1671 cnvu
584 1634 717 1672 incidit
737 1634 774 1672 in
795 1634 956 1685 primum
974 1644 1010 1672 et
1027 1634 1234 1673 secundum
1257 1649 1396 1673 annum
1416 1633 1645 1686 olympiadis

194 1711 280 1735 cvm
296 1728 306 1744 ,
327 1711 435 1749 atque
463 1699 549 1737 ideo
582 1699 618 1736 in
645 1699 938 1737 Themistoclem
960 1700 1194 1737 archontem.
1214 1700 1288 1739 Sed
1309 1714 1428 1751 quum
1449 1700 1617 1750 Phlegon
1632 1727 1644 1746 ,

194 1771 336 1801 auctore
364 1764 573 1811 CarminiO,
596 1764 770 1802 consules
790 1764 884 1802 alios
905 1764 942 1801 in
959 1777 1106 1802 scenam
1128 1764 1379 1815 produxerit,
1399 1764 1485 1801 anni
1507 1776 1645 1814 nempe

194 1839 344 1875 ncxxix,
371 1827 476 1878 cujus
501 1827 590 1865 anni
622 1828 763 1865 archon
794 1841 1006 1879 eponymus
1040 1828 1193 1878 ignotus
1221 1836 1297 1876 est,
1330 1827 1480 1865 videtur
1499 1828 1581 1879 ipse
1594 1828 1643 1867 de

194 1903 255 1927 suo
275 1891 487 1929 archontem
515 1892 692 1930 Jasonem
715 1891 791 1930 huc
819 1892 1004 1940 intulisse,
1035 1905 1146 1943 quem
1178 1891 1324 1930 sciebat
1345 1892 1390 1930 iis
1422 1891 1645 1931 consulibus

194 1967 381 2006 supparem
403 1956 536 2003 fuisse,
565 1956 643 2003 vir,
673 1965 714 1994 ut
739 1955 923 2004 diximus,
960 1957 999 1994 in
1016 1957 1267 2009 chronologia
1292 1955 1645 2005 exercitatissimus,

194 2020 384 2070 solitusque
412 2022 448 2058 in
470 2020 758 2073 Oiympiadibus
787 2022 862 2060 suis
901 2024 1143 2060 {omanorum
1163 2031 1200 2061 et
1221 2022 1508 2061 Atheniensium
1529 2021 1646 2073 magi-

194 2093 365 2124 stratuum
385 2087 536 2125 nomina
557 2086 801 2138 conjungere.
826 2087 899 2126 Alii
921 2087 1076 2126 sortasse
1104 2087 1284 2139 objicient
1308 2089 1343 2125 in
1370 2087 1553 2126 Romanis
1581 2087 1643 2125 hi-

194 2151 309 2187 storiis
337 2151 379 2188 ad
407 2166 544 2190 annum
568 2166 675 2190 cnvn
703 2153 843 2190 nullam
874 2153 955 2190 fieri
985 2153 1216 2190 mentionem
1238 2166 1307 2190 nec
1335 2151 1542 2203 androgyni
1569 2151 1646 2189 nati

193 2227 255 2251 nec
281 2215 456 2254 librorum
479 2226 569 2255 tunc
598 2218 803 2256 aditorum.
825 2219 965 2255 Verum
995 2232 1063 2255 nec
1089 2217 1136 2254 ad
1164 2231 1303 2255 annum
1328 2231 1492 2264 ncxxux,
1527 2230 1645 2268 quum

194 2285 307 2316 tamen
324 2279 367 2317 de
386 2282 567 2333 prodigiis
587 2295 633 2320 eo
657 2296 758 2319 anno
779 2282 869 2320 visis
897 2282 1014 2320 multa
1033 2282 1157 2320 tradat
1184 2283 1310 2321 Julius
1332 2281 1570 2332 Obsequens,
1588 2280 1646 2319 vi-

193 2342 319 2380 delicet
335 2359 354 2382 e
374 2346 478 2384 Livio
495 2347 708 2398 desumpta,
728 2349 836 2396 cujus
853 2347 1018 2385 absentis
1037 2348 1143 2384 locus
1157 2348 1209 2384 ita
1221 2346 1392 2397 suppleri
1406 2347 1645 2396 aliquatenus

193 2416 315 2457 potest.
331 2411 427 2456 Quid
445 2411 558 2463 igitur
575 2412 665 2450 inde
691 2413 862 2464 colligas,
880 2412 951 2450 nisi
976 2412 1077 2463 apud
1094 2412 1295 2450 historicos
1318 2411 1511 2449 Romanos
1530 2410 1645 2448 hodie

193 2474 399 2522 superstites
431 2490 506 2514 non
535 2478 704 2515 omnium
738 2476 1002 2528 prodigiorum
1030 2477 1255 2515 mentionem
1295 2476 1396 2522 ficri,
1425 2489 1494 2514 nec
1530 2475 1646 2513 libros
1680 2518 1684 2522 ⁵

195 2537 295 2575 toties
317 2539 434 2578 aditos
449 2543 650 2580 memorari
666 2542 814 2593 quoties
830 2542 921 2580 aditi
942 2551 1042 2582 sunt.
1064 2543 1112 2580 At
1127 2541 1317 2580 Cumanos
1330 2571 1339 2588 ,
1358 2554 1523 2592 quorum
1540 2531 1647 2579 *mul-

196 2607 266 2637 tum
286 2602 458 2643 intererat
471 2606 563 2645 illud
579 2607 1043 2658 responsum,memoriam
1064 2605 1144 2657 ejus
1162 2606 1326 2644 archivis
1343 2606 1419 2643 suis
1434 2605 1644 2654 mandasse,

195 2664 293 2703 facile
308 2669 513 2719 credimus,
545 2672 646 2710 unde
677 2672 724 2709 ad
763 2672 965 2709 historicos
991 2685 1132 2722 graecos
1157 2680 1269 2721 atque
1290 2669 1337 2708 ab
1358 2670 1401 2707 iis
1424 2670 1470 2708 ad
1489 2670 1646 2708 Sextum

194 2729 412 2772 Carminium
432 2743 468 2773 et
496 2736 542 2774 ad
563 2737 813 2789 Phlegontem
841 2737 1087 2791 pervenerit.-

245 2793 374 2845 Utique
410 2811 631 2849 responsum
661 2813 682 2837 a
717 2801 929 2851 Phlegonte
956 2801 1146 2852 prolatum
1175 2799 1348 2838 versibus
1376 2807 1523 2837 constat
1551 2811 1646 2848 Lxx,

196 2868 351 2905 quorum
370 2860 480 2899 initiis
500 2864 715 2913 conficitur,
734 2864 986 2915 observante,
1006 2865 1059 2902 uti
1083 2864 1263 2915 diximus,
1284 2863 1510 2914 Klausenio,
1531 2863 1646 2901 series
