1752 3495
647 210 951 255 EXCURSUS
989 208 1040 254 ll.
1127 252 1130 255 ,
1421 256 1427 262 ,
1467 209 1554 254 103

99 313 227 361 liquet.
256 308 440 348 Nonnulla
481 306 532 344 ibi
567 306 742 344 videntur
779 307 933 343 infuisse
963 305 1010 343 de
1047 305 1144 343 bello
1171 306 1337 356 Trojano
1369 305 1557 356 rebusque

99 375 185 412 inde
206 373 413 418 secuturis,
441 380 619 421 tanquam
649 371 799 409 oracula
822 371 880 408 vel
909 370 1050 409 Graecis
1077 370 1113 413 in
1143 370 1272 412 Asiam·
1298 368 1558 413 venientibus,

101 440 154 477 vel
185 438 274 489 ipsis
304 436 481 488 Trojanis
512 436 614 475 data.
640 436 819 483 Quaedam
841 436 952 473 etiam
979 434 1026 471 de
1053 427 1216 474 Homero
1243 434 1365 472 minus
1399 434 1559 472 honesta

100 501 416 554 praedicebantur,
432 501 576 551 quippe.
591 500 788 538 mendacia
808 501 923 537 multu
943 507 1144 536 narraturo
1164 506 1200 534 et
1218 498 1370 547 quidem
1391 498 1559 549 dereptis

100 566 168 618 ipsi
185 565 337 615 Sibyllae
352 565 534 604 versibus.
552 567 626 604 Nee
647 565 764 602 multo
785 564 890 615 plura
920 564 1152 609 invenimus,
1166 575 1249 613 quae
1262 562 1336 599 sint
1357 563 1571 611 Erythra·ae

100 629 317 668 nominatim
352 628 399 666 ab
435 629 656 666 auctoribus
688 630 899 680 assignata,
936 640 1151 678 quanquam
1193 626 1238 663 ad
1275 627 1373 663 illam
1410 640 1562 677 quoque

100 694 254 742 reterri,
276 693 339 731 sed
367 693 490 730 minus
516 701 615 738 tuto,
638 703 813 743 possunt,
835 692 1016 729 nonnulla
1041 691 1112 728 sub
1142 691 1295 741 Sibyllae
1322 699 1463 727 tantum
1493 704 1558 728 no-

98 759 196 795 mine
217 757 377 807 prolata,
397 756 537 794 omisso
569 758 699 807 patria*
718 756 872 794 indicio,
905 758 1075 801 Quorum
1104 764 1224 793 tamen
1244 767 1492 805 qurecumque
1513 754 1559 791 ad

99 836 154 859 res
177 821 366 872 pertinent
388 821 550 871 septimo
579 828 666 857 ante
691 820 880 858 Christum
913 820 1051 856 saeculo
1073 819 1324 869 posteriores,
1348 819 1560 855 necessario

98 892 183 924 sunt
196 886 244 923 ab
259 885 322 922 illo
333 886 502 923 carmine
521 886 759 929 removenda,
777 886 923 935 scripto
944 886 1102 935 quippe,
1120 893 1161 921 ut
1181 884 1217 921 in
1237 885 1326 924 Exc.
1351 885 1363 921 l
1383 882 1556 920 demons-

101 951 280 988 travimus
298 979 308 996 ,
329 950 469 987 saeculo
490 949 548 987 vel
571 951 653 988 Vlll
675 951 755 995 vel,
776 958 816 986 ut
840 949 1063 993 novissime.
1092 949 1172 986 Vll.
1201 948 1271 986 Ista
1294 948 1406 999 igitur
1426 948 1471 985 nd
1507 961 1561 985 re-

95 1015 301 1052 centiorem
326 1014 526 1065 lffrydnrzeae
553 1028 710 1064 poeseos
732 1015 980 1051 imitationem
1003 1014 1203 1064 pertinent.

147 1079 259 1126 Quod
289 1079 318 1116 si
350 1079 539 1116 lleraclito
567 1078 669 1128 apud
688 1078 788 1116 Plut.
815 1091 881 1116 seu
900 1081 1024 1128 potius
1048 1078 1118 1128 ipsi
1138 1077 1345 1116 Plutarcho
1360 1076 1560 1123 credimus,

96 1145 141 1182 de
159 1143 275 1194 l’yth.
295 1157 395 1181 orae.
423 1144 497 1181 loc.
520 1156 618 1193 saepe
642 1144 720 1191 cit.,
746 1144 925 1193 pleraque
948 1143 986 1179 in
1014 1142 1078 1180 illo
1099 1142 1266 1179 carmine
1290 1142 1439 1178 sinistra
1467 1153 1562 1192 prae-

97 1208 336 1253 dicebantur,
378 1205 571 1257 ἀγέλαστα,
609 1220 746 1256 nempe
779 1207 1009 1244 calamitates
1046 1206 1199 1244 urbium
1237 1215 1273 1244 ct
1309 1206 1562 1257 populorum,

96 1259 224 1324 quales
253 1286 273 1310 a
306 1271 512 1310 Plutarcho
544 1270 683 1308 ibidem
715 1280 986 1308 recensentur:
1012 1270 1146 1309 Πολλαὶ
1179 1269 1241 1321 μὲν
1272 1268 1475 1312 ἀναστάσεις
1503 1267 1562 1307 καὶ

96 1336 311 1387 μετοικισμοὶ
331 1337 463 1373 πόλεων
486 1334 713 1382 Ἑλληνίδων,
728 1335 853 1372 πολλαὶ
874 1335 909 1372 δὲ
929 1335 1337 1387 βαρῦαρικῶνοστρατιῶν
1355 1333 1561 1386 ἐπιφάνειαι,

95 1400 152 1439 καὶ
169 1399 358 1450 ἀναιρέσεις
389 1401 604 1452 ἡγεμονικῶν
625 1399 685 1451 [au
713 1399 841 1450 potius
871 1397 1102 1451 ἡγεμονιῶνὲ]
1128 1399 1257 1449 Multi,
1287 1398 1428 1449 inquit,
1455 1389 1565 1450 Gree-⁴

95 1479 222 1502 rarum
248 1466 441 1503 civitatum
469 1478 577 1502 casus
607 1465 663 1502 vel
695 1464 962 1502 subversarum
982 1465 1038 1501 vel
1064 1465 1139 1501 suis
1164 1464 1303 1501 linibus
1332 1463 1561 1513 ejectarum;

97 1534 179 1567 item
202 1530 489 1568 barbaricorum
511 1529 743 1567 exercituum
775 1531 971 1574 incursus,
995 1538 1031 1566 et
1055 1529 1302 1578 imperiorum
1327 1541 1391 1566 seu
1415 1526 1562 1578 princi-

96 1603 251 1646 patuum
279 1594 508 1632 eversiones.
531 1593 604 1630 sed
625 1592 678 1630 ibi
699 1593 738 1630 in
777 1592 1007 1643 quibusdam
1041 1601 1255 1643 suspectum
1278 1601 1334 1638 est
1366 1591 1560 1629 Plutarchi

89 1659 273 1709 judicium
300 1659 356 1696 vel
380 1659 470 1696 salsa
496 1658 689 1695 memoria.
716 1658 808 1695 Nam
829 1658 876 1694 de
903 1658 1147 1707 imperim-tun
1173 1657 1314 1707 magnis
1337 1657 1482 1694 vicibus
1518 1671 1560 1694 ae

93 1725 138 1762 de
171 1723 421 1762 barbarorum
454 1722 668 1760 incursibus
693 1723 778 1773 (nisi
812 1723 889 1760 haee
925 1723 970 1760 ad
1002 1722 1097 1760 ..tsiae
1119 1723 1326 1773 superioris
1347 1722 1505 1772 imperia
1525 1731 1559 1759 et

94 1789 139 1826 ad
171 1788 398 1839 Scytharum
438 1788 671 1825 incursiones
706 1787 902 1824 reserenda
931 1788 1024 1834 sint,
1066 1787 1166 1837 quod
1200 1787 1353 1824 minime
1387 1786 1558 1836 remur),

95 1853 193 1890 haud
219 1866 309 1890 sane
330 1861 432 1903 patet
446 1851 641 1902 quomodo
669 1851 822 1901 praediei
845 1851 989 1902 aliquid
1012 1852 1181 1902 potuerit
1196 1851 1233 1888 in
1254 1850 1451 1900 Erythraeo
1471 1864 1552 1888 car-

94 1919 207 1964 mine,
226 1917 311 1964 illis,
332 1916 470 1968 quibus
488 1916 601 1953 modo
622 1915 764 1953 dietum
783 1923 850 1961 est,
867 1915 1101 1966 temporibus
1118 1916 1275 1965 scripto,
1296 1915 1417 1953 Multo
1435 1915 1558 1951 minus

95 1981 144 2019 ibi
173 1981 377 2032 quaerenda
405 1982 558 2019 suerunt
589 1995 674 2030 quae
696 1981 817 2018 statim
849 1981 1044 2018 adduntur
1074 1996 1094 2018 a
1122 1982 1329 2020 Plutarcho
1358 1981 1405 2019 dc
1426 1981 1554 2018 Vesevi

94 2046 228 2085 montis
260 2046 462 2096 eruptione
494 2045 727 2095 urbibusque
760 2045 825 2082 illo
855 2059 943 2082 casu
969 2046 1134 2083 attritis:
1172 2045 1284 2083 Ἰἀυτὶ
1310 2044 1345 2083 δὲ
1373 2044 1417 2083 τὰ
1444 2043 1558 2097 πρόσ-

93 2126 181 2163 φατα
214 2110 273 2149 καὶ
290 2110 349 2148 νέα
381 2111 474 2158 πάθη
496 2109 629 2162 περίτι
652 2108 776 2163 Κύμην
796 2109 854 2147 καὶ
885 2109 1133 2162 Δικαιάρχειαν
1161 2111 1285 2161 [vetus
1312 2110 1400 2147 illud
1419 2111 1558 2149 Puteo·

93 2176 213 2214 lorum
243 2175 398 2227 nomen]
427 2176 493 2228 οὐχ
514 2173 710 2226 ὑμνούμενα
729 2174 836 2212 πάλαι
868 2174 926 2212 καὶ
952 2174 1101 2228 ᾀδόμενα
1124 2173 1178 2212 διὰ
1209 2176 1277 2213 τῶν
1308 2173 1518 2214 Σιὸυλλείων
1541 2177 1557 2213 ὁ

91 2241 210 2295 χρόνος
227 2241 344 2294 ὥσπερ
371 2241 515 2293 ὀφείλων
541 2234 771 2288 ἀποδέδωκεν,
792 2239 943 2293 ἐκρήξεις
961 2240 1066 2294 πυρὸς
1082 2240 1204 2294 ὀρείου,
1224 2240 1282 2280 καὶ
1301 2240 1408 2286 ζέσεις
1427 2241 1556 2280 θαλασ-

91 2306 177 2353 σίας,
188 2305 248 2344 καὶ
263 2307 398 2357 πετρῶν
415 2304 473 2343 καὶ
487 2306 686 2357 φλεγμονῶν
702 2305 766 2343 ὑπὸ
781 2304 975 2356 πνεύματος
989 2306 1197 2358 ἀναῤῥίψεις,
1211 2306 1267 2344 καὶ
1285 2305 1408 2358 φθορὰς
1423 2306 1556 2344 πόλεων

90 2371 162 2421 ἅμα
182 2369 353 2408 τοσούτων
373 2370 431 2409 καὶ
450 2368 676 2416 τηλικούτων.
698 2369 845 2416 Quibus
863 2370 998 2407 similia
1025 2370 1148 2408 sicubi
1170 2371 1270 2408 inter
1288 2370 1472 2421 Sibyllina
1493 2383 1553 2408 re-

91 2445 196 2486 perta
214 2446 302 2475 sunt
319 2451 339 2473 a
365 2435 595 2483 Plutarcho,
624 2449 699 2471 non
724 2448 813 2472 sane
840 2435 875 2471 in
900 2435 1100 2484 Erythraeo
1123 2436 1311 2481 carmine,
1331 2436 1396 2473 sed
1418 2436 1454 2473 in
1473 2436 1555 2473 aliis

92 2501 453 2551 pseudo-Sibyllinis
478 2500 639 2538 oraculis
657 2499 933 2537 recentioribus
956 2508 1220 2546 occurrerunt,
1241 2514 1309 2537 nce
1330 2500 1487 2537 sortasse
1509 2499 1556 2538 de

91 2568 252 2612 Vesevo,
269 2566 333 2603 sed
355 2567 402 2603 de
419 2567 523 2604 [Etna
546 2574 674 2602 monte
693 2565 848 2615 scripta,
865 2564 1012 2602 omissis
1031 2565 1167 2602 montis
1187 2566 1307 2615 ipsius
1328 2558 1559 2616 urbiumque

90 2631 294 2668 deletarum
316 2631 549 2677 nominibus,
571 2629 671 2667 unde
693 2626 828 2679 legenti
854 2630 960 2666 sucus
985 2630 1064 2666 lieri
1086 2629 1220 2680 potuit.
1247 2632 1294 2667 At
1315 2642 1361 2667 ne
1383 2630 1431 2666 de
1450 2630 1557 2668 AEtna

91 2696 241 2745 quidem
259 2695 344 2733 cani
361 2695 437 2732 haec
454 2704 660 2746 potuerunt
682 2702 770 2731 ante
789 2703 978 2739 eventum,
999 2694 1036 2730 id
1055 2702 1123 2740 est,
1148 2701 1234 2730 ante
1247 2692 1346 2730 illam
1362 2692 1554 2730 hominum

92 2760 266 2797 memoria
294 2760 451 2810 primam
469 2791 478 2807 ,
509 2773 594 2809 quae
616 2767 722 2796 sexto
755 2767 841 2796 ante
866 2752 1058 2797 Christum
1083 2758 1219 2795 saecnlo
1243 2758 1341 2795 sacta
1371 2757 1552 2801 creditur,

92 2823 258 2862 Vulcanii
289 2825 384 2874 ignis
405 2825 646 2873 eruptionem
673 2823 818 2873 (confer
841 2832 918 2859 not.
948 2823 992 2859 nd
1014 2822 1145 2871 Sibyll.
1166 2823 1230 2867 lv,
1257 2835 1291 2859 v.
1323 2823 1401 2870 81).
1426 2822 1556 2860 Potuit

88 2896 211 2925 autem
232 2889 277 2924 de
306 2888 388 2938 ipso
408 2889 551 2925 Vesevo
580 2901 701 2938 nuper
722 2887 897 2925 emissum
926 2886 1116 2924 ‹ii-arulum
1150 2887 1194 2924 ad
1229 2887 1421 2925 Plutarchi
1450 2900 1557 2923 aures
