1737 3495
159 204 248 250 324
537 203 613 246 AD
647 202 991 248 SlBYLLlNOS
1026 202 1234 248 Ltssnos

157 302 203 339 tis
223 298 582 350 demonstrabitur),
613 299 776 352 scriptus
805 299 850 337 nd
882 298 1147 337 revincendam
1183 298 1364 349 gentium·
1384 298 1611 349 impietatem

155 365 204 404 ab
231 365 387 403 homine
407 364 564 416 poetieae
590 364 682 402 artis
711 364 811 402 baud
840 364 997 415 ignaro,
1032 371 1237 414 aperteque
1260 362 1332 401 sub
1366 362 1520 414 Sibyllae
1540 380 1611 404 no-

145 429 276 472 ·minez
291 441 379 466 nam
396 428 477 479 ipsa
497 427 688 466 inducitur
710 428 784 465 hoc
800 427 870 465 sibi
889 440 1026 465 nomen
1048 440 1248 477 arrogans,
1269 440 1303 465 v.
1323 439 1386 473 22,
1406 439 1462 476 sq.
1481 440 1490 464 ε

414 490 464 531 Σὺ
482 490 518 530 δὲ
535 491 670 539 πάντα,
688 489 793 538 λεὼς,
813 489 958 528 ἐπάκουε
981 489 1155 536 ΣιΕύλλης

311 555 373 601 ἘΞ
391 555 485 594 ὁσίου
502 555 689 607 στόματος,
711 553 826 605 ῲωνὴν
846 554 1048 607 xpo-Leone<
1065 555 1190 601 ἀληθῆ.

151 620 225 661 Sed
244 621 321 669 jam
342 619 389 658 ad
409 620 553 670 singula
574 618 837 670 procedamus.

204 684 400 736 Principio
413 684 510 723 Asiae
529 692 566 720 et
585 683 747 733 litu-opce
764 690 891 732 gentes
910 681 1044 719 invitat
1057 680 1200 731 Sibylla
1216 681 1263 720 nd
1283 695 1413 720 vocem
1426 695 1530 720 suam
1553 697 1613 722 au-

151 748 351 794 diendam,
372 762 445 785 non
468 760 603 784 vanam
623 747 725 783 illam
746 746 922 796 quidem,
943 758 1069 795 neque
1091 744 1222 784 Phoebi
1241 745 1334 784 salso
1361 746 1533 793 numine,
1551 748 1612 786 scd

151 814 231 852 veri
249 814 316 852 Dei
337 813 514 850 instinctu
537 810 802 849 vaticinantem
816 840 826 858 ,
844 823 883 851 v.
911 810 985 848 1-5.
1013 810 1194 861 Sequitur
1214 809 1260 847 de
1279 823 1356 848 uno
1384 811 1463 848 Deo
1488 823 1610 850 rerum

151 877 320 914 omnium
354 883 523 913 creatore
555 875 659 912 locus
681 875 826 925 poetice
859 874 1127 925 amplificatus,
1147 887 1186 913 v.
1212 874 1319 922 5-17.
1352 875 1417 912 lile
1438 875 1538 912 Deus
1556 876 1611 914 Si·

149 940 291 992 byllum
312 940 425 991 Jussit
452 939 672 977 hominibus
696 938 887 988 nuntiare,
907 952 941 978 v.
967 939 1100 986 18·23,
1122 951 1206 989 quae
1228 939 1387 985 suerint,
1420 951 1505 989 qua:
1523 939 1611 990 sint,

149 1019 233 1057 quae
254 1005 380 1043 futura
399 1004 475 1042 sint
500 1017 519 1041 a
542 1004 667 1055 prima
685 1003 930 1054 generatione
953 1016 1073 1053 usque
1090 1002 1137 1040 ad
1158 1002 1358 1050 decimam,
1378 1016 1417 1041 v.
1440 1016 1489 1040 ao
1510 1017 1518 1040 ε

305 1067 373 1106 Ἐκ
387 1066 526 1119 πρώτης
546 1069 664 1118 γενεῆς
685 1066 783 1119 ἄχρις
802 1068 832 1109 ἐς
850 1066 996 1112 δεκάτην
1012 1066 1213 1119 ἀφικέσθαι,

151 1127 215 1172 ubi
232 1133 327 1170 male
345 1132 433 1170 olim
449 1130 646 1182 legebatur
665 1130 764 1183 ἄχρις
787 1130 986 1177 ἑνδεκάτης.

199 1197 380 1248 Sequitur
400 1197 480 1234 laus
508 1196 706 1234 homiuum
737 1195 910 1246 piorum,
941 1195 1023 1246 ejus
1042 1196 1231 1233 simillima
1259 1209 1344 1246 quae
1373 1195 1474 1233 libro
1499 1195 1549 1235 ΙΙΙ
1568 1196 1612 1235 de

146 1261 290 1301 Judaeis
311 1262 508 1300 decantata
525 1261 671 1308 fuerat3
694 1260 760 1298 sed
783 1260 846 1297 hic
861 1260 908 1297 de.
928 1260 1156 1298 Christianis
1181 1260 1327 1311 potius,
1347 1260 1420 1298 nisi
1435 1269 1612 1312 utrosque

147 1325 322 1364 confudit
340 1327 498 1373 Noster,
520 1325 704 1376 religione
722 1324 878 1375 quidem
897 1324 1152 1369 Christianus,
1172 1338 1220 1362 ex
1239 1324 1379 1363 Judoeis
1401 1332 1524 1362 tamen
1539 1354 1549 1372 ,
1573 1335 1613 1364 ut

144 1398 225 1427 tum
247 1390 432 1441 plerique,
449 1399 566 1427 ortus.
583 1389 757 1427 Clemens
776 1397 877 1426 certe
894 1388 1171 1427 Alexandrinus
1185 1401 1247 1426 eos
1262 1401 1394 1426 versus
1412 1387 1458 1425 de
1477 1387 1612 1426 Judaeis

147 1454 304 1505 accepit,
318 1453 475 1493 Cohort.
494 1467 533 1504 p.
555 1454 614 1497 54.
636 1453 871 1491 Christianos
892 1460 1015 1490 tamen
1032 1452 1221 1503 designari
1238 1453 1299 1490 vix
1318 1451 1481 1496 dubites,
1500 1465 1611 1501 quum

148 1531 213 1556 eos
233 1519 335 1569 vulgi
351 1517 527 1556 ludibriis
553 1517 768 1569 expositos,
788 1531 857 1555 nee
877 1517 1118 1555 contumeliis
1137 1526 1304 1564 tantum,
1324 1517 1389 1555 sed
1412 1516 1611 1555 falsissimis

148 1583 345 1620 calumniis
373 1583 582 1634 exagitatos
609 1582 803 1632 deplorari
827 1581 959 1620 audias
983 1582 1278 1633 (persecutiones
1297 1582 1465 1633 intellige
1489 1582 1566 1632 jam
1592 1596 1611 1620 a

146 1647 309 1686 Neronis
326 1647 560 1699 temporibus
572 1647 800 1696 saevientes),
822 1661 855 1684 v.
873 1649 934 1694 37,
955 1660 1039 1697 sqq.
1053 1656 1091 1684 et
1108 1647 1220 1694 infra,
1236 1661 1275 1686 v.
1295 1649 1382 1698 151,
1399 1660 1508 1698 sqq.:
1530 1648 1611 1699 qui-

147 1709 219 1748 bus
244 1719 366 1750 tamen
395 1712 489 1748 ultio
509 1718 613 1748 cen-ta
639 1719 854 1748 reservatur
872 1712 910 1748 in
931 1710 1098 1761 judicio,
1122 1719 1199 1748 tum
1225 1725 1365 1762 quum,
1384 1712 1511 1763 impiis
1536 1726 1612 1750 rur·

146 1787 209 1812 sus
228 1777 264 1813 ln
289 1784 396 1813 terrae
425 1774 568 1812 viscera
586 1774 765 1822 detrusis,
788 1774 882 1825 justi
901 1774 938 1812 in
967 1787 1106 1812 novam
1128 1775 1400 1827 melioremque
1419 1777 1532 1813 vitam
1552 1789 1610 1814 re·-
1630 1780 1635 1785 '

147 1846 363 1890 ponentur,
381 1851 417 1876 v.
437 1843 498 1885 (20,
519 1852 602 1890 sqq.

199 1902 271 1940 Sed
293 1901 394 1948 haec,
413 1903 561 1953 inquit,
584 1902 728 1940 decima
745 1902 992 1952 generatione
1012 1902 1122 1949 ssent,
1143 1915 1181 1942 v.
1210 1909 1283 1951 47:

305 1965 408 2004 Ἀλλὰ
426 1964 469 2004 ’τὰ
489 1964 550 2016 μὲν
571 1964 697 2018 δεκάτῃ
717 1967 816 2017 γενεῇ
842 1965 938 2017 μάλα
958 1965 1072 2003 πάντα
1087 1967 1250 2006 τελεῖται.

149 2030 245 2067 Hinc
274 2030 395 2068 discas
428 2031 614 2068 decimam
634 2043 656 2068 a
675 2031 815 2068 Nostro
847 2031 1040 2068 numerari
1061 2032 1367 2087 generationem,
1402 2031 1510 2083 cujus
1537 2033 1609 2083 ipse

148 2107 237 2145 pars
253 2103 354 2145 erat,
370 2104 501 2145 aperte
519 2094 590 2133 sub
619 2094 919 2146 imperatoribus
944 2096 1121 2134 Romanis
1138 2111 1148 2143 ;
1167 2104 1204 2133 et
1222 2096 1303 2134 haec
1322 2096 1535 2134 communis
1560 2104 1609 2133 est

145 2158 423 2210 Sibyllistarum
444 2160 573 2211 opinio
587 2190 597 2207 ,
622 2160 670 2198 de
689 2173 764 2210 qua
782 2159 870 2196 vide
891 2173 959 2196 uos
977 2159 1014 2196 iu
1037 2160 1125 2198 Exc.
1146 2160 1211 2198 Vl.
1234 2156 1377 2200 Nov'em
1404 2173 1496 2198 vero
1517 2160 1608 2211 prio-

148 2235 208 2260 res
233 2225 491 2274 generationes
521 2224 584 2262 alii
604 2225 714 2262 aliter
741 2222 1016 2269 numerabant3
1039 2224 1099 2262 hie
1119 2224 1218 2276 ipsas
1239 2225 1421 2276 singultu-i
1453 2223 1607 2276 quadam

148 2293 202 2335 et,
224 2294 266 2323 ut
283 2299 413 2324 verum
438 2287 628 2334 dicamus,
652 2287 815 2325 absurda
838 2290 986 2325 ratione
1006 2288 1059 2325 sic
1080 2288 1216 2326 dividit
1235 2303 1243 2326 :
1269 2290 1507 2340 Assyriorum
1530 2302 1607 2331 sex:

147 2349 345 2387 Medorum
376 2351 492 2397 duas;
524 2351 724 2390 Persarum
759 2364 883 2389 unam.
913 2351 1073 2402 Reliqua
1106 2360 1164 2390 est
1198 2352 1343 2391 decima
1359 2383 1369 2402 ,
1395 2354 1605 2391 (iraecorum

148 2426 284 2463 nempe
305 2422 342 2451 et
363 2414 633 2452 Romanorum.

199 2477 253 2515 Ac
272 2478 482 2528 primorum
502 2478 655 2529 quidem
677 2491 880 2529 regnorum
898 2478 1096 2517 historiam
1116 2480 1276 2531 carptim
1295 2482 1501 2532 paucisque
1520 2480 1607 2518 deli-

150 2538 231 2590 bat,
252 2554 290 2581 v,
315 2542 444 2591 49-85.
466 2543 580 2591 lude,
602 2556 638 2588 v.
660 2544 723 2590 oti,
750 2556 849 2594 sqq.,
870 2543 916 2580 de
935 2543 1185 2582 Macedonum
1207 2557 1324 2596 regno
1344 2559 1465 2596 pauca
1491 2544 1607 2586 tradit,

151 2604 302 2642 insertis
322 2607 570 2656 quarumdam
603 2608 662 2646 vel
691 2607 897 2646 insularum
928 2608 989 2650 vel,
1017 2608 1169 2646 urbium
1201 2601 1498 2658 calamitatibus,
1517 2607 1606 2648 Sami

151 2668 340 2716 videlicet,
357 2678 393 2714 et
416 2671 516 2728 Deli,
539 2680 576 2709 et
590 2671 745 2722 Sybaris
767 2674 809 2723 (Ρ)
825 2702 835 2719 ,
858 2680 894 2710 et
914 2672 1057 2722 Cyzici,
1077 2682 1112 2710 et
1137 2673 1274 2720 Rhodi,
1296 2688 1329 2712 v.
1347 2688 1412 2725 91,
1430 2688 1525 2726 sqq„

203 2735 301 2772 Turn
332 2735 495 2774 Romana
517 2736 589 2773 sata
610 2736 845 2788 aggreditur,
865 2750 904 2776 v.
932 2751 1016 2785 102,
1036 2737 1174 2788 quibus
1198 2739 1329 2777 inserit
1353 2740 1400 2777 de
1426 2752 1526 2777 more
1545 2749 1606 2775 suo

152 2799 353 2837 nonnullas
388 2799 594 2837 alienarum
633 2800 786 2838 urbium
817 2801 1069 2848 calamitates,
1099 2803 1338 2854 Carthaginis
1354 2834 1364 2852 ,
1401 2802 1605 2845 Laodiceae,

151 2863 323 2907 Corinthi
340 2892 350 2910 ,
368 2863 562 2913 Myrorum
577 2872 614 2901 et
635 2865 858 2902 l‘atarorum
875 2865 912 2903 in
931 2866 1057 2916 Lycia,
1078 2874 1188 2904 terra,-
1205 2867 1369 2905 motibus
1382 2877 1603 2906 eversarum.
