1752 3495
615 244 617 246 -
667 215 980 262 EXCURSUS
1000 217 1095 263 le.
1456 262 1463 273 ,
1504 217 1598 267 265

142 316 211 359 Ubi
232 319 321 353 nota
357 310 468 359 illurn
493 305 625 347 eodem
639 309 731 347 -fere
750 317 976 360 argumento
1002 308 1081 356 uti,
1112 321 1191 360 quo
1209 310 1404 366 justinus,
1425 313 1543 365 Apol.
1564 314 1596 363 1,

141 383 155 434 ς
173 380 217 419 53
232 393 242 425 3
264 386 400 425 nempe
415 386 461 412 ex
480 372 526 410 iis
544 385 628 423 quae
650 372 831 424 praedicta
848 381 1079 419 evenerunt,
1098 384 1228 423 parem
1245 386 1476 424 praesumere
1499 377 1599 416 fidu-

140 445 228 484 ciam
247 451 375 478 eorum
396 449 477 487 quae
499 436 624 474 sutura
651 437 777 474 adbuc
804 444 972 475 manent.
995 437 1156 474 innuere
1179 444 1304 474 autem
1329 438 1481 477 videtur
1499 441 1596 479 mala

139 502 340 559 praesertim
361 499 409 537 de
432 497 572 550 quibus
593 499 708 550 paulo
726 506 814 538 ante
832 499 1004 546 dixerat,
1030 497 1173 549 λοιμοὺς
1189 496 1248 536 καὶ
1269 497 1407 550 λιμούς,
1433 514 1596 553 quorum

140 580 209 609 tam
228 578 323 617 saepe
343 563 486 602 mentio
515 563 556 600 fit
587 564 624 600 in
658 563 868 614 Sibyllinis.
1474 572 1482 583 ⁰

185 634 259 673 Nec
278 629 416 667 mirum
429 657 439 675 ‚
454 627 521 679 qui
549 626 704 678 Sibyllae
728 636 872 665 tantum
894 627 1094 673 tribueret,
1112 635 1295 678 quantum
1311 640 1358 664 ex
1377 627 1456 666 istis
1475 641 1598 681 appa-

138 707 190 737 ret
207 693 310 743 locis,
338 691 428 730 alias
448 703 602 743 quoque
622 691 734 743 hujus
755 691 978 730 testimoniis
999 703 1109 730 usum
1127 703 1223 742 esse,
1248 699 1291 729 ut
1310 690 1444 729 eodem
1461 691 1530 733 lib.
1548 694 1598 738 Π

137 765 156 814 5
183 756 356 800 31:1<02t
373 758 460 804 νῦν,
488 755 636 806 inquit,
666 755 708 793 τὰ
738 754 1045 808 παραλελειμμένα
1072 754 1424 806 ἔπιμνησῦήσομεθα,
1440 756 1532 808 περί
1560 773 1598 796 τε

137 825 264 865 πόλεων
277 821 336 860 καὶ
350 819 536 872 βασιλέων,
546 822 616 858 τῶν
627 835 664 858 τε
679 834 716 871 γε
719 813 1081 872 γενημένωνῶπότεῪ
1058 835 1101 867 ην
1117 820 1232 872 χεῖλος
1244 817 1280 859 ἓν
1294 819 1353 858 καὶ
1369 818 1432 871 μία
1441 820 1597 871 γλῶσσα.

138 888 206 942 Πρὸ
229 889 288 925 τοῦ
321 884 383 927 τὰς
410 882 608 927 διαλέκτους
628 886 845 937 μερισθῆναι,
867 878 969 922 αυται
998 885 1032 921 αἱ
1053 882 1360 936 προγεγραμμέναι
1387 883 1597 932 ἐγενήθησαν

136 951 242 994 πόλεις
258 962 267 973 ·
288 951 324 987 ἐν
356 946 391 986 δὲ
415 950 466 1001 τῷ
496 947 634 998 μέλλειν
660 945 782 991 αὐτοὺς
798 948 894 999 (lege
919 944 1037 999 αὐτὰς)
1067 945 1354 1000 διαμερίζεσῡαι,
1389 946 1597 999 συμὸοὗλιον

136 1015 290 1063 ἐποίησαν
309 1012 537 1063 οἰκοδομῆσαι
555 1011 703 1052 πόλιν...
719 1011 878 1050 Σίὸυλλα
892 1008 954 1061 μὲν
978 1009 1070 1049 οὕτω
1090 1008 1294 1061 σεσήμαγκε
1312 1010 1597 1063 καταγγέλλουσα

135 1078 228 1132 ὀργὴν
246 1078 296 1130 τῷ
314 1076 436 1130 κόσμῳ
458 1075 596 1127 μέλλειν
617 1075 779 1129 ἔρχεσθαι
792 1087 801 1096 ·
823 1074 888 1128 ἔφη
908 1073 944 1113 δὲ
962 1073 1091 1120 οὕτως,

253 1139 347 1180 Ἀλλ’
359 1139 488 1178 ὁπόταν
505 1139 670 1190 μεγάλοιο
689 1140 782 1179 Θεοῦ
794 1138 981 1178 τελέωνται
995 1137 1149 1185 ἀπειλαί,

136 1216 168 1247 et
189 1218 320 1244 novem
340 1204 448 1242 addit
473 1213 676 1255 sequentes
705 1217 837 1242 versus
869 1217 889 1241 e
921 1203 990 1243 lib.
1012 1203 1087 1250 111,
1110 1216 1147 1242 v.
1177 1216 1241 1254 97,
1265 1218 1352 1256 sqq.
1374 1205 1595 1244 Notandum

135 1284 214 1309 vero
243 1283 316 1308 non
343 1269 412 1307 hos
441 1276 586 1306 tantum
608 1281 739 1306 versus
755 1282 776 1306 e
794 1267 941 1318 Sibylla
960 1266 1184 1319 desumptos
1211 1282 1312 1319 esse3
1332 1269 1398 1308 sed
1416 1278 1454 1308 et
1483 1283 1596 1310 voces

135 1348 238 1386 supra
249 1333 395 1381 allatas,
415 1331 478 1377 τὰς
497 1332 696 1377 διαλέκτους
717 1335 1044 1387 μερισθῆναι,(]ιιι13
1060 1332 1198 1370 iterum
1217 1333 1480 1386 repetitinsra,
1497 1338 1517 1383 S
1533 1335 1597 1381 32,

136 1398 339 1449 respicere
329 1396 374 1434 ad
399 1396 675 1446 Sibyllinmum
690 1406 933 1443 nostrorum,
950 1395 1020 1435 lib.
1039 1396 1143 1443 Vlli,
1165 1409 1201 1436 v,
1223 1402 1258 1445 l0,
1275 1410 1329 1447 sq.
1345 1397 1444 1444 Quin
1465 1404 1502 1436 et
1520 1410 1596 1435 vo-

135 1475 198 1509 ces,
212 1460 493 1512 καταγγέλλουσα
510 1458 616 1512 ὀργὴν
635 1475 685 1498 τω
699 1459 823 1513 κόσμι)
842 1458 1020 1512 μέλλειν“’
1001 1474 1080 1514 ερχε
1066 1462 1175 1507 σΟαι,
1188 1460 1596 1537 manifestOSibylluinae

137 1533 212 1563 sunt
229 1538 250 1562 e
274 1523 373 1561 libro
393 1524 553 1574 V111,v.
587 1536 621 1569 1,
641 1536 730 1574 sq.-

255 1586 472 1641 Ἐρχομένης
490 1586 602 1640 μεγά)
596 1603 644 1635 ης
662 1588 767 1641 ὀργης
789 1587 845 1626 ἐπὶ
875 1586 1005 1639 κόσμον
1025 1586 1163 1627 ἅπαντα
1175 1618 1186 1636 ,

245 1650 420 1690 Ἵ“στατον
435 1652 482 1695 εἷς
502 1652 611 1689 αἰῶνα
631 1654 708 1690 θεοῦ
722 1650 904 1704 μηνίματα
919 1650 1044 1705 φαίνω.

135 1716 218 1756 lllud
238 1717 346 1755 etiam
376 1716 478 1767 quod
513 1717 628 1768 paulo
661 1716 872 1767 posthunc
901 1716 1113 1768 Theophili
1137 1716 1264 1755 locum
1291 1717 1473 1758 additur:
1495 1717 1591 1766 Αὕτη

135 1779 211 1834 ἀρχὴ
229 1779 359 1831 ἐγένετο
381 1779 503 1835 πρώτη
520 1783 582 1819 τοῦ
599 1780 753 1833 γίνεσθαι
773 1780 947 1832 πολέμους
969 1780 1027 1820 ἐπὶ
1046 1784 1108 1828 τῆς
1124 1784 1200 1834 γ’ἤς,
1217 1797 1434 1835 quanquam
1455 1784 1503 1823 de
1517 1784 1591 1823 alia

135 1858 167 1883 re
183 1845 314 1883 dictum
328 1874 339 1892 ‚
360 1859 487 1883 nonne
503 1845 604 1883 idem
624 1854 735 1883 sonat
762 1858 851 1884 cum
870 1846 1059 1896 Sibyllino
1078 1860 1206 1894 versu,
1223 1847 1290 1887 lib.
1307 1848 1377 1894 lli,
1397 1861 1433 1888 v.
1456 1849 1526 1894 151.
1551 1860 1562 1888 2

273 1909 367 1957 Αὕτη
388 1910 418 1948 δ’
438 1908 518 1948 ἔστ’
537 1907 629 1960 ἀρχὴ
648 1908 804 1960 πολέμου
824 1909 992 1949 πάντεσσι
1014 1913 1177 1963 βροτοῖσι.

174 1971 239 2009 Sed
254 1973 346 2018 alia,
367 1972 543 2024 quamvis
565 1973 722 2017 tacitus,
743 1982 878 2011 mutuo
892 1973 1040 2024 accepit
1060 1988 1082 2011 n
1104 1974 1248 2025 Sibylla
1268 1975 1523 2028 Theophilus,
1547 1985 1590 2015 ut

82 2069 85 2070 γ
135 2032 190 2073 lib.
209 2036 244 2083 Ι,
267 2041 325 2086 §9
346 2049 356 2077 ε
377 2036 435 2077 Τὰ
454 2035 610 2088 ὀνόματα
635 2030 684 2075 ὧν
705 2036 770 2090 φὴς
792 2036 956 2076 σε’ὅεσθαι
974 2040 1076 2087 θεῶν,
1106 2037 1261 2089 ὀνόματά
1283 2040 1357 2080 ἐστι
1374 2042 1504 2093 νεκρῶν
1531 2042 1592 2079 ἀν-

134 2098 273 2151 θρώπων,
291 2101 394 2153 quod
417 2100 519 2152 apud
542 2114 611 2138 nos
630 2101 784 2153 legitur,
804 2101 871 2140 lib.
894 2102 997 2152 vlu,
1016 2115 1054 2139 v.
1077 2102 1142 2150 46,
1158 2116 1215 2154 sq.
1232 2116 1241 2140 ι

610 2159 681 2204 ἲὨν
696 2164 884 2213 ἔσεδᾶσθης

271 2227 446 2279 Δαίμονας
466 2228 633 2284 ἀψύχους,
654 2231 785 2283 νεκρῶν
804 2228 932 2268 εἴδωλα
949 2229 1151 2280 καμόντων.

136 2290 174 2330 Et
188 2305 295 2343 quum
316 2293 523 2342 idem,'lib.
545 2295 601 2341 11,
625 2297 644 2342 S
665 2295 726 2337 18.
744 2294 984 2332 notissimum
1005 2294 1101 2332 illud
1117 2293 1320 2347 ποιήσωμεν
1335 2294 1532 2350 (Genes.e.
1551 2310 1586 2347 1,

136 2367 165 2393 ν.
181 2356 257 2407 26),
279 2356 324 2395 de
339 2358 454 2396 Patre
474 2371 561 2396 cum
580 2358 676 2397 Filio
694 2357 933 2396 deliberante
950 2358 1241 2410 interpretatur,
1259 2373 1455 2411 quumque
1471 2361 1589 2412 paulo

136 2417 274 2471 infra,§
296 2434 357 2468 αα,
380 2422 513 2460 Filium
541 2421 737 2473 σῦμὸουλον
756 2422 885 2460 Patris
913 2430 1048 2473 vocat,
1072 2422 1165 2474 quid
1189 2423 1291 2461 aliud
1323 2437 1438 2475 quam
1458 2425 1587 2464 imita-

136 2483 257 2522 tionem
276 2484 404 2536 prodit
422 2486 713 2537 Sibyllinorum,
735 2486 775 2524 in
789 2486 931 2538 quibus
949 2487 1102 2538 legitur,
1121 2486 1186 2525 lib.
1200 2489 1285 2526 vul
1297 2517 1308 2537 ‚
1325 2501 1362 2528 ν.
1377 2490 1466 2535 264,
1480 2503 1585 2541 sqq.:

247 2550 355 2589 Αὐτὸν
375 2550 441 2605 γὰρ
460 2552 642 2604 πρώτιστα
661 2551 781 2590 λαθὼν
803 2551 998 2602 σύμῧουλον
1017 2551 1076 2590 ἀπ’
1097 2553 1208 2604 ἀρχῆς

245 2608 349 2654 Εἶπεν
369 2619 387 2655 ὃ
411 2616 685 2670 Παντοκράτωρ,
708 2615 933 2668 Ποιήσωμεν,
951 2615 1091 2663 τέκνον,
1114 2617 1219 2670 ἄμφω

245 2678 388 2724 Εἷκόνος
409 2680 442 2725 ἐξ
459 2681 547 2728 ἰδίης
566 2680 829 2734 ἀπομαξάμενοι
846 2681 954 2735 βροτὰ
973 2683 1062 2735 φῦλα
1075 2712 1086 2733 ,

133 2750 229 2789 quem
247 2742 291 2781 ad
308 2743 431 2783 locum
453 2747 621 2798 apertius
644 2746 858 2799 respexisse
879 2748 1116 2787 Lactantium
1136 2747 1234 2786 insi-a
1255 2747 1440 2790 dicemus.

174 2805 321 2859 Scripsit
345 2809 447 2850 haud
476 2812 596 2850 multo
628 2821 714 2863 post
745 2813 1001 2864 Theophilum
1036 2813 1210 2852 Clemens
1231 2813 1531 2863 Alexandrinus,
1559 2827 1578 2851 a

133 2872 280 2922 quojam
299 2875 385 2933 divi.
403 2878 511 2916 Pauli
540 2877 585 2916 (le
614 2877 757 2929 Sibylla
779 2879 1034 2917 testimonium
1062 2880 1221 2918 mutuati
1243 2893 1388 2930 sumus,
1404 2893 1425 2918 e
1440 2880 1580 2919 Strom.
