<?xml version="1.0" encoding="UTF-8"?>
<!DOCTYPE html PUBLIC "-//W3C//DTD XHTML 1.0 Transitional//EN"
    "http://www.w3.org/TR/xhtml1/DTD/xhtml1-transitional.dtd">
<html xmlns="http://www.w3.org/1999/xhtml" xml:lang="en" lang="en">
 <head>
  <title>
</title>
<meta http-equiv="Content-Type" content="text/html;charset=utf-8" />
  <meta name='ocr-system' content='tesseract 3.04.00' />
  <meta name='ocr-capabilities' content='ocr_page ocr_carea ocr_par ocr_line ocrx_word'/>
</head>
<body>
  <div class='ocr_page' id='page_1' title='image "./excursusadsibyll00alexuoft_0543.png"; bbox 0 0 1686 3500; ppageno 0'>
   <div class='ocr_carea' id='block_1_1' title="bbox 71 199 1185 246">
    <p class='ocr_par' dir='ltr' id='par_1_1' title="bbox 71 199 1185 246">
     <span class='ocr_line' id='line_1_1' title="bbox 71 199 1185 246; baseline -0.001 -2"><span class='ocrx_word' id='word_1_1' title='bbox 71 199 162 244; x_wconf 62' lang='lat'>531</span> <span class='ocrx_word' id='word_1_2' title='bbox 479 200 559 244; x_wconf 86' lang='lat' dir='ltr'>Al)</span> <span class='ocrx_word' id='word_1_3' title='bbox 595 201 940 246; x_wconf 81' lang='lat' dir='ltr'>SIBYLLINOS</span> <span class='ocrx_word' id='word_1_4' title='bbox 975 199 1185 244; x_wconf 81' lang='lat' dir='ltr'>LIBROS</span> 
     </span>
    </p>
   </div>
   <div class='ocr_carea' id='block_1_2' title="bbox 53 297 1542 1505">
    <p class='ocr_par' dir='ltr' id='par_1_2' title="bbox 64 297 1542 606">
     <span class='ocr_line' id='line_1_2' title="bbox 67 297 1538 351; baseline 0.001 -16"><span class='ocrx_word' id='word_1_5' title='bbox 67 310 152 335; x_wconf 83' lang='lat' dir='ltr'>rum</span> <span class='ocrx_word' id='word_1_6' title='bbox 178 297 394 336; x_wconf 74' lang='lat' dir='ltr'>felicitatem</span> <span class='ocrx_word' id='word_1_7' title='bbox 422 297 581 336; x_wconf 82' lang='lat' dir='ltr'>exhibet</span> <span class='ocrx_word' id='word_1_8' title='bbox 604 312 682 337; x_wconf 84' lang='lat' dir='ltr'>non</span> <span class='ocrx_word' id='word_1_9' title='bbox 710 299 832 338; x_wconf 83' lang='lat' dir='ltr'>solum</span> <span class='ocrx_word' id='word_1_10' title='bbox 860 308 947 351; x_wconf 86' lang='lat' dir='ltr'>post</span> <span class='ocrx_word' id='word_1_11' title='bbox 971 299 1135 350; x_wconf 77' lang='lat' dir='ltr'>priorem</span> <span class='ocrx_word' id='word_1_12' title='bbox 1161 297 1477 337; x_wconf 78' lang='lat' dir='ltr'>resurrectionem</span> <span class='ocrx_word' id='word_1_13' title='bbox 1496 299 1538 337; x_wconf 81' lang='lat' dir='ltr'>in</span> 
     </span>
     <span class='ocr_line' id='line_1_3' title="bbox 68 360 1542 415; baseline 0.002 -17"><span class='ocrx_word' id='word_1_14' title='bbox 68 361 236 399; x_wconf 74' lang='lat' dir='ltr'>terrestri</span> <span class='ocrx_word' id='word_1_15' title='bbox 256 362 402 400; x_wconf 83' lang='lat' dir='ltr'>Messiae</span> <span class='ocrx_word' id='word_1_16' title='bbox 425 375 565 414; x_wconf 80' lang='lat' dir='ltr'>regno,</span> <span class='ocrx_word' id='word_1_17' title='bbox 589 376 627 403; x_wconf 86' lang='lat' dir='ltr'>v.</span> <span class='ocrx_word' id='word_1_18' title='bbox 649 364 736 413; x_wconf 84' lang='lat'>169,</span> <span class='ocrx_word' id='word_1_19' title='bbox 771 377 840 415; x_wconf 89' lang='lat' dir='ltr'>sq.,</span> <span class='ocrx_word' id='word_1_20' title='bbox 865 364 932 402; x_wconf 85' lang='lat' dir='ltr'>sed</span> <span class='ocrx_word' id='word_1_21' title='bbox 952 363 1063 401; x_wconf 78' lang='lat' dir='ltr'>etiam</span> <span class='ocrx_word' id='word_1_22' title='bbox 1089 369 1176 413; x_wconf 87' lang='lat' dir='ltr'>post</span> <span class='ocrx_word' id='word_1_23' title='bbox 1188 360 1378 412; x_wconf 87' lang='lat' dir='ltr'>judicium</span> <span class='ocrx_word' id='word_1_24' title='bbox 1403 376 1542 414; x_wconf 80' lang='lat' dir='ltr'>supre-</span> 
     </span>
     <span class='ocr_line' id='line_1_4' title="bbox 67 425 1537 479; baseline 0.003 -17"><span class='ocrx_word' id='word_1_25' title='bbox 67 438 193 472; x_wconf 84' lang='lat' dir='ltr'>mum,</span> <span class='ocrx_word' id='word_1_26' title='bbox 227 438 264 466; x_wconf 84' lang='lat' dir='ltr'>v.</span> <span class='ocrx_word' id='word_1_27' title='bbox 298 426 390 475; x_wconf 80' lang='lat'>205,</span> <span class='ocrx_word' id='word_1_28' title='bbox 421 439 518 478; x_wconf 65' lang='lat' dir='ltr'>sqq„</span> <span class='ocrx_word' id='word_1_29' title='bbox 543 436 727 478; x_wconf 85' lang='lat' dir='ltr'>quantum</span> <span class='ocrx_word' id='word_1_30' title='bbox 757 428 912 479; x_wconf 90' lang='lat' dir='ltr'>quidem</span> <span class='ocrx_word' id='word_1_31' title='bbox 941 441 987 465; x_wconf 84' lang='lat' dir='ltr'>ex</span> <span class='ocrx_word' id='word_1_32' title='bbox 1007 425 1176 464; x_wconf 84' lang='lat' dir='ltr'>obscuro</span> <span class='ocrx_word' id='word_1_33' title='bbox 1205 426 1294 464; x_wconf 86' lang='lat' dir='ltr'>satis</span> <span class='ocrx_word' id='word_1_34' title='bbox 1314 425 1428 477; x_wconf 85' lang='lat' dir='ltr'>hujus</span> <span class='ocrx_word' id='word_1_35' title='bbox 1448 427 1537 466; x_wconf 84' lang='lat' dir='ltr'>libri</span> 
     </span>
     <span class='ocr_line' id='line_1_5' title="bbox 64 489 939 543; baseline 0.003 -16"><span class='ocrx_word' id='word_1_36' title='bbox 64 498 166 528; x_wconf 78' lang='lat' dir='ltr'>textu</span> <span class='ocrx_word' id='word_1_37' title='bbox 186 489 311 540; x_wconf 82' lang='lat' dir='ltr'>colligi</span> <span class='ocrx_word' id='word_1_38' title='bbox 331 497 474 541; x_wconf 85' lang='lat' dir='ltr'>potest;</span> <span class='ocrx_word' id='word_1_39' title='bbox 494 491 628 529; x_wconf 81' lang='lat' dir='ltr'>confer</span> <span class='ocrx_word' id='word_1_40' title='bbox 646 505 778 543; x_wconf 81' lang='lat' dir='ltr'>supra,</span> <span class='ocrx_word' id='word_1_41' title='bbox 796 505 880 543; x_wconf 88' lang='lat' dir='ltr'>cnp.</span> <span class='ocrx_word' id='word_1_42' title='bbox 900 505 939 541; x_wconf 90' lang='grc'>9.</span> 
     </span>
     <span class='ocr_line' id='line_1_6' title="bbox 112 552 1537 615; baseline 0.001 -25.001"><span class='ocrx_word' id='word_1_43' title='bbox 112 552 185 590; x_wconf 87' lang='lat' dir='ltr'>Sed</span> <span class='ocrx_word' id='word_1_44' title='bbox 205 553 372 603; x_wconf 84' lang='lat' dir='ltr'>reliquos</span> <span class='ocrx_word' id='word_1_45' title='bbox 395 553 513 592; x_wconf 88' lang='lat' dir='ltr'>libros</span> <span class='ocrx_word' id='word_1_46' title='bbox 533 554 622 593; x_wconf 84' lang='lat' dir='ltr'>huic</span> <span class='ocrx_word' id='word_1_47' title='bbox 639 556 814 606; x_wconf 86' lang='lat' dir='ltr'>opinioni</span> <span class='ocrx_word' id='word_1_48' title='bbox 832 556 954 593; x_wconf 81' lang='lat' dir='ltr'>minus</span> <span class='ocrx_word' id='word_1_49' title='bbox 977 553 1107 592; x_wconf 72' lang='lat' dir='ltr'>swero</span> <span class='ocrx_word' id='word_1_50' title='bbox 1122 552 1333 591; x_wconf 77' lang='lat' dir='ltr'>notandum</span> <span class='ocrx_word' id='word_1_51' title='bbox 1350 562 1424 615; x_wconf 82' lang='lat' dir='ltr'>est,</span> <span class='ocrx_word' id='word_1_52' title='bbox 1439 567 1537 606; x_wconf 85' lang='lat' dir='ltr'>prae-</span> 
     </span>
    </p>

    <p class='ocr_par' dir='ltr' id='par_1_3' title="bbox 61 617 1217 668">
     <span class='ocr_line' id='line_1_7' title="bbox 61 617 1217 668; baseline 0 -13"><span class='ocrx_word' id='word_1_53' title='bbox 61 617 190 655; x_wconf 85' lang='lat' dir='ltr'>sertim</span> <span class='ocrx_word' id='word_1_54' title='bbox 213 617 468 665; x_wconf 83' lang='lat' dir='ltr'>Prooemium,</span> <span class='ocrx_word' id='word_1_55' title='bbox 487 617 596 668; x_wconf 83' lang='lat' dir='ltr'>cujus</span> <span class='ocrx_word' id='word_1_56' title='bbox 617 618 697 657; x_wconf 76' lang='lat' dir='ltr'>lnaec</span> <span class='ocrx_word' id='word_1_57' title='bbox 717 618 833 658; x_wconf 77' lang='lat' dir='ltr'>vei-ba</span> <span class='ocrx_word' id='word_1_58' title='bbox 851 627 960 665; x_wconf 87' lang='lat' dir='ltr'>sunt,</span> <span class='ocrx_word' id='word_1_59' title='bbox 980 630 1018 655; x_wconf 90' lang='lat' dir='ltr'>v.</span> <span class='ocrx_word' id='word_1_60' title='bbox 1045 618 1109 663; x_wconf 71' lang='lat'>84,</span> <span class='ocrx_word' id='word_1_61' title='bbox 1131 630 1217 668; x_wconf 85' lang='lat' dir='ltr'>sqq.</span> 
     </span>
    </p>

    <p class='ocr_par' dir='ltr' id='par_1_4' title="bbox 217 679 981 732">
     <span class='ocr_line' id='line_1_8' title="bbox 217 679 981 732; baseline -0.001 -12"><span class='ocrx_word' id='word_1_62' title='bbox 217 682 263 720; x_wconf 77' lang='grc' dir='ltr'>Οἳ</span> <span class='ocrx_word' id='word_1_63' title='bbox 281 679 316 719; x_wconf 76' lang='grc' dir='ltr'>δὲ</span> <span class='ocrx_word' id='word_1_64' title='bbox 330 680 420 721; x_wconf 81' lang='grc' dir='ltr'>Θεὸν</span> <span class='ocrx_word' id='word_1_65' title='bbox 433 683 603 731; x_wconf 77' lang='grc' dir='ltr'>τιμῶντες</span> <span class='ocrx_word' id='word_1_66' title='bbox 623 683 785 729; x_wconf 83' lang='grc' dir='ltr'>ἀληθινὸν</span> <span class='ocrx_word' id='word_1_67' title='bbox 805 681 927 732; x_wconf 80' lang='grc' dir='ltr'>ἀέναόν</span> <span class='ocrx_word' id='word_1_68' title='bbox 943 696 981 719; x_wconf 81' lang='grc' dir='ltr'>τε</span> 
     </span>
    </p>

    <p class='ocr_par' dir='ltr' id='par_1_5' title="bbox 217 744 1089 799">
     <span class='ocr_line' id='line_1_9' title="bbox 217 744 1089 799; baseline 0 -16"><span class='ocrx_word' id='word_1_69' title='bbox 217 744 321 792; x_wconf 84' lang='grc' dir='ltr'>Ζωὴν</span> <span class='ocrx_word' id='word_1_70' title='bbox 340 746 613 799; x_wconf 74' lang='grc' dir='ltr'>κληρονομοῦσι,</span> <span class='ocrx_word' id='word_1_71' title='bbox 633 746 691 785; x_wconf 80' lang='grc' dir='ltr'>τὸν</span> <span class='ocrx_word' id='word_1_72' title='bbox 714 748 834 789; x_wconf 83' lang='grc' dir='ltr'>αἰῶνος</span> <span class='ocrx_word' id='word_1_73' title='bbox 851 745 974 798; x_wconf 81' lang='grc' dir='ltr'>χρόνον</span> <span class='ocrx_word' id='word_1_74' title='bbox 991 744 1089 784; x_wconf 76' lang='grc' dir='ltr'>αὐτοὶ</span> 
     </span>
    </p>

    <p class='ocr_par' dir='ltr' id='par_1_6' title="bbox 219 811 1085 866">
     <span class='ocr_line' id='line_1_10' title="bbox 219 811 1085 866; baseline -0.002 -15"><span class='ocrx_word' id='word_1_75' title='bbox 219 812 406 856; x_wconf 80' lang='grc' dir='ltr'>Οἷκουντες</span> <span class='ocrx_word' id='word_1_76' title='bbox 420 812 643 866; x_wconf 82' lang='grc' dir='ltr'>Παραδείσου</span> <span class='ocrx_word' id='word_1_77' title='bbox 666 814 760 862; x_wconf 82' lang='grc' dir='ltr'>ὁμῶς</span> <span class='ocrx_word' id='word_1_78' title='bbox 780 811 939 865; x_wconf 82' lang='grc' dir='ltr'>ἐριθηλέα</span> <span class='ocrx_word' id='word_1_79' title='bbox 952 814 1064 858; x_wconf 83' lang='grc' dir='ltr'>κ’ἧπον</span> <span class='ocrx_word' id='word_1_80' title='bbox 1075 839 1085 856; x_wconf 91' lang='grc'>,</span> 
     </span>
    </p>

    <p class='ocr_par' dir='ltr' id='par_1_7' title="bbox 53 875 1535 1505">
     <span class='ocr_line' id='line_1_11' title="bbox 215 875 1183 929; baseline 0 -15"><span class='ocrx_word' id='word_1_81' title='bbox 215 875 421 928; x_wconf 79' lang='grc' dir='ltr'>Δαινύμενοι</span> <span class='ocrx_word' id='word_1_82' title='bbox 438 875 564 927; x_wconf 78' lang='grc' dir='ltr'>γλυκυν</span> <span class='ocrx_word' id='word_1_83' title='bbox 587 876 688 927; x_wconf 79' lang='grc' dir='ltr'>ἄρτον</span> <span class='ocrx_word' id='word_1_84' title='bbox 708 876 768 913; x_wconf 82' lang='grc' dir='ltr'>ἀπ’</span> <span class='ocrx_word' id='word_1_85' title='bbox 789 876 932 929; x_wconf 82' lang='grc' dir='ltr'>οὐρανου</span> <span class='ocrx_word' id='word_1_86' title='bbox 951 875 1183 928; x_wconf 73' lang='grc' dir='ltr'>ἀστερόεντος.</span> 
     </span>
     <span class='ocr_line' id='line_1_12' title="bbox 59 923 1535 991; baseline 0 -15"><span class='ocrx_word' id='word_1_87' title='bbox 59 937 173 976; x_wconf 81' lang='lat' dir='ltr'>Vides</span> <span class='ocrx_word' id='word_1_88' title='bbox 192 939 441 977; x_wconf 72' lang='lat' dir='ltr'>Paradisum*</span> <span class='ocrx_word' id='word_1_89' title='bbox 432 953 516 991; x_wconf 79' lang='lat' dir='ltr'>lpso</span> <span class='ocrx_word' id='word_1_90' title='bbox 539 940 692 978; x_wconf 87' lang='lat' dir='ltr'>nomine</span> <span class='ocrx_word' id='word_1_91' title='bbox 711 953 782 977; x_wconf 84' lang='lat' dir='ltr'>suo</span> <span class='ocrx_word' id='word_1_92' title='bbox 806 939 948 991; x_wconf 80' lang='lat' dir='ltr'>design</span> <span class='ocrx_word' id='word_1_93' title='bbox 941 949 1066 988; x_wconf 77' lang='lat' dir='ltr'>itum,</span> <span class='ocrx_word' id='word_1_94' title='bbox 1084 940 1123 977; x_wconf 88' lang='lat' dir='ltr'>id</span> <span class='ocrx_word' id='word_1_95' title='bbox 1145 948 1224 986; x_wconf 87' lang='lat' dir='ltr'>est,</span> <span class='ocrx_word' id='word_1_96' title='bbox 1245 923 1409 990; x_wconf 84' lang='lat' dir='ltr'>positam</span> <span class='ocrx_word' id='word_1_97' title='bbox 1427 947 1535 977; x_wconf 75' lang='lat' dir='ltr'>extra</span> 
     </span>
     <span class='ocr_line' id='line_1_13' title="bbox 57 1002 1533 1056; baseline 0.001 -16"><span class='ocrx_word' id='word_1_98' title='bbox 57 1003 160 1042; x_wconf 84' lang='lat' dir='ltr'>huuc</span> <span class='ocrx_word' id='word_1_99' title='bbox 183 1004 368 1042; x_wconf 88' lang='lat' dir='ltr'>mundum</span> <span class='ocrx_word' id='word_1_100' title='bbox 387 1004 532 1052; x_wconf 79' lang='lat' dir='ltr'>sedem,</span> <span class='ocrx_word' id='word_1_101' title='bbox 552 1004 749 1043; x_wconf 78' lang='lat' dir='ltr'>animabus</span> <span class='ocrx_word' id='word_1_102' title='bbox 771 1004 882 1043; x_wconf 83' lang='lat' dir='ltr'>simul</span> <span class='ocrx_word' id='word_1_103' title='bbox 901 1013 939 1043; x_wconf 89' lang='lat' dir='ltr'>et</span> <span class='ocrx_word' id='word_1_104' title='bbox 956 1004 1183 1056; x_wconf 76' lang='lat' dir='ltr'>eoipoiibus</span> <span class='ocrx_word' id='word_1_105' title='bbox 1195 1002 1388 1054; x_wconf 81' lang='lat' dir='ltr'>justorum</span> <span class='ocrx_word' id='word_1_106' title='bbox 1406 1017 1510 1042; x_wconf 81' lang='lat' dir='ltr'>resei-</span> <span class='ocrx_word' id='word_1_107' title='bbox 1516 1026 1533 1032; x_wconf 93' lang='lat'>-</span> 
     </span>
     <span class='ocr_line' id='line_1_14' title="bbox 56 1066 1531 1121; baseline 0 -16"><span class='ocrx_word' id='word_1_108' title='bbox 56 1075 205 1114; x_wconf 76' lang='lat' dir='ltr'>vatum3</span> <span class='ocrx_word' id='word_1_109' title='bbox 229 1068 346 1119; x_wconf 70' lang='lat' dir='ltr'>quiun</span> <span class='ocrx_word' id='word_1_110' title='bbox 367 1068 398 1106; x_wconf 86' lang='lat' dir='ltr'>si</span> <span class='ocrx_word' id='word_1_111' title='bbox 432 1068 586 1107; x_wconf 88' lang='lat' dir='ltr'>hortum</span> <span class='ocrx_word' id='word_1_112' title='bbox 615 1082 769 1120; x_wconf 89' lang='lat' dir='ltr'>quoque</span> <span class='ocrx_word' id='word_1_113' title='bbox 800 1077 912 1107; x_wconf 87' lang='lat' dir='ltr'>vocat</span> <span class='ocrx_word' id='word_1_114' title='bbox 931 1077 1063 1120; x_wconf 81' lang='lat' dir='ltr'>poeta,</span> <span class='ocrx_word' id='word_1_115' title='bbox 1094 1066 1255 1121; x_wconf 75' lang='grc' dir='ltr'>ἐριθῆλέα</span> <span class='ocrx_word' id='word_1_116' title='bbox 1280 1069 1413 1116; x_wconf 79' lang='grc' dir='ltr'>κῆπον,</span> <span class='ocrx_word' id='word_1_117' title='bbox 1442 1076 1479 1106; x_wconf 86' lang='lat' dir='ltr'>et</span> <span class='ocrx_word' id='word_1_118' title='bbox 1500 1069 1531 1105; x_wconf 87' lang='lat' dir='ltr'>si</span> 
     </span>
     <span class='ocr_line' id='line_1_15' title="bbox 57 1131 1534 1184; baseline 0.001 -15"><span class='ocrx_word' id='word_1_119' title='bbox 57 1145 195 1170; x_wconf 79' lang='lat' dir='ltr'>manna</span> <span class='ocrx_word' id='word_1_120' title='bbox 216 1131 268 1170; x_wconf 89' lang='lat' dir='ltr'>ibi</span> <span class='ocrx_word' id='word_1_121' title='bbox 281 1132 395 1183; x_wconf 76' lang='lat' dir='ltr'>justis</span> <span class='ocrx_word' id='word_1_122' title='bbox 415 1132 675 1170; x_wconf 79' lang='lat' dir='ltr'>manducanda</span> <span class='ocrx_word' id='word_1_123' title='bbox 696 1134 941 1184; x_wconf 84' lang='lat' dir='ltr'>proponitur,</span> <span class='ocrx_word' id='word_1_124' title='bbox 961 1133 1020 1171; x_wconf 88' lang='lat' dir='ltr'>vel</span> <span class='ocrx_word' id='word_1_125' title='bbox 1044 1134 1204 1184; x_wconf 76' lang='lat' dir='ltr'>figurate</span> <span class='ocrx_word' id='word_1_126' title='bbox 1223 1132 1305 1171; x_wconf 87' lang='lat' dir='ltr'>haec</span> <span class='ocrx_word' id='word_1_127' title='bbox 1324 1132 1453 1170; x_wconf 78' lang='lat' dir='ltr'>omnin</span> <span class='ocrx_word' id='word_1_128' title='bbox 1472 1146 1534 1170; x_wconf 84' lang='lat' dir='ltr'>ca-</span> 
     </span>
     <span class='ocr_line' id='line_1_16' title="bbox 58 1196 1531 1247; baseline 0.001 -14"><span class='ocrx_word' id='word_1_129' title='bbox 58 1196 196 1247; x_wconf 84' lang='lat' dir='ltr'>pienda</span> <span class='ocrx_word' id='word_1_130' title='bbox 213 1204 323 1243; x_wconf 87' lang='lat' dir='ltr'>sunt,</span> <span class='ocrx_word' id='word_1_131' title='bbox 344 1196 402 1234; x_wconf 77' lang='lat' dir='ltr'>vel</span> <span class='ocrx_word' id='word_1_132' title='bbox 423 1205 528 1234; x_wconf 85' lang='lat' dir='ltr'>certe</span> <span class='ocrx_word' id='word_1_133' title='bbox 553 1205 660 1234; x_wconf 80' lang='lat' dir='ltr'>extra</span> <span class='ocrx_word' id='word_1_134' title='bbox 681 1197 748 1235; x_wconf 73' lang='lat' dir='ltr'>lias</span> <span class='ocrx_word' id='word_1_135' title='bbox 766 1207 886 1235; x_wconf 85' lang='lat' dir='ltr'>terras</span> <span class='ocrx_word' id='word_1_136' title='bbox 911 1197 950 1235; x_wconf 86' lang='lat' dir='ltr'>in</span> <span class='ocrx_word' id='word_1_137' title='bbox 967 1197 1112 1235; x_wconf 86' lang='lat' dir='ltr'>mundo</span> <span class='ocrx_word' id='word_1_138' title='bbox 1133 1205 1318 1235; x_wconf 87' lang='lat' dir='ltr'>renovato</span> <span class='ocrx_word' id='word_1_139' title='bbox 1335 1196 1531 1247; x_wconf 75' lang='lat' dir='ltr'>ponenda.</span> 
     </span>
     <span class='ocr_line' id='line_1_17' title="bbox 56 1260 1533 1311; baseline -0.001 -12"><span class='ocrx_word' id='word_1_140' title='bbox 56 1261 113 1299; x_wconf 91' lang='lat' dir='ltr'>De</span> <span class='ocrx_word' id='word_1_141' title='bbox 133 1273 272 1298; x_wconf 82' lang='lat' dir='ltr'>manna</span> <span class='ocrx_word' id='word_1_142' title='bbox 298 1260 476 1311; x_wconf 87' lang='lat' dir='ltr'>quidem,</span> <span class='ocrx_word' id='word_1_143' title='bbox 508 1260 730 1310; x_wconf 85' lang='lat' dir='ltr'>angelorum</span> <span class='ocrx_word' id='word_1_144' title='bbox 760 1260 849 1298; x_wconf 85' lang='lat' dir='ltr'>cibo</span> <span class='ocrx_word' id='word_1_145' title='bbox 880 1261 1035 1299; x_wconf 87' lang='lat' dir='ltr'>minime</span> <span class='ocrx_word' id='word_1_146' title='bbox 1059 1274 1145 1298; x_wconf 87' lang='lat' dir='ltr'>cum</span> <span class='ocrx_word' id='word_1_147' title='bbox 1172 1260 1312 1298; x_wconf 84' lang='lat' dir='ltr'>nostris</span> <span class='ocrx_word' id='word_1_148' title='bbox 1339 1261 1533 1298; x_wconf 65' lang='lat' dir='ltr'>alimoniis</span> 
     </span>
     <span class='ocr_line' id='line_1_18' title="bbox 57 1325 1532 1377; baseline 0.001 -14"><span class='ocrx_word' id='word_1_149' title='bbox 57 1325 336 1377; x_wconf 83' lang='lat' dir='ltr'>comparando,</span> <span class='ocrx_word' id='word_1_150' title='bbox 355 1325 490 1364; x_wconf 80' lang='lat' dir='ltr'>conset·</span> <span class='ocrx_word' id='word_1_151' title='bbox 506 1326 718 1376; x_wconf 82' lang='lat' dir='ltr'>Justinum,</span> <span class='ocrx_word' id='word_1_152' title='bbox 738 1325 837 1364; x_wconf 83' lang='lat' dir='ltr'>Dial.</span> <span class='ocrx_word' id='word_1_153' title='bbox 857 1339 943 1363; x_wconf 88' lang='lat' dir='ltr'>cum</span> <span class='ocrx_word' id='word_1_154' title='bbox 959 1326 1111 1377; x_wconf 80' lang='lat' dir='ltr'>Tryph.</span> <span class='ocrx_word' id='word_1_155' title='bbox 1129 1330 1148 1374; x_wconf 75' lang='lat' dir='ltr'>S</span> <span class='ocrx_word' id='word_1_156' title='bbox 1167 1327 1233 1375; x_wconf 81' lang='lat'>57.</span> <span class='ocrx_word' id='word_1_157' title='bbox 1256 1326 1400 1365; x_wconf 80' lang='lat' dir='ltr'>Confer</span> <span class='ocrx_word' id='word_1_158' title='bbox 1418 1326 1532 1365; x_wconf 85' lang='lat' dir='ltr'>etiam</span> 
     </span>
     <span class='ocr_line' id='line_1_19' title="bbox 54 1389 1529 1442; baseline -0.001 -13"><span class='ocrx_word' id='word_1_159' title='bbox 54 1389 316 1429; x_wconf 82' lang='lat' dir='ltr'>Rabbinorum</span> <span class='ocrx_word' id='word_1_160' title='bbox 334 1389 382 1428; x_wconf 90' lang='lat' dir='ltr'>de</span> <span class='ocrx_word' id='word_1_161' title='bbox 401 1403 446 1428; x_wconf 87' lang='lat' dir='ltr'>ea</span> <span class='ocrx_word' id='word_1_162' title='bbox 471 1403 513 1428; x_wconf 87' lang='lat' dir='ltr'>re</span> <span class='ocrx_word' id='word_1_163' title='bbox 535 1390 706 1437; x_wconf 86' lang='lat' dir='ltr'>somnia,</span> <span class='ocrx_word' id='word_1_164' title='bbox 722 1403 744 1428; x_wconf 82' lang='lat' dir='ltr'>a</span> <span class='ocrx_word' id='word_1_165' title='bbox 763 1391 965 1428; x_wconf 79' lang='lat' dir='ltr'>Buxtorlio</span> <span class='ocrx_word' id='word_1_166' title='bbox 985 1390 1098 1428; x_wconf 86' lang='lat' dir='ltr'>docte</span> <span class='ocrx_word' id='word_1_167' title='bbox 1115 1391 1295 1437; x_wconf 84' lang='lat' dir='ltr'>collecta,</span> <span class='ocrx_word' id='word_1_168' title='bbox 1315 1390 1417 1442; x_wconf 81' lang='lat' dir='ltr'>apud</span> <span class='ocrx_word' id='word_1_169' title='bbox 1439 1390 1529 1429; x_wconf 79' lang='lat' dir='ltr'>Gal-</span> 
     </span>
     <span class='ocr_line' id='line_1_20' title="bbox 53 1453 1532 1505; baseline 0.001 -13"><span class='ocrx_word' id='word_1_170' title='bbox 53 1455 186 1505; x_wconf 86' lang='lat' dir='ltr'>laeum,</span> <span class='ocrx_word' id='word_1_171' title='bbox 207 1463 288 1493; x_wconf 90' lang='lat' dir='ltr'>not.</span> <span class='ocrx_word' id='word_1_172' title='bbox 309 1453 356 1492; x_wconf 84' lang='lat' dir='ltr'>ad</span> <span class='ocrx_word' id='word_1_173' title='bbox 377 1454 444 1493; x_wconf 84' lang='lat' dir='ltr'>lib.</span> <span class='ocrx_word' id='word_1_174' title='bbox 464 1455 522 1504; x_wconf 89' lang='lat'>11,</span> <span class='ocrx_word' id='word_1_175' title='bbox 541 1467 579 1492; x_wconf 87' lang='lat' dir='ltr'>v.</span> <span class='ocrx_word' id='word_1_176' title='bbox 599 1454 669 1493; x_wconf 91' lang='lat' dir='ltr'>ult.</span> <span class='ocrx_word' id='word_1_177' title='bbox 685 1455 762 1494; x_wconf 89' lang='lat' dir='ltr'>Nec</span> <span class='ocrx_word' id='word_1_178' title='bbox 779 1454 852 1493; x_wconf 82' lang='lat' dir='ltr'>alia</span> <span class='ocrx_word' id='word_1_179' title='bbox 868 1455 1019 1493; x_wconf 87' lang='lat' dir='ltr'>videtur</span> <span class='ocrx_word' id='word_1_180' title='bbox 1037 1468 1118 1495; x_wconf 85' lang='lat' dir='ltr'>esse</span> <span class='ocrx_word' id='word_1_181' title='bbox 1135 1455 1322 1493; x_wconf 79' lang='lat' dir='ltr'>sententia</span> <span class='ocrx_word' id='word_1_182' title='bbox 1339 1454 1428 1493; x_wconf 85' lang='lat' dir='ltr'>libri</span> <span class='ocrx_word' id='word_1_183' title='bbox 1446 1455 1532 1503; x_wconf 83' lang='lat' dir='ltr'>Vll,</span> 
     </span>
    </p>
   </div>
   <div class='ocr_carea' id='block_1_3' title="bbox 35 1521 1529 2938">
    <p class='ocr_par' dir='ltr' id='par_1_8' title="bbox 54 1521 899 1573">
     <span class='ocr_line' id='line_1_21' title="bbox 54 1521 899 1573; baseline 0.001 -13"><span class='ocrx_word' id='word_1_184' title='bbox 54 1521 122 1560; x_wconf 85' lang='lat' dir='ltr'>ubi</span> <span class='ocrx_word' id='word_1_185' title='bbox 140 1535 257 1573; x_wconf 84' lang='lat' dir='ltr'>quum</span> <span class='ocrx_word' id='word_1_186' title='bbox 276 1530 408 1573; x_wconf 80' lang='lat' dir='ltr'>aperte</span> <span class='ocrx_word' id='word_1_187' title='bbox 423 1521 565 1560; x_wconf 90' lang='lat' dir='ltr'>dictum</span> <span class='ocrx_word' id='word_1_188' title='bbox 587 1522 721 1570; x_wconf 84' lang='lat' dir='ltr'>suerit,</span> <span class='ocrx_word' id='word_1_189' title='bbox 741 1535 780 1560; x_wconf 89' lang='lat' dir='ltr'>v.</span> <span class='ocrx_word' id='word_1_190' title='bbox 800 1522 872 1567; x_wconf 77' lang='lat'>148</span> <span class='ocrx_word' id='word_1_191' title='bbox 889 1537 899 1561; x_wconf 72' lang='grc' dir='ltr'>ε</span> 
     </span>
    </p>

    <p class='ocr_par' dir='ltr' id='par_1_9' title="bbox 52 1584 1410 1693">
     <span class='ocr_line' id='line_1_22' title="bbox 209 1584 930 1638; baseline -0.004 -12"><span class='ocrx_word' id='word_1_192' title='bbox 209 1585 388 1637; x_wconf 80' lang='grc' dir='ltr'>Κλήματα</span> <span class='ocrx_word' id='word_1_193' title='bbox 407 1585 437 1624; x_wconf 74' lang='grc' dir='ltr'>δ’</span> <span class='ocrx_word' id='word_1_194' title='bbox 456 1586 519 1625; x_wconf 80' lang='grc' dir='ltr'>οὐκ</span> <span class='ocrx_word' id='word_1_195' title='bbox 537 1585 659 1637; x_wconf 82' lang='grc' dir='ltr'>ἔσται,</span> <span class='ocrx_word' id='word_1_196' title='bbox 678 1584 756 1624; x_wconf 77' lang='grc' dir='ltr'>οὐδὲ</span> <span class='ocrx_word' id='word_1_197' title='bbox 776 1585 930 1638; x_wconf 73' lang='grc' dir='ltr'>στάχυς,</span> 
     </span>
     <span class='ocr_line' id='line_1_23' title="bbox 52 1650 1410 1693; baseline 0.004 -6"><span class='ocrx_word' id='word_1_198' title='bbox 52 1650 179 1689; x_wconf 77' lang='lat' dir='ltr'>statim</span> <span class='ocrx_word' id='word_1_199' title='bbox 194 1650 349 1688; x_wconf 86' lang='lat' dir='ltr'>additur</span> <span class='ocrx_word' id='word_1_200' title='bbox 365 1664 540 1689; x_wconf 84' lang='lat' dir='ltr'>mannam</span> <span class='ocrx_word' id='word_1_201' title='bbox 561 1651 745 1690; x_wconf 75' lang='lat' dir='ltr'>caelestein</span> <span class='ocrx_word' id='word_1_202' title='bbox 765 1651 904 1693; x_wconf 78' lang='lat' dir='ltr'>horum</span> <span class='ocrx_word' id='word_1_203' title='bbox 924 1651 1094 1690; x_wconf 88' lang='lat' dir='ltr'>omnium</span> <span class='ocrx_word' id='word_1_204' title='bbox 1109 1652 1195 1690; x_wconf 89' lang='lat' dir='ltr'>loco</span> <span class='ocrx_word' id='word_1_205' title='bbox 1214 1651 1380 1692; x_wconf 73' lang='lat' dir='ltr'>suthram</span> <span class='ocrx_word' id='word_1_206' title='bbox 1400 1665 1410 1693; x_wconf 74' lang='grc' dir='ltr'><strong><em>ε</em></strong></span> 
     </span>
    </p>

    <p class='ocr_par' dir='ltr' id='par_1_10' title="bbox 860 1714 1186 1768">
     <span class='ocr_line' id='line_1_24' title="bbox 860 1714 1186 1768; baseline 0.003 -14"><span class='ocrx_word' id='word_1_207' title='bbox 860 1714 952 1754; x_wconf 74' lang='grc' dir='ltr'>Ἀλλ’</span> <span class='ocrx_word' id='word_1_208' title='bbox 969 1715 1044 1768; x_wconf 86' lang='grc' dir='ltr'>ἅμα</span> <span class='ocrx_word' id='word_1_209' title='bbox 1059 1715 1186 1761; x_wconf 82' lang='grc' dir='ltr'>πάντες</span> 
     </span>
    </p>

    <p class='ocr_par' dir='ltr' id='par_1_11' title="bbox 50 1779 1529 1962">
     <span class='ocr_line' id='line_1_25' title="bbox 207 1779 1176 1835; baseline 0 -16"><span class='ocrx_word' id='word_1_210' title='bbox 207 1780 352 1820; x_wconf 84' lang='grc' dir='ltr'>Μάνναν</span> <span class='ocrx_word' id='word_1_211' title='bbox 368 1780 431 1829; x_wconf 80' lang='grc' dir='ltr'>τὴν</span> <span class='ocrx_word' id='word_1_212' title='bbox 451 1779 616 1835; x_wconf 82' lang='grc' dir='ltr'>δροσερὴν</span> <span class='ocrx_word' id='word_1_213' title='bbox 635 1781 769 1824; x_wconf 77' lang='grc' dir='ltr'>λευκοῖς</span> <span class='ocrx_word' id='word_1_214' title='bbox 789 1781 846 1819; x_wconf 78' lang='grc' dir='ltr'>ὑπ’</span> <span class='ocrx_word' id='word_1_215' title='bbox 865 1781 982 1819; x_wconf 80' lang='grc' dir='ltr'>ὀδοῦσι</span> <span class='ocrx_word' id='word_1_216' title='bbox 996 1779 1176 1834; x_wconf 72' lang='grc' dir='ltr'>φάγονται.</span> 
     </span>
     <span class='ocr_line' id='line_1_26' title="bbox 52 1845 1529 1899; baseline 0 -14"><span class='ocrx_word' id='word_1_217' title='bbox 52 1847 101 1888; x_wconf 87' lang='lat' dir='ltr'>Et</span> <span class='ocrx_word' id='word_1_218' title='bbox 121 1846 174 1885; x_wconf 83' lang='lat' dir='ltr'>sic</span> <span class='ocrx_word' id='word_1_219' title='bbox 188 1855 253 1884; x_wconf 85' lang='lat' dir='ltr'>aut</span> <span class='ocrx_word' id='word_1_220' title='bbox 265 1846 439 1885; x_wconf 87' lang='lat' dir='ltr'>similiter</span> <span class='ocrx_word' id='word_1_221' title='bbox 452 1845 719 1897; x_wconf 80' lang='lat' dir='ltr'>intelligenda,</span> <span class='ocrx_word' id='word_1_222' title='bbox 742 1859 827 1897; x_wconf 91' lang='lat' dir='ltr'>quae</span> <span class='ocrx_word' id='word_1_223' title='bbox 846 1845 950 1884; x_wconf 91' lang='lat' dir='ltr'>libro</span> <span class='ocrx_word' id='word_1_224' title='bbox 969 1846 1054 1885; x_wconf 83' lang='lat' dir='ltr'>vlu</span> <span class='ocrx_word' id='word_1_225' title='bbox 1067 1874 1079 1893; x_wconf 92' lang='lat'>‚</span> <span class='ocrx_word' id='word_1_226' title='bbox 1104 1847 1180 1897; x_wconf 61' lang='grc' dir='ltr'>ξπ,</span> <span class='ocrx_word' id='word_1_227' title='bbox 1202 1845 1250 1885; x_wconf 88' lang='lat' dir='ltr'>de</span> <span class='ocrx_word' id='word_1_228' title='bbox 1264 1860 1307 1886; x_wconf 84' lang='lat' dir='ltr'>ea</span> <span class='ocrx_word' id='word_1_229' title='bbox 1327 1860 1368 1885; x_wconf 86' lang='lat' dir='ltr'>re</span> <span class='ocrx_word' id='word_1_230' title='bbox 1384 1846 1529 1899; x_wconf 76' lang='lat' dir='ltr'>scripta</span> 
     </span>
     <span class='ocr_line' id='line_1_27' title="bbox 50 1916 460 1962; baseline 0.002 -12"><span class='ocrx_word' id='word_1_231' title='bbox 50 1919 161 1961; x_wconf 76' lang='lat' dir='ltr'>sunt,</span> <span class='ocrx_word' id='word_1_232' title='bbox 184 1924 221 1949; x_wconf 89' lang='lat' dir='ltr'>v.</span> <span class='ocrx_word' id='word_1_233' title='bbox 241 1916 331 1962; x_wconf 73' lang='lat'>409,</span> <span class='ocrx_word' id='word_1_234' title='bbox 349 1924 431 1962; x_wconf 87' lang='lat' dir='ltr'>sqq.</span> <span class='ocrx_word' id='word_1_235' title='bbox 449 1924 460 1951; x_wconf 75' lang='lat' dir='ltr'><em>z</em></span> 
     </span>
    </p>

    <p class='ocr_par' dir='ltr' id='par_1_12' title="bbox 206 1973 1122 2030">
     <span class='ocr_line' id='line_1_28' title="bbox 206 1973 1122 2030; baseline -0.003 -13"><span class='ocrx_word' id='word_1_236' title='bbox 206 1977 355 2030; x_wconf 83' lang='grc' dir='ltr'>Σπεῑρον</span> <span class='ocrx_word' id='word_1_237' title='bbox 378 1975 432 2014; x_wconf 79' lang='grc' dir='ltr'>ἐπ’</span> <span class='ocrx_word' id='word_1_238' title='bbox 448 1974 587 2028; x_wconf 73' lang='grc' dir='ltr'>εὗσεὸίῃ</span> <span class='ocrx_word' id='word_1_239' title='bbox 599 2005 612 2027; x_wconf 89' lang='lat'>,</span> <span class='ocrx_word' id='word_1_240' title='bbox 630 1974 688 2013; x_wconf 80' lang='grc' dir='ltr'>ἵνα</span> <span class='ocrx_word' id='word_1_241' title='bbox 710 1990 764 2014; x_wconf 80' lang='grc' dir='ltr'>σοι</span> <span class='ocrx_word' id='word_1_242' title='bbox 783 1973 880 2027; x_wconf 77' lang='grc' dir='ltr'>κάγὼ</span> <span class='ocrx_word' id='word_1_243' title='bbox 895 1974 977 2014; x_wconf 82' lang='grc' dir='ltr'>τάδε</span> <span class='ocrx_word' id='word_1_244' title='bbox 994 1974 1096 2014; x_wconf 83' lang='grc' dir='ltr'>δώσω</span> <span class='ocrx_word' id='word_1_245' title='bbox 1110 1988 1122 1998; x_wconf 87' lang='grc'><em>·</em></span> 
     </span>
    </p>

    <p class='ocr_par' dir='ltr' id='par_1_13' title="bbox 208 2039 996 2095">
     <span class='ocr_line' id='line_1_29' title="bbox 208 2039 996 2095; baseline 0 -14"><span class='ocrx_word' id='word_1_246' title='bbox 208 2042 372 2095; x_wconf 81' lang='grc' dir='ltr'>Καρποὺς</span> <span class='ocrx_word' id='word_1_247' title='bbox 387 2041 579 2086; x_wconf 74' lang='grc' dir='ltr'>ἀθανάτους</span> <span class='ocrx_word' id='word_1_248' title='bbox 593 2041 656 2080; x_wconf 79' lang='grc' dir='ltr'>καὶ·</span> <span class='ocrx_word' id='word_1_249' title='bbox 669 2043 741 2095; x_wconf 82' lang='grc' dir='ltr'>φῶς</span> <span class='ocrx_word' id='word_1_250' title='bbox 759 2039 896 2081; x_wconf 77' lang='grc' dir='ltr'>αἰώνιον</span> <span class='ocrx_word' id='word_1_251' title='bbox 913 2041 996 2087; x_wconf 77' lang='grc' dir='ltr'>ἔξεις</span> 
     </span>
    </p>

    <p class='ocr_par' dir='ltr' id='par_1_14' title="bbox 48 2104 1527 2413">
     <span class='ocr_line' id='line_1_30' title="bbox 209 2104 1183 2159; baseline 0.003 -16"><span class='ocrx_word' id='word_1_252' title='bbox 209 2107 281 2147; x_wconf 86' lang='grc' dir='ltr'>Καὶ</span> <span class='ocrx_word' id='word_1_253' title='bbox 297 2106 386 2153; x_wconf 82' lang='grc' dir='ltr'>ζωὴν</span> <span class='ocrx_word' id='word_1_254' title='bbox 405 2107 622 2159; x_wconf 80' lang='grc' dir='ltr'>ἀμάραντον,</span> <span class='ocrx_word' id='word_1_255' title='bbox 641 2104 723 2144; x_wconf 80' lang='grc' dir='ltr'>ὅταν</span> <span class='ocrx_word' id='word_1_256' title='bbox 739 2106 822 2159; x_wconf 76' lang='grc' dir='ltr'>πυρὶ</span> <span class='ocrx_word' id='word_1_257' title='bbox 840 2105 973 2150; x_wconf 84' lang='grc' dir='ltr'>πάντας</span> <span class='ocrx_word' id='word_1_258' title='bbox 993 2105 1140 2158; x_wconf 81' lang='grc' dir='ltr'>ἐλέγχω.</span> <span class='ocrx_word' id='word_1_259' title='bbox 1175 2133 1183 2141; x_wconf 91' lang='lat'><strong>·</strong></span> 
     </span>
     <span class='ocr_line' id='line_1_31' title="bbox 50 2170 1526 2223; baseline 0.001 -14"><span class='ocrx_word' id='word_1_260' title='bbox 50 2171 138 2209; x_wconf 78' lang='lat' dir='ltr'>Haec</span> <span class='ocrx_word' id='word_1_261' title='bbox 164 2171 263 2209; x_wconf 89' lang='lat' dir='ltr'>enim</span> <span class='ocrx_word' id='word_1_262' title='bbox 283 2172 431 2219; x_wconf 88' lang='lat' dir='ltr'>omnia,</span> <span class='ocrx_word' id='word_1_263' title='bbox 455 2184 525 2209; x_wconf 86' lang='lat' dir='ltr'>nec</span> <span class='ocrx_word' id='word_1_264' title='bbox 552 2171 677 2213; x_wconf 73' lang='lat' dir='ltr'>mimis</span> <span class='ocrx_word' id='word_1_265' title='bbox 696 2170 846 2209; x_wconf 82' lang='lat' dir='ltr'>fructus</span> <span class='ocrx_word' id='word_1_266' title='bbox 872 2174 1000 2209; x_wconf 82' lang='lat' dir='ltr'>aeterni</span> <span class='ocrx_word' id='word_1_267' title='bbox 1023 2184 1138 2223; x_wconf 84' lang='lat' dir='ltr'>quam</span> <span class='ocrx_word' id='word_1_268' title='bbox 1158 2179 1301 2210; x_wconf 80' lang='lat' dir='ltr'>aeterna</span> <span class='ocrx_word' id='word_1_269' title='bbox 1328 2172 1418 2221; x_wconf 82' lang='lat' dir='ltr'>vita,</span> <span class='ocrx_word' id='word_1_270' title='bbox 1437 2181 1526 2210; x_wconf 78' lang='lat' dir='ltr'>sunt</span> 
     </span>
     <span class='ocr_line' id='line_1_32' title="bbox 48 2225 1526 2289; baseline 0.001 -17"><span class='ocrx_word' id='word_1_271' title='bbox 48 2243 155 2272; x_wconf 76' lang='lat' dir='ltr'>extra</span> <span class='ocrx_word' id='word_1_272' title='bbox 174 2243 312 2273; x_wconf 76' lang='lat' dir='ltr'>terram</span> <span class='ocrx_word' id='word_1_273' title='bbox 340 2236 378 2273; x_wconf 89' lang='lat' dir='ltr'>in</span> <span class='ocrx_word' id='word_1_274' title='bbox 403 2225 587 2274; x_wconf 79' lang='lat' dir='ltr'>Paradiso</span> <span class='ocrx_word' id='word_1_275' title='bbox 614 2235 829 2287; x_wconf 82' lang='lat' dir='ltr'>carpenda,</span> <span class='ocrx_word' id='word_1_276' title='bbox 852 2237 1015 2288; x_wconf 78' lang='lat' dir='ltr'>figurato</span> <span class='ocrx_word' id='word_1_277' title='bbox 1042 2238 1225 2289; x_wconf 84' lang='lat' dir='ltr'>pleraque</span> <span class='ocrx_word' id='word_1_278' title='bbox 1245 2250 1372 2276; x_wconf 73' lang='lat' dir='ltr'>sensu.</span> <span class='ocrx_word' id='word_1_279' title='bbox 1391 2237 1432 2276; x_wconf 88' lang='lat' dir='ltr'>Si</span> <span class='ocrx_word' id='word_1_280' title='bbox 1455 2237 1526 2275; x_wconf 90' lang='lat' dir='ltr'>du-</span> 
     </span>
     <span class='ocr_line' id='line_1_33' title="bbox 49 2299 1527 2354; baseline 0.002 -17"><span class='ocrx_word' id='word_1_281' title='bbox 49 2299 163 2348; x_wconf 82' lang='lat' dir='ltr'>bitas,</span> <span class='ocrx_word' id='word_1_282' title='bbox 188 2301 405 2340; x_wconf 83' lang='lat' dir='ltr'>memineris</span> <span class='ocrx_word' id='word_1_283' title='bbox 432 2301 535 2339; x_wconf 83' lang='lat' dir='ltr'>illam</span> <span class='ocrx_word' id='word_1_284' title='bbox 555 2301 756 2340; x_wconf 86' lang='lat' dir='ltr'>beatorum</span> <span class='ocrx_word' id='word_1_285' title='bbox 777 2301 905 2340; x_wconf 84' lang='lat' dir='ltr'>sedem</span> <span class='ocrx_word' id='word_1_286' title='bbox 928 2302 1030 2353; x_wconf 84' lang='lat' dir='ltr'>apud</span> <span class='ocrx_word' id='word_1_287' title='bbox 1058 2303 1180 2341; x_wconf 89' lang='lat' dir='ltr'>Deum</span> <span class='ocrx_word' id='word_1_288' title='bbox 1196 2302 1322 2354; x_wconf 86' lang='lat' dir='ltr'>ipsum</span> <span class='ocrx_word' id='word_1_289' title='bbox 1345 2302 1527 2341; x_wconf 83' lang='lat' dir='ltr'>collocari</span> 
     </span>
     <span class='ocr_line' id='line_1_34' title="bbox 50 2365 460 2413; baseline 0.002 -11"><span class='ocrx_word' id='word_1_290' title='bbox 50 2365 148 2404; x_wconf 81' lang='lat' dir='ltr'>libro</span> <span class='ocrx_word' id='word_1_291' title='bbox 167 2366 276 2413; x_wconf 88' lang='lat' dir='ltr'>Vlll,</span> <span class='ocrx_word' id='word_1_292' title='bbox 293 2378 330 2403; x_wconf 88' lang='lat' dir='ltr'>v.</span> <span class='ocrx_word' id='word_1_293' title='bbox 352 2365 427 2411; x_wconf 70' lang='lat'>423</span> <span class='ocrx_word' id='word_1_294' title='bbox 452 2379 460 2403; x_wconf 73' lang='grc' dir='ltr'>ε</span> 
     </span>
    </p>

    <p class='ocr_par' dir='ltr' id='par_1_15' title="bbox 47 2428 1152 2534">
     <span class='ocr_line' id='line_1_35' title="bbox 208 2428 1152 2485; baseline 0 -16"><span class='ocrx_word' id='word_1_295' title='bbox 208 2429 276 2469; x_wconf 83' lang='grc' dir='ltr'>Καὶ</span> <span class='ocrx_word' id='word_1_296' title='bbox 297 2430 434 2480; x_wconf 79' lang='grc' dir='ltr'>δόκιμοι</span> <span class='ocrx_word' id='word_1_297' title='bbox 452 2430 536 2481; x_wconf 83' lang='grc' dir='ltr'>παρ’</span> <span class='ocrx_word' id='word_1_298' title='bbox 553 2429 630 2481; x_wconf 77' lang='grc' dir='ltr'>ἐμοὶ</span> <span class='ocrx_word' id='word_1_299' title='bbox 646 2428 724 2469; x_wconf 81' lang='grc' dir='ltr'>τότε</span> <span class='ocrx_word' id='word_1_300' title='bbox 739 2430 962 2485; x_wconf 76' lang='grc' dir='ltr'>χωρήσουσιν</span> <span class='ocrx_word' id='word_1_301' title='bbox 980 2431 1152 2482; x_wconf 65' lang='lat' dir='ltr'>&amp;nav-tec,</span> 
     </span>
     <span class='ocr_line' id='line_1_36' title="bbox 47 2493 979 2534; baseline 0.002 -2"><span class='ocrx_word' id='word_1_302' title='bbox 47 2503 86 2532; x_wconf 87' lang='lat' dir='ltr'>et</span> <span class='ocrx_word' id='word_1_303' title='bbox 98 2503 222 2532; x_wconf 83' lang='lat' dir='ltr'>cetera</span> <span class='ocrx_word' id='word_1_304' title='bbox 244 2493 383 2533; x_wconf 84' lang='lat' dir='ltr'>ibidem</span> <span class='ocrx_word' id='word_1_305' title='bbox 404 2494 488 2532; x_wconf 88' lang='lat' dir='ltr'>vide</span> <span class='ocrx_word' id='word_1_306' title='bbox 505 2508 581 2533; x_wconf 86' lang='lat' dir='ltr'>non</span> <span class='ocrx_word' id='word_1_307' title='bbox 604 2495 731 2534; x_wconf 88' lang='lat' dir='ltr'>minus</span> <span class='ocrx_word' id='word_1_308' title='bbox 750 2495 979 2534; x_wconf 83' lang='lat' dir='ltr'>orthodoxa.</span> 
     </span>
    </p>

    <p class='ocr_par' dir='ltr' id='par_1_16' title="bbox 35 2558 1529 2938">
     <span class='ocr_line' id='line_1_37' title="bbox 102 2558 1529 2613; baseline 0.001 -15"><span class='ocrx_word' id='word_1_309' title='bbox 102 2559 249 2598; x_wconf 81' lang='lat' dir='ltr'>Pariter</span> <span class='ocrx_word' id='word_1_310' title='bbox 265 2558 431 2606; x_wconf 70' lang='lat' dir='ltr'>libi-011,</span> <span class='ocrx_word' id='word_1_311' title='bbox 453 2568 527 2598; x_wconf 82' lang='lat' dir='ltr'>tam</span> <span class='ocrx_word' id='word_1_312' title='bbox 545 2560 583 2597; x_wconf 88' lang='lat' dir='ltr'>in</span> <span class='ocrx_word' id='word_1_313' title='bbox 602 2560 796 2612; x_wconf 78' lang='lat' dir='ltr'>plerisque</span> <span class='ocrx_word' id='word_1_314' title='bbox 816 2561 1057 2610; x_wconf 83' lang='lat' dir='ltr'>orthodoxo,</span> <span class='ocrx_word' id='word_1_315' title='bbox 1077 2574 1196 2612; x_wconf 91' lang='lat' dir='ltr'>quum</span> <span class='ocrx_word' id='word_1_316' title='bbox 1212 2560 1363 2613; x_wconf 79' lang='lat' dir='ltr'>legitur,</span> <span class='ocrx_word' id='word_1_317' title='bbox 1381 2574 1416 2599; x_wconf 85' lang='lat' dir='ltr'>v.</span> <span class='ocrx_word' id='word_1_318' title='bbox 1435 2563 1529 2612; x_wconf 76' lang='lat'>319,</span> 
     </span>
     <span class='ocr_line' id='line_1_38' title="bbox 45 2623 1523 2676; baseline 0 -13"><span class='ocrx_word' id='word_1_319' title='bbox 45 2637 146 2676; x_wconf 84' lang='lat' dir='ltr'>sqq.,</span> <span class='ocrx_word' id='word_1_320' title='bbox 165 2632 240 2662; x_wconf 84' lang='lat' dir='ltr'>tres</span> <span class='ocrx_word' id='word_1_321' title='bbox 261 2623 384 2662; x_wconf 83' lang='lat' dir='ltr'>sontes</span> <span class='ocrx_word' id='word_1_322' title='bbox 404 2623 444 2661; x_wconf 84' lang='lat' dir='ltr'>in</span> <span class='ocrx_word' id='word_1_323' title='bbox 466 2625 528 2662; x_wconf 81' lang='lat' dir='ltr'>illa</span> <span class='ocrx_word' id='word_1_324' title='bbox 545 2624 738 2675; x_wconf 79' lang='lat' dir='ltr'>justorum</span> <span class='ocrx_word' id='word_1_325' title='bbox 758 2625 848 2664; x_wconf 83' lang='lat' dir='ltr'>sede</span> <span class='ocrx_word' id='word_1_326' title='bbox 869 2635 1112 2673; x_wconf 76' lang='lat' dir='ltr'>immaturos,</span> <span class='ocrx_word' id='word_1_327' title='bbox 1136 2626 1250 2674; x_wconf 87' lang='lat' dir='ltr'>vino,</span> <span class='ocrx_word' id='word_1_328' title='bbox 1273 2626 1398 2676; x_wconf 87' lang='lat' dir='ltr'>melle,</span> <span class='ocrx_word' id='word_1_329' title='bbox 1412 2626 1523 2676; x_wconf 82' lang='lat' dir='ltr'>laete,</span> 
     </span>
     <span class='ocr_line' id='line_1_39' title="bbox 44 2689 1525 2742; baseline -0.001 -14"><span class='ocrx_word' id='word_1_330' title='bbox 44 2698 84 2728; x_wconf 85' lang='lat' dir='ltr'>et</span> <span class='ocrx_word' id='word_1_331' title='bbox 115 2697 256 2728; x_wconf 78' lang='lat' dir='ltr'>terram</span> <span class='ocrx_word' id='word_1_332' title='bbox 285 2689 410 2726; x_wconf 89' lang='lat' dir='ltr'>nullos</span> <span class='ocrx_word' id='word_1_333' title='bbox 440 2701 620 2739; x_wconf 75' lang='lat' dir='ltr'>agrorum</span> <span class='ocrx_word' id='word_1_334' title='bbox 655 2690 747 2728; x_wconf 82' lang='lat' dir='ltr'>lines</span> <span class='ocrx_word' id='word_1_335' title='bbox 776 2690 994 2728; x_wconf 84' lang='lat' dir='ltr'>habituram</span> <span class='ocrx_word' id='word_1_336' title='bbox 1023 2690 1120 2742; x_wconf 81' lang='lat' dir='ltr'>(quae</span> <span class='ocrx_word' id='word_1_337' title='bbox 1149 2691 1239 2729; x_wconf 81' lang='lat' dir='ltr'>satis</span> <span class='ocrx_word' id='word_1_338' title='bbox 1267 2689 1525 2742; x_wconf 77' lang='lat' dir='ltr'>incogitanter</span> 
     </span>
     <span class='ocr_line' id='line_1_40' title="bbox 39 2751 1523 2808; baseline -0.001 -14"><span class='ocrx_word' id='word_1_339' title='bbox 39 2753 119 2794; x_wconf 80' lang='lat' dir='ltr'>huc</span> <span class='ocrx_word' id='word_1_340' title='bbox 138 2753 304 2792; x_wconf 80' lang='lat' dir='ltr'>adducta</span> <span class='ocrx_word' id='word_1_341' title='bbox 327 2760 415 2791; x_wconf 87' lang='lat' dir='ltr'>sunt</span> <span class='ocrx_word' id='word_1_342' title='bbox 436 2766 456 2790; x_wconf 91' lang='lat' dir='ltr'>e</span> <span class='ocrx_word' id='word_1_343' title='bbox 471 2751 583 2790; x_wconf 73' lang='lat' dir='ltr'>‘libro</span> <span class='ocrx_word' id='word_1_344' title='bbox 602 2754 708 2801; x_wconf 83' lang='lat' dir='ltr'>vl11,</span> <span class='ocrx_word' id='word_1_345' title='bbox 732 2767 771 2795; x_wconf 81' lang='lat' dir='ltr'>v.</span> <span class='ocrx_word' id='word_1_346' title='bbox 795 2767 886 2805; x_wconf 79' lang='lat'>209,</span> <span class='ocrx_word' id='word_1_347' title='bbox 907 2753 1021 2808; x_wconf 77' lang='lat' dir='ltr'>sqq),</span> <span class='ocrx_word' id='word_1_348' title='bbox 1041 2756 1200 2807; x_wconf 77' lang='lat' dir='ltr'>figurate</span> <span class='ocrx_word' id='word_1_349' title='bbox 1222 2755 1302 2793; x_wconf 81' lang='lat' dir='ltr'>baec</span> <span class='ocrx_word' id='word_1_350' title='bbox 1321 2755 1523 2793; x_wconf 82' lang='lat' dir='ltr'>suntacci-</span> 
     </span>
     <span class='ocr_line' id='line_1_41' title="bbox 43 2817 1523 2870; baseline 0.001 -14"><span class='ocrx_word' id='word_1_351' title='bbox 43 2817 181 2869; x_wconf 74' lang='lat' dir='ltr'>piendu</span> <span class='ocrx_word' id='word_1_352' title='bbox 200 2818 248 2856; x_wconf 87' lang='lat' dir='ltr'>de</span> <span class='ocrx_word' id='word_1_353' title='bbox 267 2831 412 2855; x_wconf 79' lang='lat' dir='ltr'>summa</span> <span class='ocrx_word' id='word_1_354' title='bbox 435 2818 612 2855; x_wconf 70' lang='lat' dir='ltr'>felicitati¹</span> <span class='ocrx_word' id='word_1_355' title='bbox 642 2827 679 2855; x_wconf 66' lang='lat' dir='ltr'>ot</span> <span class='ocrx_word' id='word_1_356' title='bbox 711 2818 884 2857; x_wconf 77' lang='lat' dir='ltr'>libertate</span> <span class='ocrx_word' id='word_1_357' title='bbox 897 2819 1091 2870; x_wconf 83' lang='lat' dir='ltr'>justorum</span> <span class='ocrx_word' id='word_1_358' title='bbox 1117 2821 1155 2858; x_wconf 86' lang='lat' dir='ltr'>in</span> <span class='ocrx_word' id='word_1_359' title='bbox 1179 2829 1319 2860; x_wconf 79' lang='lat' dir='ltr'>aeterna</span> <span class='ocrx_word' id='word_1_360' title='bbox 1346 2835 1412 2859; x_wconf 67' lang='lat' dir='ltr'>sua</span> <span class='ocrx_word' id='word_1_361' title='bbox 1433 2820 1523 2858; x_wconf 76' lang='lat' dir='ltr'>sede</span> 
     </span>
     <span class='ocr_line' id='line_1_42' title="bbox 35 2883 1520 2938; baseline 0 -16"><span class='ocrx_word' id='word_1_362' title='bbox 35 2883 346 2923; x_wconf 65' lang='lat' dir='ltr'>·i·0nstitut01·u=n.</span> <span class='ocrx_word' id='word_1_363' title='bbox 368 2883 481 2922; x_wconf 78' lang='lat' dir='ltr'>Prius</span> <span class='ocrx_word' id='word_1_364' title='bbox 509 2883 608 2922; x_wconf 80' lang='lat' dir='ltr'>euim</span> <span class='ocrx_word' id='word_1_365' title='bbox 637 2883 751 2922; x_wconf 81' lang='lat' dir='ltr'>iidem</span> <span class='ocrx_word' id='word_1_366' title='bbox 784 2884 879 2926; x_wconf 80' lang='lat' dir='ltr'>dicti</span> <span class='ocrx_word' id='word_1_367' title='bbox 903 2886 1052 2926; x_wconf 72' lang='lat' dir='ltr'>sut-rant</span> <span class='ocrx_word' id='word_1_368' title='bbox 1074 2887 1300 2938; x_wconf 75' lang='lat' dir='ltr'>Angelorum</span> <span class='ocrx_word' id='word_1_369' title='bbox 1322 2886 1520 2928; x_wconf 59' lang='lat' dir='ltr'>transferri</span> 
     </span>
    </p>
   </div>
  </div>
 </body>
</html>
