1752 3495
637 198 941 244 EXCURSUS
972 200 1047 245 lv.
1428 240 1436 252 .
1504 201 1611 251 279.

141 300 289 354 quibus,
304 295 430 340 libris;
443 294 482 332 in
503 294 684 332 cumanis
700 303 826 332 autem
846 295 1009 347 putavit,
1025 295 1114 346 quia
1129 296 1258 344 Romae
1267 296 1454 348 Sibyllina
1470 298 1595 337 omnia

142 368 310 406 Cumanae
339 358 493 409 Sibynae
518 357 633 408 vulgo
652 357 959 398 ascribebantur.
981 360 1057 399 Nec
1076 371 1145 397 nos
1164 359 1201 397 id
1222 360 1269 398 de
1292 368 1423 400 nostro
1441 362 1600 414 conjici-

147 440 231 474 mus,
246 424 394 463 favente
411 421 500 460 huic
524 422 828 473 interpretationi
849 423 982 462 Servio
1003 422 1050 461 ad
1069 423 1163 471 lul„
1186 422 1252 461 ubi
1270 431 1386 462 totam
1403 425 1450 463 de
1470 426 1541 465 hac
1557 440 1598 466 re

140 490 304 542 Sibyllae,
325 500 438 538 quam
459 487 665 525 Cumanam
684 496 818 534 vocat,
841 488 1055 526 doctrinam
1081 488 1240 538 exponit
1261 487 1404 537 (confer
1428 491 1597 529 nostrum

149 558 228 597 Exc.
247 554 293 600 11,
313 566 351 603 p.
378 564 462 599 107,
480 551 572 602 sq.);
594 551 742 590 favente
762 565 856 590 vero
876 553 1085 604 praesertim
1105 552 1279 603 sequenti
1302 565 1412 591 versu
1432 567 1440 590 ε

289 619 446 668 Magnus
463 615 511 654 ab
532 616 683 667 integro
704 618 903 655 saecloruin
928 618 1096 655 nascitur
1117 617 1229 656 ordo.

146 687 204 726 llla
227 695 341 735 porro
368 681 415 719 de
439 681 526 718 seris
555 695 598 719 ac
627 681 867 734 serpentibus
893 681 1080 729 innoxiis,
1101 695 1186 733 quae
1208 681 1598 735 nonnullidesumpta

144 757 264 803 putant
279 747 333 785 vel
349 759 396 785 ex
411 746 505 784 lsaia
526 746 740 798 propheta,
761 748 817 785 vel
839 761 859 785 e
878 746 1078 797 Sibyllinis
1097 746 1258 794 nostris,
1280 746 1345 784 lib.
1361 747 1412 786 ΠΙ
1427 775 1437 794 ,
1454 761 1488 786 v.
1505 749 1596 796 787,

143 828 233 866 sqq„
263 825 305 850 ex
336 824 461 848 aureae
493 811 614 849 aetatis
649 813 839 849 communi
878 813 973 850 sauna
999 812 1269 859 defluxerunt,
1299 812 1397 850 sicut
1426 811 1473 850 ad
1500 812 1598 851 lianc

143 880 294 930 eclogam
312 875 529 914 observavit
544 876 805 927 sagacissimus
821 876 966 927 Virgilii
979 884 1258 914 commentator
1271 876 1451 928 lleynius.
1469 876 1597 928 ltaque

143 957 205 982 nee
235 949 335 979 tanto
363 938 494 977 labore
520 952 541 976 e
568 939 696 976 latinis
718 939 889 976 versibus
929 939 1083 990 optimis
1112 939 1149 976 in
1179 952 1322 990 graecos
1353 941 1443 978 satis
1474 939 1597 979 bonos

141 1005 383 1047 convertenda
401 1004 473 1041 suit
492 1004 621 1054 ecloga
642 1004 731 1049 ista,
755 1018 824 1041 nec
850 1012 957 1041 tanto
993 1004 1261 1055 allegoriarum
1293 1005 1383 1043 luxu
1409 1005 1597 1056 interpre-

145 1072 256 1118 tanda,
275 1077 414 1120 quanto
435 1068 705 1106 Constantinus
727 1069 765 1105 in
788 1068 851 1106 illa
873 1082 938 1106 sua
965 1068 1012 1105 ad
1038 1069 1198 1107 Sanctus
1219 1069 1393 1106 oratione
1413 1082 1503 1106 usus
1522 1078 1593 1110 est.

145 1141 253 1186 Atque
277 1143 315 1171 ut
345 1146 474 1170 verum
494 1132 686 1180 dicamus,
715 1133 835 1184 pudet
861 1141 934 1170 tam
969 1133 1113 1171 levibus
1142 1133 1375 1183 argumentis
1400 1119 1620 1278 defensam?

145 1199 245 1237 fuisse
269 1204 516 1235 sacrosanctae
540 1196 733 1247 religionis
761 1210 912 1234 causam
935 1197 972 1234 in
991 1197 1056 1234 illo
1085 1196 1393 1247 gravissimorum
1426 1196 1592 1234 virorum

142 1275 308 1300 consensu
326 1274 334 1297 τ
352 1260 546 1312 pudetque
562 1274 607 1298 eo
622 1261 752 1312 magis,
768 1260 870 1311 quod
891 1261 1054 1298 fateatur
1069 1261 1149 1312 ipsc
1167 1260 1440 1299 Constantinus
1459 1269 1594 1299 nutare
1606 1283 1617 1311 t

137 1328 205 1380 jam
227 1325 495 1376 Sibyllinorum
524 1326 734 1363 carminum
753 1326 1017 1363 auctoritatem
1039 1338 1113 1362 non
1133 1324 1234 1376 apud
1254 1324 1427 1363 eruditos
1448 1333 1593 1363 tantum

143 1401 198 1431 aut
213 1390 441 1438 incredulos,
461 1389 526 1428 scd
548 1389 649 1441 apud
669 1390 872 1442 plerosque
889 1405 896 1428 :
914 1389 1006 1429 Ἂλλ·
1022 1391 1056 1428 ὀἱ
1076 1389 1198 1427 πολλοὶ
1216 1391 1285 1426 τῶν
1304 1389 1494 1443 ἀνθρώπων
1514 1392 1596 1428 diri·

142 1460 257 1496 στοῦσι.
281 1457 495 1494 Tantumne
516 1459 637 1493 virum
658 1456 848 1506 talemque
866 1456 1100 1506 principem,
1115 1455 1269 1506 publice
1286 1469 1328 1493 ac
1346 1469 1417 1507 pro
1433 1455 1598 1507 imperio

142 1521 438 1568 concionantem,
459 1520 504 1557 iis
526 1520 752 1558 testimoniis
771 1519 900 1564 abuti,
920 1532 1005 1570 quae
1025 1520 1109 1570 ipso
1130 1519 1273 1557 fatente
1307 1520 1499 1571 plerisque
1529 1534 1595 1558 su-

142 1594 253 1635 specta
275 1587 401 1622 erant!
424 1585 500 1623 Nos
519 1582 673 1635 quidem
695 1598 742 1622 eo
769 1585 950 1634 loquente
970 1583 1100 1621 videre
1119 1583 1229 1621 nobis
1249 1583 1425 1622 videmur
1442 1593 1595 1624 sanctos

141 1653 356 1703 doctosque,
378 1652 443 1703 qui
474 1652 581 1689 multi
606 1652 788 1704 aderant,
818 1652 1046 1703 episcopos,
1069 1652 1221 1690 Graecos
1243 1652 1588 1703 praesc1·ti1n,jam·

141 1718 267 1756 dudum
286 1718 354 1755 ista
373 1718 540 1755 carmina
561 1717 670 1769 parvi
700 1717 826 1755 facere
855 1725 1047 1766 assuetos,
1083 1716 1247 1754 invicem
1276 1729 1316 1754 se
1338 1725 1592 1767 respectantes

140 1796 213 1820 cnm
227 1792 375 1834 stupore
393 1774 558 1834 quodam
579 1790 617 1820 et
633 1783 792 1833 pudore.

185 1846 376 1898 Scripsisse
395 1846 549 1897 quidem
580 1846 681 1892 liaec,
707 1845 892 1897 principis
904 1845 1038 1896 jussu,
1065 1845 1240 1882 nonnulli
1262 1853 1489 1896 putaverunt
1514 1845 1593 1884 Eu·
1631 1843 1635 1848 ’

140 1908 284 1958 sebium,
313 1909 417 1961 cujus
442 1910 542 1948 inter
559 1924 690 1963 opera.
708 1911 811 1949 velut
827 1911 911 1962 ipso
931 1910 1079 1956 edente,
1099 1909 1241 1961 prodiit
1257 1909 1338 1947 haec
1354 1912 1489 1949 oratio.
1512 1911 1588 1950 Nos

142 1988 206 2012 non
232 1976 438 2026 credimus,
472 1977 576 2026 quod
607 1990 677 2015 nec
709 1977 824 2014 latine
863 1985 935 2014 tam
971 1976 1116 2027 peritus
1155 1976 1217 2014 ille
1253 1989 1324 2013 nec
1359 1976 1442 2013 talis
1474 1985 1587 2027 poeta

141 2039 239 2077 fuisse
253 2040 436 2088 videatur,
458 2041 524 2092 qui
538 2041 597 2079 vel
617 2040 855 2080 Constantini
874 2053 1007 2078 sensus
1028 2040 1085 2077 vel
1105 2040 1251 2091 Virgilii
1268 2040 1438 2092 eclogam
1454 2040 1588 2078 Graeco

139 2116 295 2143 sermone
321 2105 373 2142 sic
392 2105 554 2143 reddere
575 2105 755 2156 potuerit.
774 2105 886 2153 Quod
907 2106 936 2143 si
951 2105 1079 2156 jussus
1103 2105 1183 2142 haec
1211 2104 1363 2156 scripsit
1384 2104 1588 2157 Eusebius,

140 2176 226 2205 certe
251 2182 323 2206 non
357 2170 481 2220 magni
501 2169 590 2207 fecit
610 2183 697 2221 quae
716 2171 937 2222 scripserat,
962 2183 1087 2221 neque
1106 2169 1339 2220 Sibyllarum
1361 2169 1589 2208 auctoritate

139 2232 235 2269 valde
258 2242 465 2271 commotus
486 2233 574 2284 suit,
595 2234 662 2284 qui
685 2247 802 2284 quum
829 2234 867 2271 in
887 2234 1174 2285 Praeparatione
1194 2243 1230 2270 et
1250 2233 1588 2271 Demonstratione

135 2308 227 2333 evan
222 2299 348 2347 gelica,
374 2300 590 2337 testimonia
622 2299 750 2337 omnia
782 2299 1032 2350 profanorum
1059 2299 1291 2350 scriptorum
1322 2298 1370 2335 ad
1408 2298 1585 2336 tuendam
1611 2297 1618 2343 l

137 2372 255 2398 novam
276 2362 382 2401 fidem
412 2364 630 2412 ascisceret,
661 2378 680 2401 a
699 2363 845 2414 Sibylla
870 2364 966 2401 nihil
995 2364 1156 2415 accepit,
1187 2371 1326 2414 praeter
1352 2362 1445 2400 illud
1471 2376 1587 2414 supra
1613 2360 1620 2400 l

137 2424 263 2463 dictum
289 2427 333 2465 de
362 2429 573 2479 Babylonia
589 2417 754 2479 Sibylla,
773 2430 903 2480 quod
895 2442 1018 2480 ipsum
1035 2429 1196 2480 ,losephi
1217 2428 1407 2473 historici,
1429 2442 1505 2466 non
1527 2428 1586 2467 Si-

138 2487 371 2537 byllaeverbis
390 2493 538 2545 ·ittulit3
559 2494 777 2532 conscrnos
796 2508 928 2545 supra,
948 2507 986 2544 p.
1011 2494 1098 2540 256,
1116 2501 1154 2530 et
1173 2493 1221 2531 ad
1242 2493 1308 2531 lib.
1331 2493 1398 2540 111,
1415 2507 1453 2533 v.
1468 2507 1531 2543 97.
1617 2414 1625 2541 i

180 2552 276 2590 Idem
291 2556 545 2594 testimonium
565 2558 730 2608 Cyrillus
747 2567 875 2609 postea
892 2559 1048 2597 Juliano
1062 2558 1266 2609 opposuit,
1283 2558 1347 2596 sed
1367 2571 1414 2595 ex
1430 2556 1583 2596 Eusebii

136 2614 220 2666 fide,
244 2631 315 2656 non
339 2634 383 2657 ex
402 2621 491 2671 ipsis
511 2621 707 2673 Sibyllinis
738 2623 982 2674 desumptum
1002 2639 1011 2662 ι
1034 2623 1130 2661 sicut
1153 2622 1200 2660 ab
1220 2622 1304 2660 aliis
1322 2636 1477 2673 quoque
1497 2636 1584 2674 pro-

135 2678 238 2718 latum
261 2691 327 2731 est,
346 2694 381 2722 et
401 2686 515 2724 latine
538 2700 558 2724 n
585 2687 677 2726 divo
707 2688 960 2739 Hieronymo,
981 2689 1028 2728 de
1050 2689 1140 2727 locis
1165 2687 1378 2738 Hebraicis,
1408 2701 1485 2726 non
1510 2687 1583 2725 alia

132 2756 236 2792 quam
255 2746 404 2786 Eusebii
427 2756 669 2791 auctoritate.

178 2808 328 2849 Basilius
353 2826 464 2864 vero,
487 2817 805 2867 Chrysostomus,
830 2818 1086 2869 Epiphanius,
1119 2817 1244 2869 quarti
1269 2817 1436 2868 denique
1454 2816 1578 2854 saeculi

134 2869 248 2910 Patres
272 2876 440 2928 plerique
467 2880 515 2917 ‹le
535 2881 691 2931 Sibyllis
710 2894 752 2920 ac
775 2881 968 2932 Sibyllinis
991 2895 1146 2933 prorsus
1166 2883 1420 2927 reticuerunt3
1444 2889 1481 2918 et
1508 2881 1580 2918 hoc

1655 1417 1686 1431 θ
