1752 3495
595 238 895 285 Excnasus
931 239 963 283 ι.
1041 267 1044 270 .
1294 217 1301 228 “
1466 240 1522 282 37

17 336 21 341 ’
39 386 41 388 ,
66 344 224 394 Sibylla,
238 344 398 380 satorum
414 349 503 376 vera
517 335 780 387 praedictione,
798 336 876 374 dux
897 334 1063 393 victoriae
1081 347 1161 372 esse
1178 336 1406 391 potuitnnon
1423 348 1527 385 cyni-

71 408 159 446 bula
187 407 314 458 aliqua
332 403 391 441 vel
417 399 578 451 scapha,
605 414 690 451 quae
709 414 780 438 nec
808 398 1000 451 praedicta¹
1021 398 1144 436 suerat
1172 411 1293 450 neque
1317 399 1394 437 ullo
1415 399 1528 437 modo

71 470 277 522 quidquam
307 465 512 519 praedicere
541 463 706 504 valebat.
727 465 819 511 Quae
843 462 911 500 etsi
941 462 1106 513 fingatur
1126 469 1214 499 ante
1238 462 1369 501 navale
1393 475 1525 514 agmen

71 534 207 572 ominis
226 544 335 571 causa
362 527 543 580 propulsa
562 539 584 564 a
603 526 875 566 Prienensibus
894 525 1028 571 fuisse,
1046 524 1110 562 vix
1131 532 1254 562 tamen
1285 526 1364 562 sine
1384 539 1525 564 summa

73 597 250 649 loquendi
271 593 478 636 temeritate
503 609 518 624 «ι
548 591 625 629 dux
649 591 818 630 victoriae
837 608 851 624 υ
878 589 954 628 dici
976 589 1115 641 potuit.
1132 588 1277 639 Sibylla
1298 589 1436 640 potius,
1459 603 1528 642 pei·

71 669 332 713 contemptum
363 656 496 704 missa,
527 669 598 708 per
623 657 842 708 religionem
877 662 1058 706 accepta,
1088 653 1188 691 idem
1213 653 1386 692 beneficii
1417 654 1525 694 Prie-

71 725 249 765 nensibus·
265 720 432 760 attulerit
452 719 556 770 quod
577 720 648 758 sub
671 720 801 758 eadem
823 720 900 757 fere
921 727 1090 769 tempora
1108 718 1163 756 vel
1185 718 1286 756 haud
1305 719 1425 756 multo
1443 729 1529 757 ante

70 792 239 840 Tyrtaeus
258 783 574 829 Lacedaemoniis,
593 797 614 821 e
631 783 796 822 ludibrio
820 783 992 821 salutem.
1010 782 1127 820 Erant
1143 795 1235 820 vero
1257 791 1335 820 tum
1354 783 1529 822 florentes

71 852 269 892 admodum
291 862 350 887 res
373 849 600 895 Samiorum,
620 850 683 899 qui
706 849 743 886 in
768 849 833 886 illo
855 848 939 898 ipso
959 846 1060 884 bello
1086 847 1329 893 Messeniaco,
1348 847 1408 885 cni
1428 849 1528 898 Tyr-

73 927 162 956 taeus
183 914 366 958 interfuit,
389 912 685 951 Lacedaemoniis
707 912 847 950 auxilia
865 913 1062 949 miserunt.
1084 915 1139 950 Ac
1160 919 1238 948 tum
1256 911 1431 962 profecto
1454 926 1529 950 non

72 982 142 1032 ipsi
165 981 307 1023 solum,
335 976 401 1015 sed
422 985 460 1023 et
481 977 704 1016 Prienenses
729 985 766 1014 et
797 975 910 1013 Cares
932 975 1106 1013 libertate
1135 974 1380 1022 fruebantur,
1401 976 1456 1013 uti
1483 989 1528 1013 ex

70 1047 150 1096 ipsa
178 1041 392 1082 narratione
414 1049 592 1091 apparet;
618 1055 710 1091 ergo
738 1041 778 1078 id
798 1041 936 1078 sactum
962 1048 1050 1077 ante
1073 1041 1273 1078 Persarum
1301 1039 1529 1078 dominatio-

71 1123 173 1154 nem3
194 1120 283 1158 ergo
299 1106 358 1143 vel
376 1105 537 1156 septimo
561 1105 699 1143 saeculo
718 1105 777 1142 vel
797 1104 845 1141 ad
865 1117 1053 1141 summum
1073 1111 1179 1142 sexto
1200 1102 1426 1155 incipiente;
1447 1117 1530 1155 quae

70 1173 195 1210 omnia
217 1171 264 1208 de
279 1169 415 1208 Samiae
437 1168 589 1220 Sibyllae
613 1177 722 1207 aetate
740 1168 971 1217 conjecturis
993 1167 1132 1205 nostris
1157 1176 1338 1218 quantum
1358 1168 1529 1212 faveant,

71 1249 181 1276 nemo
207 1249 282 1272 non
303 1233 425 1273 videt.

126 1303 178 1340 Ex
201 1300 258 1337 his
275 1299 387 1337 etiam
418 1306 522 1349 patet
546 1311 622 1337 non
644 1311 772 1349 posse,
795 1297 899 1349 quod
919 1297 1075 1349 quidam
1103 1297 1198 1334 male
1223 1297 1402 1348 suspicati
1425 1305 1526 1345 sunt,

68 1366 200 1404 Samiae
219 1364 374 1416 Sibyllae
398 1363 514 1401 tribui
532 1364 634 1401 hunc
651 1377 802 1401 versum
827 1377 835 1401 ε

306 1433 368 1479 Ἐξ
385 1432 495 1477 Ἰάδος
510 1432 628 1487 χώρης
646 1433 719 1480 ἥξει
740 1430 872 1488 [σοφὸς]
893 1432 1119 1485 Ἰταλίδῃσιν,

68 1518 180 1556 quem
201 1517 350 1543 versum
381 1512 511 1554 aperte
529 1503 577 1541 de
605 1503 823 1556 Pythagora
842 1503 971 1541 Samio
1002 1502 1188 1553 scriptum
1207 1532 1218 1551 ,
1239 1502 1334 1540 mira
1363 1503 1527 1553 quadam

69 1568 314 1620 impudentia,
332 1577 508 1618 tanquam
522 1569 774 1618 pertinentem
795 1567 1036 1618 prophetiam
1056 1567 1102 1604 nd
1118 1566 1396 1606 Hermodorum
1410 1568 1534 1618 Ephe-

68 1633 163 1671 sium
184 1631 469 1684 philosophum,
490 1632 580 1669 citat
601 1641 639 1670 et
665 1640 941 1670 commentatur
959 1630 1174 1669 adulatorie
1194 1631 1531 1683 pseudo-Heracli-

70 1706 140 1745 tus,
160 1697 273 1748 epist.
291 1697 360 1735 ult.
382 1696 673 1747 (conseripsum
695 1697 821 1734 locum
838 1704 876 1734 et
894 1709 979 1746 quae
999 1695 1047 1734 de
1065 1709 1111 1734 eo
1133 1695 1372 1734 notabuntur
1390 1696 1428 1734 in
1447 1710 1536 1749 app.

70 1761 115 1800 ad
140 1763 232 1802 Exc.
257 1761 319 1812 11).
348 1761 530 1811 Sibyllam
554 1762 699 1813 quippe
717 1761 883 1800 Samiam
908 1760 1128 1812 Pythagora
1152 1761 1264 1813 longe
1281 1761 1531 1812 antiquiorem

71 1826 196 1874 fuisse,
215 1838 336 1875 neque
351 1824 398 1862 de
414 1825 477 1862 illo
491 1826 699 1876 quidquam
717 1825 886 1877 cogitare
903 1826 1085 1876 potuisse,
1104 1825 1351 1863 certissimum
1367 1834 1437 1866 est.
1459 1827 1535 1865 Ner.

70 1898 191 1927 tamen
215 1891 422 1939 quaerendo
446 1889 659 1928 invenimus
678 1903 791 1940 quam
816 1889 863 1927 ad
885 1889 996 1927 aliam
1027 1889 1210 1940 Sibyllam
1231 1890 1439 1928 referamus
1462 1890 1535 1928 hoc

72 1953 279 1993 oraculum.
312 1956 368 1991 An
388 1966 503 2001 vero,
535 1962 577 1991 ut
611 1962 726 1991 totam
747 1954 795 1991 ad
824 1953 1103 1992 Hermodorum
1123 1954 1335 2005 epistolam,
1356 1956 1407 1992 ita
1434 1954 1536 1993 hunc

73 2030 222 2067 quoque
239 2030 389 2054 versum
401 2018 604 2055 confictum
618 2018 852 2069 putabimus,
865 2019 943 2056 sive
959 2017 1006 2055 ab
1022 2019 1106 2069 ipso
1120 2017 1440 2069 epistologmpho,
1457 2018 1536 2056 sive

75 2095 95 2119 a
116 2083 243 2133 priore
266 2082 395 2132 aliquo
420 2082 598 2120 falsario?

129 2146 174 2183 Et
197 2145 376 2196 quoniam
407 2145 453 2183 de
477 2145 652 2185 Asiaticis
670 2144 831 2196 ,Sibyllis
854 2158 1064 2184 sermonem
1087 2145 1336 2194 instituimus,
1357 2146 1540 2185 miramur

78 2223 186 2247 unam
201 2223 221 2248 a
240 2210 426 2249 Pausania
446 2210 623 2247 omissam
646 2223 738 2255 esse,
759 2224 874 2262 quam
895 2210 1063 2249 AElianus
1075 2223 1160 2248 cum
1176 2211 1299 2249 Samia
1319 2211 1419 2249 inter
1440 2225 1538 2263 qua-

78 2283 164 2312 tuor
195 2274 407 2312 notissimas
435 2274 647 2323 recensuit,
669 2275 740 2313 loc.
762 2288 876 2325 supra
907 2274 998 2325 cit.;
1032 2273 1200 2313 Philetas
1227 2287 1321 2313 vero
1353 2275 1538 2327 Ephesius

76 2338 175 2389 apud
205 2339 448 2378 Scholiastam
480 2339 674 2391 Aristoph.
696 2338 743 2376 ad
772 2341 890 2386 Aves,
918 2339 1016 2389 962,
1049 2339 1149 2376 inter
1164 2352 1251 2377 suas
1280 2347 1357 2377 tres
1381 2341 1538 2390 (confer

77 2416 205 2453 supra,
227 2418 266 2455 p.
290 2404 348 2453 5l²
369 2404 590 2443 Sardianam
612 2417 772 2455 nempe,
802 2417 915 2455 quam
936 2417 1013 2441 non
1038 2417 1059 2441 a
1077 2403 1275 2451 Sardinia,
1303 2412 1346 2442 ut
1366 2404 1538 2457 plerique

77 2467 178 2505 ‹locti
198 2477 442 2520 putaverunt,
460 2468 525 2507 sed
542 2483 561 2506 a
580 2468 766 2507 Sardibus
781 2468 910 2519 Lydiae
925 2468 977 2506 ita
993 2469 1313 2520 cognominatam,
1339 2469 1449 2508 facile
1464 2469 1534 2508 de-

80 2534 276 2571 monstrari
295 2543 433 2583 potest.
458 2534 660 2573 lithnicum
677 2533 821 2584 quippe
834 2532 1014 2570 Sardiniae
1025 2532 1186 2584 Σαρδῷος
1206 2541 1262 2571 est
1281 2542 1436 2584 recepto
1450 2548 1536 2581 usu,

79 2598 201 2635 rarius
232 2599 350 2636 mnlto
379 2598 574 2651 Σαρδώνιος
594 2598 655 2649 γεὶ
681 2596 898 2650 Σαρδωνικός
921 2612 929 2635 :
952 2610 1038 2634 nam
1060 2596 1247 2649 Σαρδάνιος
1273 2597 1320 2636 de
1348 2597 1425 2635 risu
1457 2606 1539 2636 tan·

80 2669 155 2698 tum
185 2662 393 2712 accipitur,
421 2664 569 2701 incerto
588 2671 732 2713 etymo.
754 2661 929 2699 Sardium
952 2670 1075 2699 autem
1094 2661 1187 2698 civis
1210 2660 1420 2713 Σαρδιανός,
1443 2670 1538 2700 teste

80 2725 285 2775 Stephan0;
303 2734 417 2776 atque
438 2727 488 2764 ita
509 2726 677 2765 AElianus
697 2734 823 2777 aperte
843 2724 1040 2777 Σαρδιανήν
1071 2725 1170 2763 hanc
1191 2725 1374 2775 Sibyllam
1407 2735 1539 2775 vocat;

81 2800 147 2824 nec
171 2790 278 2827 aliter
297 2790 494 2841 Σαρδιανήν
521 2790 656 2830 Suidas
673 2820 683 2839 ,
704 2790 805 2828 inter
831 2789 992 2840 Sibyllas
1015 2802 1099 2840 quae
1121 2802 1205 2826 cum
1233 2789 1428 2839 Erythraea
1449 2803 1541 2828 con·

85 2851 189 2890 fundi
215 2855 352 2894 solent.
372 2856 420 2893 At
440 2856 622 2905 Eudocia,
645 2863 812 2893 ceterum
833 2855 966 2892 AEliani
990 2854 1108 2892 verba
1128 2867 1249 2905 prope
1270 2854 1540 2901 transcribens,

87 2917 263 2967 Σαρδανήν
288 2920 425 2967 habet3
452 2922 500 2959 ita
526 2936 633 2969 sane,
667 2921 731 2960 sed
761 2921 958 2959 manifesto
986 2920 1130 2958 librarii
1155 2921 1264 2960 vitio.
1290 2919 1400 2958 Clare
1425 2921 1540 2970 igitur
