1686 3500
105 131 197 180 624
451 114 453 116 ’
608 134 791 179 ιΝυΕΧ
829 131 1051 180 RERUM.

101 230 192 282 Cap.
208 231 323 270 XVII.
355 231 411 268 ne
433 228 525 267 Eliae
542 230 705 270 adventu
710 257 1444 273 .............................
1481 234 1554 272 5ι3

99 295 195 346 Cap.
214 296 345 334 XVIII.
379 295 432 333 De
448 295 615 334 mulieris
631 297 792 348 imperio
799 322 1443 338 .........................
1480 298 1556 336 5ι6

99 359 194 410 Cap.
216 358 315 399 XIX.
345 359 402 397 De
420 358 638 396 mundinae
656 368 694 396 et
709 360 1005 410 conflagratione
1027 357 1201 396 universa
1204 385 1444 398 ..........
1481 360 1555 397 5ι8

97 423 192 473 Cap.
216 423 293 461 XX.
320 423 377 461 De
391 422 539 474 judicio
559 437 750 474 supremo,
766 433 803 462 et
817 432 911 475 quot
927 422 1046 461 modis
1063 422 1296 473 intelligatur
1315 422 1353 460 in
1369 422 1448 461 Sib.
1479 424 1554 461 520

98 486 191 538 Cap.
211 487 310 526 XXI.
338 488 394 526 De
411 487 569 525 mortuis
584 488 630 525 ad
648 487 833 541 jutlicium
851 488 1009 536 vocatis,
1028 485 1227 537 obiterque
1244 486 1292 524 de
1309 486 1449 524 anima-

149 564 232 588 rum
255 559 353 589 statu
375 551 658 602 antejudicium
668 578 1442 594 ..............................
1479 551 1552 588 522

95 616 192 666 Cap.
210 616 328 656 XXII.
359 618 416 654 De
435 616 709 654 resurrectione
730 625 962 654 mortuorum
968 642 1443 655 ...................
1480 614 1553 652 526

95 678 185 729 Cap.
206 679 343 718 XXIII.
377 680 430 717 De
454 679 538 717 soro
558 687 595 717 et
616 679 796 717 tribunali
819 679 884 717 Dei
902 705 1441 718 .....................
1478 678 1550 724 527

95 744 186 793 Cap.
205 743 336 782 XXIV.
368 744 424 780 De
443 743 529 794 igne
547 743 768 794 probatorio
773 768 1441 783 ..........................
1477 742 1553 779 530

93 809 188 858 Cap.
209 807 322 846 XXV.
355 807 411 845 De
429 807 623 844 hominum
643 815 741 844 statu
763 814 846 856 post
860 805 1048 856 judicium
1059 833 1439 847 ...............
1476 806 1549 842 533

92 871 185 922 Cap.
202 871 338 910 XXVI.
370 872 426 909 De
445 870 632 908 damnatis
653 878 736 921 post
753 868 939 918 judicium
958 869 1164 908 liberandis
1170 897 1438 910 ...........
1476 869 1550 907 536

90 935 184 986 Cap.
207 935 356 974 XXVII.
386 936 442 972 De
463 934 725 972 intercessione
745 934 811 973 SS.
832 947 875 971 ac
892 934 1101 985 praesertim
1121 933 1241 972 beatae
1262 933 1445 984 Virginis.
1475 933 1550 982 539

92 999 186 1049 Cap.
206 999 371 1038 xxvul.
401 999 456 1036 De
479 998 618 1049 angelis
622 1023 1437 1038 ................................
1476 998 1550 1041 542

90 1062 184 1114 Cap.
207 1063 334 1101 XXIX.
372 1064 428 1100 De
443 1062 678 1099 (laemonibus
688 1088 1436 1101 ............................
1475 1062 1546 1107 544

90 1126 184 1177 Cap.
206 1125 320 1165 XXX.
351 1126 406 1162 De
424 1125 559 1162 ritibus
576 1125 896 1175 sacramentisque
916 1125 1127 1164 christianis
1137 1152 1435 1165 ............
1473 1124 1548 1169 546

90 1191 183 1240 Cap.
206 1188 341 1228 XXXI.
371 1189 427 1225 De
447 1195 583 1224 sanctae
598 1187 731 1224 Crucis
755 1191 997 1236 veneratione
1006 1215 1437 1229 .................
1475 1189 1548 1226 550

88 1253 181 1302 Cap.
203 1251 352 1290 XXXII.
382 1251 437 1288 De
460 1250 583 1287 carnis
600 1249 838 1297 abstinentia,
854 1264 898 1288 ac
917 1251 964 1289 de
984 1251 1174 1290 sacrificiis
1198 1252 1383 1305 cruentis.
1400 1281 1410 1292 .
1426 1281 1438 1293 .
1474 1252 1544 1289 551

87 1318 181 1367 Cap.
200 1316 369 1355 XXXIII.
399 1316 454 1353 De
477 1323 694 1353 sanctorum
720 1314 906 1352 librorum
925 1314 1122 1366 obiterque
1137 1316 1185 1354 de
1200 1316 1442 1368 apocrypho·

139 1394 221 1418 rum
242 1394 312 1417 usu
330 1379 518 1429 Sibyllino
528 1405 1038 1420 ....................
1040 1407 1065 1420 -.
1083 1409 1092 1419 .
1108 1409 1118 1420 .
1135 1410 1162 1434 ,1
1162 1408 1438 1421 ...........
1474 1381 1548 1418 553

84 1446 185 1484 Pius
201 1458 339 1482 'rna-rm
360 1457 442 1481 sivr.
462 1443 610 1481 Ennea
615 1471 1438 1484 ................................
1474 1445 1548 1481 556

84 1509 180 1559 Cap.
210 1509 240 1547 I.
273 1509 328 1546 De
346 1506 515 1545 moribus
537 1506 731 1556 Sibyllinis
741 1533 1436 1548 ...........................
1472 1509 1545 1553 557

84 1573 179 1624 Cap.
206 1572 256 1611 II.
287 1573 343 1610 De
361 1571 581 1622 impostura!
600 1570 757 1609 crimine
776 1570 973 1621 Sibyllinis
990 1570 1142 1622 objecto
1160 1571 1266 1610 libris
1272 1600 1436 1612 .......
1472 1572 1543 1609 561

82 1637 178 1687 Cap.
198 1637 262 1675 111.
292 1637 348 1673 De
368 1635 616 1673 heterodoxia
640 1635 827 1685 Sibyllina
845 1663 1435 1677 .......................
1473 1636 1545 1683 567

83 1703 177 1752 Cap.
201 1702 264 1740 IV.
295 1702 351 1738 De
372 1699 627 1737 democratico
645 1700 925 1750 Sibyllistarum
947 1701 1099 1752 ingenio
1108 1728 1435 1742 .............
1472 1701 1545 1749 57²

82 1763 179 1813 Cap.
197 1764 243 1802 V.
278 1764 331 1800 De
353 1762 538 1812 Sibyllina
553 1761 731 1800 adversus
750 1764 936 1801 Romanos
958 1764 1098 1801 invidia
1108 1791 1436 1804 .............
1471 1765 1543 1812 574

85 1827 336 1867 EXCURSUS
354 1827 437 1866 VII.
468 1827 523 1864 De
539 1827 725 1878 graecitate
736 1835 773 1864 et
790 1827 958 1875 metrica,
976 1827 1174 1878 obiterque
1188 1827 1236 1867 de
1254 1837 1336 1866 arte
1351 1841 1442 1880 poe-

136 1893 206 1930 tica
228 1891 412 1942 Sibyllina
422 1917 1434 1931 .......................................
1471 1891 1544 1930 582

81 1956 172 2006 Cap.
192 1956 222 1995 Ι.
253 1956 308 1993 De
328 1954 490 1992 dialecto
501 1981 1435 1995 ....................................
1471 1955 1545 1993 583

80 2020 175 2070 Cap.
196 2020 247 2059 11.
275 2021 333 2058 De
352 2032 485 2056 vocum
507 2018 655 2056 delectu
665 2045 1196 2062 .....................
1200 2067 1205 2072 ⁸
1213 2047 1434 2059 .........
1471 2019 1545 2057 585

81 2085 176 2136 Cap.
198 2085 261 2123 III.
292 2085 348 2122 De
364 2081 860 2126 insssxionihusnominum.
883 2082 1021 2131 adject.
1045 2091 1082 2121 et
1105 2084 1407 2135 pronominum..
1424 2111 1434 2122 .
1471 2084 1547 2133 589

82 2149 175 2199 Cap.
197 2148 257 2186 IV.
287 2148 344 2185 De
362 2147 631 2197 conjugatione
652 2145 854 2183 verborum
865 2172 1432 2188 ......................
1470 2149 1545 2198 590

80 2211 171 2261 Cap.
189 2211 234 2249 V.
265 2211 320 2247 De
338 2209 485 2259 syntaxi
501 2234 1434 2251 .....................................
1470 2211 1546 2260 592

82 2276 171 2325 Cap.
191 2275 255 2313 VI.
287 2275 342 2312 De
361 2273 673 2325 praepositionum
692 2286 759 2311 usu
766 2301 1431 2315 ..........................
1467 2277 1541 2325 594

81 2337 175 2388 Cap.
198 2338 282 2377 VII.
311 2338 368 2374 De
388 2336 698 2386 conjunctionum
718 2349 789 2374 usu
794 2363 1433 2379 .........................
1470 2337 1544 2387 595

80 2402 173 2452 Cap.
189 2402 286 2441 vm.
317 2403 371 2440 De
389 2401 662 2453 particularum
683 2415 752 2439 usu
759 2427 1430 2443 ..........................
1467 2402 1539 2452 597

80 2468 176 2518 Cap.
195 2466 257 2504 IX.
286 2468 341 2505 De
360 2467 568 2517 quantitate
587 2465 815 2517 syllabarum
820 2493 1428 2507 ........................
1466 2466 1537 2502 6οι

81 2531 174 2581 Cap.
198 2532 245 2570 X.
277 2531 332 2568 De
351 2530 593 2568 consti-uendi
613 2544 743 2568 versus
763 2531 925 2569 artificio
928 2558 1431 2571 ....................
1467 2531 1542 2568 606

81 2595 175 2646 cap.
197 2594 261 2632 XI.
292 2595 349 2632 De
367 2594 556 2646 graecitate
573 2603 610 2632 et
627 2595 784 2632 metrica
802 2595 987 2633 librorum
1007 2603 1172 2646 quatuor
1189 2594 1428 2633 ultimorum.
1464 2596 1541 2632 610

79 2659 173 2710 Cap.
194 2659 277 2698 XII.
302 2660 358 2697 De
378 2667 457 2696 arte
478 2659 625 2709 poetica
644 2658 828 2709 Sibyllina
838 2686 1427 2700 .......................
1464 2658 1538 2696 615

717 2791 916 2807 “oue——
