1686 3500
521 117 523 119 ¹
566 149 878 196 isxcuizsus
915 149 992 196 vi.
1317 189 1325 199 ,
1429 145 1522 194 513

48 269 63 287 ι
79 250 333 290 convertendi
348 263 413 289 eas
432 250 469 288 in
486 249 731 301 sanguinem,
753 257 790 287 et
808 256 1009 301 percutere
1023 255 1160 300 terram
1177 248 1280 287 omni
1298 248 1411 301 plaga
1427 261 1524 298 quo-

47 336 65 352 «
83 317 320 367 tiescumque
344 315 541 354 voluerint
555 331 586 354 ι».
611 316 706 361 Quae
732 315 862 352 eadem
894 313 933 351 in
965 313 1089 351 solum
1118 313 1242 353 Eliam
1270 314 1526 353 conferuntur

48 381 150 434 apud
165 381 288 429 Lact.,
305 381 329 422 Ι.
346 381 413 420 cit.
442 381 527 418 Haec
543 379 661 430 igitur
687 379 770 431 ipsa
788 379 995 430 Sibyllistae
1015 391 1174 429 quoque
1190 379 1306 417 fuisse
1332 380 1369 417 in
1397 386 1526 416 mente

26 438 29 439 ⁷
47 446 253 484 verisimile
268 453 340 486 est.
363 444 436 484 Sed
455 457 533 494 quo
552 452 666 495 pacto
683 443 755 481 tria
773 457 793 481 e
815 443 943 480 multis
963 442 1037 480 sint
1063 441 1254 493 eligenda,
1271 442 1435 481 viderint
1462 443 1529 495 qui

47 524 134 549 cum
157 510 281 562 poetis
300 508 491 561 quidlibet
508 507 740 546 audentibus
751 507 975 545 calumniari
993 506 1143 546 volunt.
1162 505 1361 544 Lactantio
1375 505 1529 557 quidem

47 576 120 614 tria
142 575 350 626 praesertim
373 573 553 611 videntur
572 573 774 625 placuisse,
796 573 882 611 niv.
902 572 994 610 lnst.
1015 571 1079 609 lib'.
1098 571 1189 620 Vll,
1210 582 1296 621 cap.
1320 583 1380 620 17,
1401 570 1532 608 caelum

47 640 272 689 arefactum,
301 653 409 691 aquae
434 639 471 676 in
505 639 728 689 sanguinem
755 650 890 684 versae,
919 636 1018 687 ignis
1046 636 1084 673 in
1118 635 1258 687 impios
1283 634 1333 672 de
1357 635 1450 673 caelo
1470 635 1533 673 de·

47 715 218 745 voeatus.
241 706 318 745 Nec
337 705 448 743 aliter
467 704 668 743 Malvenda
694 703 742 742 de
771 702 1011 741 Antichristo
1034 702 1111 751 jam
1135 701 1295 747 citatus,
1328 701 1398 738 nisi
1431 701 1535 750 quod

46 773 129 824 ipse
147 771 290 808 fatetur
304 769 537 821 conjecturis
555 770 608 807 uti
627 776 840 818 semmam,
857 765 1121 805 deficientibus
1141 764 1388 816 argumentis.

101 836 317 886 Utcumque
334 834 487 873 demum
508 847 552 872 ea
567 834 664 883 sint,
685 833 778 871 nihil
799 832 964 883 amplius
984 830 1179 882 Sibyllista
1200 830 1249 868 de
1266 830 1350 869 Elia
1376 837 1538 868 venturo

47 901 187 947 tradit;
208 915 278 939 nec
297 900 346 938 de
363 899 444 951 ejus
464 913 551 937 cum
576 898 814 937 Antichristo
839 897 1113 942 contentione,
1140 909 1211 933 nec
1231 895 1278 933 de
1305 904 1429 932 morte
1454 894 1536 945 ejus

43 975 110 1005 aut
133 965 413 1005 resurrectione
440 964 652 1015 quidquam
680 963 825 1012 habet,
846 961 918 999 etsi
946 968 1097 1012 poterat
1120 960 1200 997 haec
1224 974 1244 997 a
1271 958 1362 997 divo
1387 959 1537 998 ,Ioanne

44 1031 216 1070 discere:
234 1044 320 1082 quae
332 1044 401 1068 cur
418 1030 636 1075 reticuerit,
655 1029 813 1066 minime
827 1027 987 1073 scimus,
1006 1039 1076 1064 nec
1092 1025 1189 1063 scire
1202 1024 1312 1075 juvat
1329 1056 1337 1071 ,
1356 1024 1536 1074 quoniam

47 1110 160 1135 nemo
177 1095 318 1134 silentii
335 1095 522 1133 rationem
543 1093 705 1132 reddere
725 1093 889 1143 cogitur.
908 1092 1075 1129 Possunt
1099 1103 1193 1128 vero
1217 1089 1391 1140 quaedam
1413 1088 1472 1126 vel
1498 1089 1541 1126 li-

48 1162 267 1200 brariorum
283 1161 400 1212 culpa
417 1158 671 1203 intercidisse,
687 1158 748 1195 vel
769 1157 816 1195 ab
832 1165 990 1194 auctore
1011 1156 1063 1193 sic
1080 1155 1235 1193 volente
1253 1154 1426 1206 neglecta
1439 1167 1537 1202 esse,

45 1229 188 1280 quade
208 1242 248 1266 re
271 1236 437 1265 statuere
462 1235 636 1263 nostrum
656 1237 735 1262 non
755 1232 822 1261 est.
845 1223 960 1262 Plura
998 1223 1030 1260 si
1054 1222 1139 1272 quis
1179 1221 1295 1270 velit,
1319 1229 1464 1272 quaerat
1488 1233 1536 1258 ex

48 1293 391 1346 Apocalypsi,cap.
418 1305 429 1328 ι
445 1305 481 1338 1,
497 1304 533 1330 ν.
549 1291 587 1340 3,
603 1303 686 1341 sqq.
711 1288 767 1327 lbi
783 1288 883 1327 enirn
904 1296 1105 1339 postquam
1119 1286 1197 1325 duo
1215 1286 1415 1338 prophetae
1435 1287 1543 1332 testi-4

49 1345 221 1397 monium
243 1356 419 1395 dederint
445 1356 484 1393 in
505 1355 600 1392 urbe
616 1367 773 1406 magna,
792 1371 806 1387 κ
824 1352 889 1391 ubi
909 1361 946 1391 et
962 1352 1151 1391 Dominus
1168 1364 1304 1389 eorum
1329 1350 1535 1388 crucifixus

45 1442 60 1459 a
77 1432 134 1463 est
151 1424 201 1477 (v.
219 1424 252 1474 8)
274 1438 308 1469 υ,
326 1435 465 1473 nempe
481 1419 781 1470 Hierosolymis,
801 1432 872 1470 per
888 1417 970 1456 dies
992 1430 1149 1455 ninccnx
1168 1416 1221 1467 (id
1236 1424 1306 1460 est,
1322 1429 1442 1454 annos
1460 1424 1537 1454 tres

45 1498 84 1528 et
98 1503 162 1528 sex
175 1488 374 1535 menses,si
391 1488 578 1525 tricenum
594 1485 742 1523 (herum
763 1496 911 1522 menses
930 1483 1140 1534 liant),tum
1157 1496 1250 1520 vero
1267 1481 1539 1528 Antichristus,

45 1556 232 1594 incertum
251 1562 391 1592 antenc
412 1567 459 1590 an
481 1560 566 1603 post
584 1552 689 1602 ipsos
709 1559 888 1601 exortus,
908 1567 921 1582 «ι
939 1549 1051 1588 saciet
1068 1549 1268 1586 adversum
1290 1562 1356 1586 eos
1375 1547 1534 1594 bellurn,

48 1638 63 1654 ιι
78 1628 115 1658 et
134 1620 261 1657 vincet
287 1631 376 1667 eos,
396 1626 433 1655 et
452 1616 601 1654 occidet
619 1628 737 1663 eos»,
758 1628 896 1665 magno
917 1614 1125 1665 impiorum
1154 1613 1312 1664 gaudio·
1348 1612 1422 1650 Sed
1447 1621 1535 1664 post

45 1685 127 1722 dies
145 1693 220 1722 tres
236 1692 273 1722 et
300 1683 528 1733 dimidium,
551 1681 704 1719 excitati
734 1694 827 1719 voce
850 1680 1011 1727 crelesti,
1029 1687 1188 1730 surgent
1206 1692 1227 1717 e
1251 1678 1414 1716 mortuis
1431 1685 1469 1716 et
1494 1678 1533 1715 in

44 1750 177 1788 caelum
198 1748 426 1796 ascendent,
444 1762 478 1786 v.
501 1761 559 1784 ια.
578 1746 762 1797 Sequitur
778 1745 912 1795 ingens
926 1753 1036 1782 terrae
1054 1754 1180 1782 motus
1193 1756 1271 1794 quo
1290 1756 1425 1793 inagna
1445 1756 1532 1793 pars

43 1815 209 1852 civitatis
228 1814 430 1861 evertitur,
458 1811 714 1855 Antichristo,
736 1810 808 1848 nisi
830 1810 1009 1857 fallimur,
1032 1823 1153 1860 usque
1180 1816 1385 1860 regnante,
1406 1807 1531 1846 donec

44 1880 214 1918 adventu
229 1878 376 1918 Messiae
395 1878 651 1929 opprimatur.
671 1876 766 1922 Quae
784 1875 836 1912 ita
855 1874 1036 1911 videntur
1058 1872 1305 1924 intelligenda
1318 1901 1329 1921 ,
1351 1882 1530 1924 tanquam
1551 1864 1554 1868 ¹

46 1944 118 1983 sub
146 1958 272 1983 rerum
297 1944 410 1981 finem
430 1972 440 1992 ,
456 1942 566 1980 initio
594 1941 736 1978 ultimae
753 1953 944 1978 annorum
979 1937 1258 1985 hebdomadis,
1281 1937 1414 1976 urbem
1439 1937 1528 1976 olim

44 2020 213 2049 sanctam
240 2010 471 2057 Jerusalem,
488 2016 580 2046 tunc
605 2006 840 2046 Antichristo
867 2004 1077 2056 subjectam
1093 2005 1177 2057 (cfr.
1191 2016 1321 2055 supra,
1344 2016 1430 2054 cap.
1458 2004 1530 2053 16),

44 2075 253 2128 ingressuri
278 2075 352 2113 sint
373 2074 423 2112 de
448 2073 540 2111 caelo
568 2071 714 2123 delapsi
739 2070 818 2109 duo
846 2070 1068 2123 prophetae,
1094 2069 1290 2121 quondam
1318 2082 1338 2107 e
1359 2069 1470 2107 terris
1492 2069 1529 2106 in

45 2142 179 2180 caelum
208 2141 328 2192 rapti,
347 2139 474 2178 Helias
498 2147 535 2176 et
557 2137 711 2184 Enoch,
740 2136 956 2174 nuntiaturi
976 2149 1111 2187 nempe
1128 2133 1349 2173 hominibus
1366 2134 1529 2186 propin-

44 2221 164 2259 quum
192 2207 348 2245 exitium
364 2206 575 2256 ‚ipsosque
602 2204 649 2241 ad
674 2203 935 2255 poenitentiarii
964 2202 1139 2240 vocaturi
1159 2214 1229 2253 per
1248 2209 1323 2240 tres
1347 2213 1465 2238 annos
1493 2209 1530 2238 et

45 2271 270 2320 dimidium,
292 2270 331 2309 id
349 2278 404 2308 est
427 2284 496 2322 per
524 2269 665 2307 ultimae
688 2267 942 2306 hebdomadis
961 2268 1144 2319 reliquam
1172 2275 1343 2319 partem3
1365 2266 1529 2318 perituri

42 2337 184 2376 deinde
200 2337 280 2374 sive
300 2324 527 2374 Antichristi
555 2335 636 2372 sive
661 2335 744 2383 ejus
767 2335 959 2371 sociorum
991 2333 1157 2381 invidia,
1179 2333 1246 2383 qui
1267 2332 1425 2370 ultimus
1456 2331 1530 2370 erit

45 2404 231 2442 scelerum
249 2404 450 2453 cumulus,
467 2411 503 2439 et
524 2402 700 2440 ultimum
721 2401 911 2439 venientis
926 2400 1064 2451 judicii
1088 2400 1252 2451 signum.
1275 2399 1350 2437 Sed
1370 2399 1471 2445 haec,
1490 2408 1530 2437 ut

45 2470 93 2508 ad
118 2470 260 2508 divinae
287 2468 574 2521 Apocalypseos
604 2475 769 2505 mentem
799 2466 888 2504 satis
920 2465 1103 2504 accedere
1126 2465 1321 2514 videntur,
1353 2473 1476 2504 tamen
1500 2465 1528 2503 si

46 2535 92 2572 ad
120 2548 253 2572 onmes
283 2534 404 2585 ipsius
428 2532 592 2571 ,loannis
619 2545 735 2569 voces
765 2531 934 2582 pressius
964 2530 1179 2581 exigantur,
1204 2529 1342 2567 multas
1368 2530 1531 2568 sortasse

43 2601 290 2639 difficultates
308 2599 477 2650 parient.
495 2598 569 2644 Qui
587 2598 626 2636 id
643 2598 860 2643 tentaverit,
884 2609 1065 2635 veremur
1082 2609 1131 2633 ne
1147 2609 1306 2647 operam
1335 2595 1529 2634 abutatur.

49 2668 180 2718 ltaque
205 2665 342 2703 melius
370 2664 433 2702 hic
465 2663 751 2701 consistendum
788 2671 979 2713 putamuS,
1017 2661 1164 2699 monito
1200 2661 1337 2699 iterum
1369 2662 1529 2708 lectore,

47 2732 139 2770 nihil
158 2732 296 2769 horum
316 2730 354 2767 in
376 2729 536 2780 reliquis
555 2728 753 2778 Sibyllinis
768 2727 981 2764 occurrisse
997 2755 1007 2774 ,
1030 2725 1097 2764 ubi
1116 2725 1164 2763 de
1184 2727 1336 2765 Nerone
1356 2724 1528 2763 redituro
1573 2715 1579 2722 ²

45 2796 216 2848 vulgaris
242 2794 433 2834 sententia
451 2793 742 2841 dominabatur;
759 2792 927 2831 secundo
945 2791 1100 2829 denium
1122 2790 1239 2839 libro,
1262 2790 1301 2829 id
1326 2798 1395 2837 est,
1416 2789 1529 2827 tertio

43 2861 182 2899 saeculo
207 2861 285 2898 fere
302 2859 444 2907 medio,
471 2867 589 2896 totam
611 2857 709 2895 hanc
732 2865 890 2908 repente
909 2856 1091 2895 exsistere
1111 2856 1325 2895 doctrinam
1345 2856 1393 2893 de
1412 2853 1525 2893 Belial

1278 2920 1355 2967 33.
