1752 3495
517 159 599 202 AD
632 157 963 203 EXCURSUM
998 159 1052 203 11.

1423 157 1504 201 131

355 256 402 285 EX
421 232 628 285 PRAENnus
648 253 720 284 SEU
743 252 980 285 PRAENNxms
999 253 1200 300 omentis.

191 397 317 434 -Tunc
335 404 494 446 angusta
514 407 631 445 super
648 395 740 432 freta
759 394 901 445 trajicit
918 395 1176 445 Hellesponti,

206 459 324 499 Sibila
344 472 441 496 saeva
459 460 577 505 ciens,
599 459 798 496 Gallorum
818 459 1009 497 exercitus
1028 467 1151 505 atrox,

208 524 333 561 Triste
348 523 473 561 serens
487 524 585 562 Asiae
606 523 723 560 satum
737 551 747 569 ‚
770 523 834 560 sed
853 523 995 561 tristius
1008 523 1082 560 illis

209 588 316 638 (Nam
334 587 387 624 sic
410 587 471 625 Dii
487 588 663 636 voluere)
680 595 811 624 tenent
825 588 891 637 qui
907 588 1015 625 litora
1030 587 1149 637 ponti.

210 653 272 689 His
292 660 417 689 tamen
441 653 603 690 ultorem
627 653 750 690 mittet
770 666 859 690 mox
876 653 1029 704 Jupiter
1047 653 1141 703 ipse,

207 716 452 767 progenitum
473 717 571 754 tauri
590 729 778 767 generoso
798 731 818 754 e
833 718 1016 767 sangnine
1040 731 1165 768 regem
1181 747 1191 766 ,

209 780 350 818 Lurida
367 782 433 831 qui
453 781 563 819 victis
582 781 758 819 immittet
775 782 908 820 funera
930 782 1059 821 Gallis.

207 918 311 956 lnter
329 931 418 956 oves
437 918 570 956 urbem
589 919 753 970 accipies
771 950 780 966 ,
799 933 864 957 rex
887 920 1015 957 inclite
1033 920 1224 958 Thracum
1245 933 1255 960 :

209 982 373 1033 Augebis
395 996 486 1021 vero
504 996 680 1034 magnum
704 983 1002 1035 horribilemque
1020 985 1186 1033 leonem,

206 1048 281 1094 Qui
300 1048 430 1099 patriae
450 1048 643 1099 quondam
661 1049 807 1099 quatiet
826 1048 1042 1086 fundamina
1063 1049 1176 1088 sedis.

206 1113 276 1150 llic
295 1113 621 1160 terraminvadet‚
644 1112 973 1162 nulloqnelabore
996 1113 1190 1151 subactam

205 1176 413 1227 Corripiet.
431 1177 529 1214 Tum
543 1206 554 1225 ‚
574 1176 688 1214 crede
705 1176 818 1223 mihi,
836 1190 910 1214 nou
929 1178 1035 1214 firma
1054 1177 1201 1216 tenebis

204 1243 363 1290 Sceptra
381 1239 467 1286 diu,
489 1239 663 1289 solioque
682 1239 793 1276 cades
812 1253 820 1277 :
845 1248 918 1277 tam
938 1240 1054 1277 multa
1076 1253 1214 1278 canum
1238 1240 1293 1278 vis

210 1303 382 1355 Urgebit,
399 1317 517 1355 quum
538 1312 576 1341 tu
592 1316 771 1355 maguum
792 1303 1096 1355 horribilemque
1116 1306 1264 1344 leonem

207 1368 374 1407 Exeieris
398 1381 554 1415 somno,
573 1368 666 1419 juga
686 1381 764 1404 non
782 1368 940 1419 impune
962 1369 1160 1406 serentem.

207 1433 302 1471 {linc
322 1432 488 1483 Bithyna
509 1433 589 1483 lupi
610 1432 784 1469 crudeles
804 1446 894 1469 arva
913 1433 1121 1480 tenebunt,

203 1498 373 1536 Consilio
393 1498 501 1537 Jovis
516 1498 643 1536 aeterni
659 1512 667 1535 :
686 1511 773 1535 mox
793 1497 883 1549 jura
903 1507 1120 1550 capessent,

203 1563 278 1608 Qui
295 1562 449 1600 stabiles
467 1562 643 1599 habitant
665 1561 772 1599 sedes
792 1563 967 1612 Byzantis
987 1564 1027 1601 in
1049 1563 1158 1601 urbe.

204 1627 307 1665 Felix
328 1627 597 1677 llellesponte‚
618 1634 655 1662 et
679 1626 810 1663 moenia
833 1627 986 1665 condita
1006 1628 1126 1667 Divis.

211 1718 593 1729 ...............
605 1690 658 1726 sic
679 1688 933 1740 legejubente
955 1693 1141 1737 Deorum,

202 1756 330 1801 Quum
350 1754 463 1806 lupus
482 1755 544 1793 ille
565 1755 666 1792 serus
688 1754 754 1791 sati
769 1753 861 1804 juga
884 1754 978 1792 <lura
1001 1755 1158 1795 subibit.

201 1819 312 1866 Quod
333 1819 362 1857 si
383 1832 442 1857 me
463 1818 611 1870 proprii
628 1825 776 1856 cessant
797 1831 1001 1868 agnoscere
1020 1821 1144 1868 cives,

205 1884 313 1922 llaud
337 1892 460 1921 tamen
481 1883 610 1921 {eterni
632 1882 764 1920 celabo
785 1896 922 1920 areana
941 1886 1131 1934 parentis.

202 1949 312 1987 Clara
333 1948 397 1986 sed
417 1948 586 1986 humano
604 1947 735 1998 generi
755 1948 935 1998 praesagia
953 1949 1129 1999 pandam.

200 2012 363 2050 Thracia
380 2011 524 2062 grande
542 2011 679 2048 malum
700 2009 774 2046 sibi
793 2014 977 2060 parturit;
997 2020 1052 2049 est
1075 2025 1196 2064 prope
1215 2020 1360 2063 partus·

207 2076 413 2127 Experiere
433 2089 585 2126 gravem
607 2073 779 2112 sobolem
793 2105 802 2121 ,
822 2073 964 2122 jactata
984 2076 1150 2126 periclis.

62 2199 146 2228 tutam
178 2196 274 2228 tuisse
296 2205 358 2229 non
388 2199 436 2228 est
459 2196 605 2227 dublum.
631 2198 748 2226 Everso

62 2247 154 2276 autem
170 2244 365 2284 Lysimacho,
384 2244 479 2275 simul
500 2251 629 2282 regnum
646 2241 748 2272 Thra-

62 2291 109 2323 ciae
122 2292 319 2323 interiturum
332 2291 457 2321 canitur
470 2314 478 2329 ,
490 2292 586 2329 atque
602 2288 674 2320 inde
692 2292 746 2327 By·

62 2340 246 2369 zantlnorum
261 2338 382 2369 civitati
401 2345 505 2368 rerum
524 2343 745 2376 prosperarum

62 2391 158 2414 cursus
175 2385 370 2423 incepturus.
385 2383 464 2414 Male
481 2384 547 2414 haee
566 2383 672 2413 omnia
687 2387 745 2413 Ζο-

61 2429 145 2461 simus
160 2431 283 2470 aceepit
298 2431 337 2461 de
355 2430 463 2461 Prusia
480 2434 620 2469 Cynego,
640 2430 745 2468 Bithy·

62 2474 743 2516 nitereue‚liliiNicomedisarniisevertendo.

62 2521 138 2559 Pejus
157 2522 447 2553 niiiltu¹1'z‹.·tzes‹le
463 2521 634 2561 Byzantinu
649 2530 745 2559 regno

60 2573 72 2596 u
86 2568 176 2598 Persis
189 2572 219 2600 et
234 2567 359 2608 Scythis
377 2572 502 2598 vexato.
526 2572 567 2598 Du
592 2567 669 2607 ipsis
688 2577 742 2597 au-

61 2616 112 2643 tvin
130 2615 244 2645 oraculi
262 2614 407 2646 versibus
427 2614 544 2653 aliquid
566 2619 614 2645 est
637 2613 744 2643 ‹lieen-

60 2657 135 2690 dum.
160 2663 333 2701 Corruptus
349 2663 415 2690 erat
433 2664 539 2691 textus
562 2660 592 2690 in
615 2660 742 2699 multis,

59 2712 140 2742 quein
158 2716 213 2738 nos
241 2707 448 2747 conjectando
471 2707 678 2738 restituimus.
699 2710 746 2738 lta

59 2757 130 2782 veis.
153 2757 177 2792 1,
195 2754 275 2794 λήψῃ
296 2753 427 2792 legimus
455 2762 512 2793 pro
535 2753 664 2792 λείψεις,
681 2762 746 2793 quo

60 2795 165 2830 facilius
186 2800 362 2840 Lysimachi
379 2809 428 2832 res
442 2823 452 2839 ,
470 2800 648 2839 Bithyniam
671 2809 744 2831 cum

60 2842 176 2876 'thracia
208 2846 450 2887 conjungentis,
484 2847 742 2885 intelligerentur.

821 2192 912 2221 vers.
923 2195 953 2229 3,
962 2192 1101 2232 οειμήλια
1111 2200 1168 2232 pro
1179 2191 1264 2233 vulg.
1276 2192 1430 2233 κειμήλια,
1443 2192 1519 2226 ticet

821 2244 883 2267 non
901 2236 1082 2276 ignoremus
1098 2241 1266 2270 rectiorem
1283 2240 1445 2280 magisque
1457 2240 1519 2270 usi-

821 2287 917 2315 tat-nn
941 2294 1010 2316 esse
1028 2285 1161 2317 foi-mam
1178 2287 1299 2326 θεμέλια
1318 2295 1373 2317 seu
1397 2285 1518 2326 poe-tice

820 2331 1041 2370 οεμείλιαεεειί
1064 2333 1146 2363 nulla
1171 2333 1235 2364 sere
1257 2341 1320 2364 vox
1336 2335 1385 2363 tot
1403 2333 1518 2364 formas

818 2378 924 2410 induit
937 2380 1019 2419 apud
1032 2383 1167 2411 Graecos.
1185 2382 1272 2411 vers.
1292 2384 1340 2417 15,
1356 2387 1413 2419 pro
1430 2378 1518 2420 vulg.

818 2425 848 2455 οἵ
861 2436 897 2462 με
911 2426 967 2467 γὰρ
985 2425 1115 2465 εἴσεισιν,
1129 2427 1305 2466 proximam
1319 2428 1350 2457 ct
1364 2425 1454 2457 unice
1467 2434 1520 2458 ve·

818 2482 884 2503 rain
904 2473 1079 2512 lectionem.
1094 2473 1270 2510 intulimus,
1288 2481 1346 2503 nee
1364 2472 1443 2503 male
1460 2480 1514 2503 so-

817 2522 957 2557 nantvin,
970 2529 1068 2559 quum
1088 2520 1118 2550 in
1134 2520 1223 2551 ἴσασι
1238 2520 1354 2550 veteris
1366 2518 1515 2557 (ligummi

815 2567 969 2597 memoria
1001 2566 1122 2597 hiatum
1149 2566 1307 2598 excludat.
1339 2570 1427 2597 vers.
1459 2568 1514 2604 19.

817 2615 924 2643 textus
942 2613 1080 2644 iun-crtus
1104 2615 1134 2643 et
1153 2613 1285 2643 mutilus
1306 2620 1432 2643 sensum
1459 2611 1512 2642 vix

816 2659 915 2689 ullum
946 2659 1020 2689 facit
1035 2683 1044 2698 ,
1074 2659 1104 2689 in
1132 2668 1194 2697 quo
1221 2660 1325 2689 tamen
1350 2658 1518 2698 suspiceris

816 2706 893 2737 oliui
914 2705 1010 2737 fuisse
1028 2705 1089 2736 ἐκεῖ
1108 2706 1159 2736 καὶ
1179 2706 1249 2745 τῇδε
1268 2706 1410 2746 φέρουσα.
1427 2707 1515 2735 Vers.

817 2757 855 2784 20
869 2777 877 2793 ,
896 2754 982 2788 ἕλκος
1000 2752 1131 2791 figurate
1147 2752 1350 2790 dictumest,
1366 2754 1400 2782 ut
1414 2751 1444 2781 in
1472 2749 1517 2782 si-

817 2798 946 2839 byllinis
963 2798 1143 2830 christianis
1155 2822 1164 2838 ,
1181 2797 1235 2829 lib.
1263 2801 1321 2836 xl,
1338 2806 1369 2828 v.
1394 2801 1466 2838 200,
1486 2801 1518 2828 et

817 2846 949 2877 tortasse
967 2848 1022 2883 111,
1039 2853 1069 2876 v.
1089 2848 1160 2876 382.

1299 2919 1348 2964 9.
