1737 3495
198 199 290 244 332
320 241 325 247 .
572 200 651 243 AD
680 197 1026 244 SlBYLLlNOS
1062 196 1274 241 LIBROS

247 294 455 345 Postquam
481 294 598 346 igitur
628 296 810 334 nonnulla
842 294 1023 345 praemisit
1057 292 1104 331 de
1128 305 1241 330 causa
1269 301 1308 330 et
1337 294 1497 333 consilio
1526 295 1659 338 divinae

196 357 487 409 redemptionis.
515 372 549 397 v.
571 359 757 408 αδδ-268,
779 359 950 411 praedicit
971 357 1173 395 adventum
1199 357 1359 403 Christi,
1379 357 1534 407 ejusque
1550 361 1660 400 inira-

151 457 158 465 ,
197 422 304 468 cula,
329 423 558 472 passionem,
582 432 763 470 mortem,
795 423 1016 461 descensum
1043 421 1090 458 ud
1121 421 1276 468 inferos,
1301 423 1617 462 resurrectionem
1639 441 1660 465 a

198 485 371 533 mortuis,
388 498 421 523 v.
443 486 531 535 269,
546 499 629 537 sqq.

250 548 364 595 lude,
380 562 415 586 v.
436 551 506 594 324
520 579 530 597 ,
552 563 648 601 sqq.,
667 550 819 589 Sionem
839 548 959 599 ipsam
981 547 1196 599 compellat,
1225 547 1475 598 hortaturque
1493 557 1534 587 ut
1558 554 1659 590 veni-

197 621 323 651 entem
342 613 390 651 nd
409 627 449 651 se
468 615 758 665 Redemptorem
777 626 862 651 cum
885 613 957 650 lide
973 621 1010 650 et
1026 625 1154 650 amore
1169 612 1349 662 excipiat.
1373 613 1448 657 Qui
1470 613 1657 655 Christum

196 677 369 724 noverit,
395 680 430 716 ei
450 678 518 716 soli
539 679 756 727 contingere
775 677 851 727 ait,
868 685 911 714 ut
930 676 1071 714 Christi
1091 676 1242 715 Putrem
1262 675 1410 722 videat,
1431 689 1469 715 v.
1494 678 1594 718 336:

356 743 468 781 Γνῶθι
483 742 532 785 τίς
552 741 622 781 ἔσθ’
643 729 843 789 οὗτος,“ἷιαὶ
861 738 919 778 τὸν
937 737 1103 792 γενετῆρᾶ
1120 739 1196 776 ποτ’
1212 737 1300 792 ὄψει.

196 805 330 856 Tunc,
357 806 481 856 inquit
508 805 585 857 (scd
617 805 794 856 quando?
821 804 895 842 nisi
922 803 1130 842 secundum
1160 803 1303 842 Christi
1324 802 1531 842 adventum
1560 807 1659 846 intel-

195 868 302 921 ligas)
322 869 435 907 vidua
455 868 584 906 mundi
604 869 787 907 elementa
817 868 1096 920 dispergentur,
1127 881 1337 918 magnaque
1356 868 1429 905 erit
1447 880 1516 918 per
1534 869 1657 910 orbem

197 943 380 972 terrarum
399 934 601 982 desolatio,
622 947 660 973 v.
684 935 775 983 337,
805 946 906 984 sqq„
924 934 1063 971 frustra
1090 933 1239 970 veniam
1261 932 1576 984 implorantibus,
1598 937 1658 986 qui

197 1007 284 1036 tunc
300 1006 544 1048 supererunt;
564 1011 649 1036 nam
667 998 768 1036 Deus
789 1005 938 1036 orantes
957 995 1208 1043 aversabitur,
1234 1010 1267 1035 v.
1291 998 1364 1035 356
1383 1011 1391 1035 ε
1411 997 1500 1035 satis
1520 999 1658 1050 quippe

196 1062 326 1100 datum
348 1062 630 1109 misericordiae,
652 1062 755 1113 quod
770 1070 914 1113 septem
930 1061 1153 1100 saeeulorum
1172 1060 1251 1098 dies
1268 1060 1489 1099 hominibus
1508 1075 1658 1101 conces-

196 1126 287 1164 serit
316 1126 363 1163 ad
382 1127 642 1177 poenitentiam
659 1155 669 1174 ,
692 1135 815 1164 motus
834 1139 946 1177 prece
964 1126 1129 1177 Virginis
1152 1126 1273 1173 ulmae,
1290 1139 1322 1163 v.
1343 1127 1431 1175 357,
1450 1139 1507 1176 sq.
1525 1140 1534 1163 t

309 1178 312 1182 ι
349 1188 464 1228 Ἑπτὰ
483 1189 548 1242 γὰρ
568 1189 701 1228 αἰώνων
723 1191 904 1241 μετανοίας
923 1189 1030 1241 ἤματ’
1051 1189 1176 1229 ἔδωκεν

355 1253 512 1304 Ἀνδράσι
528 1253 756 1304 πλωιζομένοις
768 1253 823 1291 διὰ
844 1252 958 1307 χειρὸς
975 1253 1152 1306 Παρθένου
1173 1253 1293 1306 ἁγνῆς.

247 1318 377 1368 Pergit
394 1317 562 1369 Sibylla:
582 1319 666 1369 lpse
682 1319 784 1357 Deus
807 1318 887 1356 haee
909 1332 967 1356 uie
985 1318 1178 1356 vaticinari
1194 1318 1319 1368 jussit,
1342 1331 1427 1369 quae
1447 1331 1535 1357 mox
1556 1320 1656 1372 ipse,

195 1383 295 1420 sicut
314 1383 414 1421 dicta
434 1391 536 1430 sunt,
553 1382 701 1420 efficiet.
724 1382 820 1422 Novi
842 1395 913 1433 ego
935 1396 1134 1420 numerum
1157 1395 1371 1429 arenarum,
1391 1390 1465 1421 etc.
1487 1384 1658 1435 Sequitur

195 1447 300 1485 locus
323 1447 369 1485 de
384 1434 565 1499 sapientia
585 1456 622 1485 et
642 1447 815 1498 potentia
839 1447 928 1494 Dei,
945 1446 1010 1498 qui
1032 1447 1191 1498 loquens
1205 1447 1286 1498 ipse
1301 1476 1311 1495 ,
1334 1448 1484 1498 poetica
1501 1448 1657 1499 quadam

197 1514 329 1565 ligura,
345 1513 483 1550 lectore
499 1520 583 1550 noi?
595 1512 839 1563 praemonito,
859 1511 1066 1560 inducitur,
1090 1525 1125 1551 v.
1141 1513 1322 1560 361-377.

249 1578 431 1625 Queritur
456 1577 546 1616 inde
574 1579 675 1615 Deus
706 1577 839 1628 quod,
860 1592 899 1616 se
927 1577 1080 1624 relicto,
1115 1577 1294 1615 mortales
1322 1576 1435 1615 vilem
1469 1578 1657 1618 materiam

194 1641 318 1679 colere
343 1650 381 1679 et
404 1640 564 1679 adorare
588 1640 817 1688 maluerint,
839 1654 875 1678 v.
907 1641 1109 1691 378—381;
1130 1640 1284 1678 damnat
1303 1641 1501 1691 gentilium
1527 1655 1656 1692 super·

193 1705 360 1743 stitiosos
390 1705 504 1756 ritus,
533 1705 689 1743 donaria
705 1735 714 1753 ,
742 1705 904 1750 fercula,
924 1705 1084 1755 lychnos
1115 1706 1151 1743 iu
1174 1705 1322 1757 templis
1342 1719 1547 1754 accensos,
1572 1706 1659 1745 liba-

194 1769 294 1807 mina
307 1799 317 1816 ,
339 1769 523 1816 victimas,
540 1782 575 1809 v.
595 1769 774 1818 382-401,
786 1777 822 1806 et
841 1768 908 1820 qui
922 1769 1089 1806 sitverus
1103 1769 1225 1806 cultus
1239 1769 1369 1807 edocet
1385 1784 1514 1808 :amor
1531 1784 1658 1821 nempe

194 1833 394 1872 hominum
409 1842 446 1872 ct
462 1828 597 1872 collata
617 1834 655 1871 in
670 1834 889 1885 proximum
911 1833 1107 1881 beneficia,
1123 1847 1162 1874 v.
1180 1835 1362 1881 [ιω-408,
1378 1834 1518 1885 quibus
1539 1839 1657 1887 operi-

195 1897 266 1936 bus
291 1899 370 1937 vita
394 1900 531 1936 emitur
556 1907 716 1945 aeterna,
738 1897 984 1950 dignajustis
1002 1907 1131 1950 parata
1154 1911 1320 1946 merces,
1343 1899 1409 1937 sed
1438 1913 1513 1937 non
1535 1900 1656 1951 prius-

195 1975 309 2014 quam
329 1963 415 2013 igne
435 1976 567 2001 omnes
583 1961 735 2015 probati
760 1962 920 2010 suerint,
951 1976 986 2002 v.
1013 1967 1194 2013 409-411.

248 2029 390 2066 Omnes
409 2028 508 2065 enim
529 2022 724 2079 probabo',
744 2026 889 2077 inquit,
909 2035 987 2064 tum
1004 2040 1138 2078 quum,
1163 2027 1255 2066 caelo
1273 2028 1483 2066 convoluto
1498 2057 1508 2076 ,
1525 2028 1655 2080 apertis

196 2099 306 2130 terrae
323 2090 546 2138 visceribus,
565 2100 737 2129 mortuus
752 2104 772 2129 e
788 2091 975 2142 sepulcris
992 2090 1222 2137 excitaboet
1242 2091 1485 2142 adjudicium
1505 2092 1654 2139 vocabo,

196 2169 236 2196 v.
256 2156 436 2200 [μα-[μδ.
454 2157 552 2194 Tum
582 2155 708 2207 palam
728 2163 937 2205 arguentur
961 2155 1027 2205 qui
1042 2168 1143 2193 nune
1164 2155 1342 2207 superbia
1361 2156 1448 2194 elati
1476 2155 1655 2207 justorum

195 2232 264 2257 ora
279 2219 530 2270 praecludunt,
543 2232 619 2270 quo
641 2218 788 2256 facilius
805 2232 1008 2270 oppressos
1025 2219 1201 2257 servituti
1220 2218 1414 2266 addicant,
1433 2220 1656 2258 dominatio-

197 2283 254 2320 nis
284 2282 393 2320 simul
412 2291 450 2320 et
471 2284 566 2321 lucri
595 2295 733 2328 causa,
764 2295 802 2321 v.
840 2283 1032 2332 lim-423·
1061 2282 1151 2321 Pios
1181 2296 1271 2321 vero
1299 2283 1345 2321 ad
1370 2297 1428 2322 me
1456 2284 1585 2321 venire
1601 2282 1658 2333 ju-

195 2345 316 2392 bebo,
343 2347 433 2384 illuc
457 2347 524 2384 ubi
545 2361 615 2385 nec
640 2355 789 2398 tempus
808 2347 901 2394 erit,
923 2360 991 2385 nec
1007 2356 1195 2385 astrorum
1216 2356 1323 2385 ortus
1341 2357 1378 2386 et
1402 2362 1574 2392 occasuS,
1599 2345 1656 2384 sed

193 2408 295 2460 jugis
314 2409 395 2447 dies
409 2419 447 2448 et
460 2410 524 2448 lux
543 2419 694 2448 aeterna.
712 2413 796 2448 Lux
810 2411 910 2449 enim
929 2411 975 2449 iis
990 2410 1062 2449 crit
1079 2411 1160 2462 ipse
1181 2412 1369 2459 Christus,
1390 2426 1426 2452 v.
1443 2413 1532 2461 428,
1547 2425 1602 2462 sq.
1619 2425 1627 2448 ε

357 2474 418 2517 Εἷς
436 2474 465 2511 δ’
489 2474 597 2511 αἰῶνα
617 2474 657 2512 τὸ
677 2476 746 2527 φῶς
767 2473 858 2525 μέγα
873 2473 933 2513 καὶ
952 2474 1193 2526 πεποθημένον
1215 2474 1313 2513 ἔσται

355 2536 502 2588 Χριστὸς
517 2539 646 2584 Ἰησοῦς
667 2537 820 2576 αἰώνων.

204 2613 212 2618 ·
253 2599 375 2650 Atque
393 2601 454 2638 hic
472 2614 557 2652 pars
581 2601 747 2640 secunda
769 2601 856 2641 libri
884 2602 1000 2653 hujus
1019 2602 1210 2641 clauditur
1232 2603 1270 2641 in
1299 2617 1409 2641 versu
1431 2609 1527 2653 429,
1554 2611 1656 2640 trun-

203 2670 288 2701 cato
308 2663 376 2701 illo
403 2664 555 2715 quidem
578 2678 620 2703 nc
642 2664 860 2712 dimidiato,
887 2665 1019 2717 paucis
1039 2674 1184 2715 tamen,
1208 2675 1250 2706 ut
1270 2667 1435 2715 videtur,
1463 2666 1602 2706 amissis
1624 2673 1656 2702 et

201 2741 288 2778 quae
315 2728 424 2766 facile
442 2728 663 2779 conjectura
684 2730 854 2781 suppleri
887 2731 1056 2782 possint,
1080 2730 1126 2770 de
1149 2731 1340 2770 bonorum
1372 2745 1506 2784 nempe
1528 2740 1656 2769 aeterna

203 2791 381 2831 felicitate
397 2801 482 2844 post
495 2792 685 2844 judicium
704 2794 846 2832 sutura.

254 2856 354 2902 Quid
376 2871 477 2896 nunc
493 2858 539 2896 de
561 2867 639 2897 tota
653 2857 723 2896 hac
737 2867 843 2910 parte
857 2861 1101 2897 censeamus?
1117 2860 1361 2912 Apertissime
1377 2860 1580 2900 christiana
1593 2864 1653 2901 est;
