1752 3495
336 269 726 328 APPENDIX
772 270 878 329 An
909 269 1340 346 EXCURSUM
1371 238 1472 329 1v.

626 584 687 627 De
709 583 837 627 medii
858 583 938 625 oevi
958 581 1190 635 Sibyllinis.

227 845 307 885 Non
324 843 402 895 jam
423 842 470 882 de
489 841 723 882 carminibus
742 841 940 891 Sibyllinis
957 842 1115 892 agimus,
1129 854 1214 891 qnae
1232 841 1366 892 priscis
1379 832 1557 881 Patribus
1575 842 1640 881 in·

179 916 399 957 notuerunt,
416 907 576 946 necdum
591 906 638 944 ad
651 914 802 944 nostros
817 905 1023 957 Sibyllinos
1037 904 1154 943 libros
1165 902 1401 958 devenimus,
1418 903 1485 958 qui
1502 907 1643 946 saeculo

181 982 321 1013 tantum
343 973 427 1012 XVI
444 973 482 1010 in
508 973 629 1010 lucem
652 970 905 1022 prodierunt,
935 970 997 1008 vix
1018 969 1067 1008 ab
1086 970 1160 1007 illis
1183 971 1380 1022 prioribus
1398 971 1565 1020 diversi,
1586 972 1641 1010 uti

181 1039 272 1079 iufra
291 1036 458 1089 patebit;
485 1037 551 1075 sed
576 1036 624 1074 de
655 1035 738 1074 aliis
772 1034 999 1084 quibusdam
1023 1044 1062 1073 et
1087 1048 1244 1086 prorsus
1265 1036 1340 1074 alio
1363 1035 1641 1087 pertinentibus

181 1103 380 1151 vaticiniis,
408 1115 493 1153 quae
526 1109 705 1151 tanquam
737 1099 922 1150 Sibyllina
952 1098 1077 1137 medio
1102 1113 1183 1138 aevo
1205 1101 1503 1155 cursitaverunt,
1524 1102 1644 1139 aetatis

181 1169 354 1221 pleraque
371 1165 593 1204 recentioris
633 1163 883 1214 barbaraeque
912 1163 1069 1215 originis
1101 1164 1310 1204 manifesta.
1336 1165 1432 1211 Quae
1461 1174 1585 1204 tamen
1604 1166 1642 1205 in

182 1233 332 1272 Oriente
363 1242 483 1282 pauca
527 1228 780 1268 inveniemus.
821 1227 949 1273 Quum
979 1227 1077 1265 enim
1110 1228 1316 1279 Procopii,
1348 1228 1463 1267 modo
1491 1229 1529 1267 in
1562 1230 1643 1269 Ex-

182 1309 289 1335 cursu
310 1295 360 1334 lv
375 1293 540 1340 laudati,
558 1293 723 1344 ideoque
741 1292 948 1331 ,Iustiniani
966 1292 1208 1343 imperatoris
1225 1302 1394 1343 tempore
1407 1323 1418 1342 ,
1433 1302 1543 1332 sexto
1559 1303 1647 1346 post

181 1361 366 1400 Christum
391 1359 553 1404 saeculo,
572 1356 706 1396 crebra
723 1357 920 1394 etiamtum
934 1356 1277 1395 circumferrentur
1291 1367 1462 1397 veterum
1482 1358 1644 1411 Sibylli-

183 1439 313 1464 norum
333 1422 566 1474 exemplaria
591 1422 644 1473 (id
669 1422 746 1472 jam
769 1420 822 1459 ibi
844 1429 1115 1467 monstratum,
1150 1420 1323 1473 pluribus
1360 1423 1399 1460 in
1423 1424 1596 1462 Excursu
1615 1425 1647 1463 V

185 1499 359 1543 arguetur
380 1486 571 1540 indiciis),
598 1500 793 1538 quumque
822 1500 891 1525 nec
911 1486 1035 1524 statim
1058 1500 1127 1524 nec
1152 1487 1227 1524 cito
1255 1486 1482 1525 intercidere
1511 1496 1647 1527 cuncta

185 1556 374 1609 potuerint
394 1554 591 1607 (nonnulla
608 1561 711 1591 certe
730 1552 963 1604 superfuisse
981 1566 1134 1591 necesse
1153 1561 1209 1590 est
1223 1580 1235 1596 ,
1252 1552 1407 1604 quando
1424 1553 1471 1591 ad
1492 1567 1560 1592 nos
1578 1568 1647 1606 per

185 1621 398 1673 apographa
431 1618 700 1671 pervenerunt)
717 1649 726 1664 ‚
763 1617 969 1663 verisimile
1002 1626 1058 1655 cst
1088 1617 1365 1667 Sibyllinorum
1394 1628 1533 1657 nomeu
1567 1633 1644 1658 non

187 1686 286 1737 prins
302 1684 350 1722 ad
368 1684 441 1722 alia
462 1682 640 1721 transisse
656 1681 838 1720 vaticinia
853 1690 968 1732 quam
988 1681 1045 1719 illi
1065 1682 1299 1733 antiquiores
1321 1682 1407 1720 libri
1427 1696 1584 1735 prorsus
1601 1698 1649 1722 ex

189 1764 248 1789 usu
269 1763 311 1787 nc
339 1748 522 1787 memoria
546 1746 742 1785 bominum
769 1746 1020 1793 excidissent,
1046 1746 1152 1797 quod
1168 1758 1262 1784 'sero
1282 1747 1443 1796 factum,
1471 1761 1540 1786 nec
1560 1756 1649 1786 ante

188 1815 327 1866 aliquot
349 1814 506 1851 sortasse
523 1812 672 1851 saecula.

236 1880 301 1918 Est
319 1877 474 1930 quidem
490 1877 630 1916 saeculo
650 1875 799 1914 decimo
816 1874 959 1913 clarum
979 1888 1023 1913 ac
1039 1887 1140 1925 saepe
1161 1874 1297 1914 dehoc
1317 1885 1543 1928 argumento
1558 1890 1650 1929 pro-

189 1945 295 1983 latum
320 1944 578 1982 testimonium
603 1939 831 1992 Luitprandi
850 1940 888 1977 in
910 1939 1136 1990 Legatione,
1156 1953 1194 1991 p.
1216 1942 1307 1988 484,
1328 1941 1388 1981 ed.
1416 1942 1573 1992 Mutat„
1593 1942 1651 1980 his

193 2008 336 2047 verbis:
366 2025 382 2042 «ι
396 2008 545 2046 Habent
574 2005 698 2045 Graeci
716 2012 753 2043 et
774 2003 953 2043 Saraceni
972 2002 1091 2041 libros
1112 2016 1208 2055 quos
1230 2003 1365 2056 δράσεις
1384 2005 1462 2043 sive
1488 2005 1653 2044 visiones

192 2090 205 2106 n
221 2072 384 2111 Danielis
403 2079 565 2119 vocant,
587 2084 657 2121 ego
676 2078 802 2107 autem
825 2068 1054 2118 Sibyllinos,
1076 2069 1114 2106 in
1133 2068 1274 2119 quibus
1293 2069 1480 2121 scriptum
1501 2071 1653 2121 reperi·

193 2155 206 2170 0«
223 2145 294 2185 tur,
315 2144 410 2187 quot
428 2135 537 2173 minis
561 2135 770 2184 imperator
789 2132 950 2182 quisque
969 2132 1091 2180 vivat,
1113 2146 1197 2182 ‹11¹ae
1216 2133 1292 2170 sint
1311 2133 1442 2178 sutura
1460 2147 1507 2171 eo
1527 2134 1652 2184 impe-

194 2218 206 2233 «ι
223 2202 357 2239 ritante
379 2209 570 2251 tempora,
585 2211 661 2250 pax
674 2210 720 2235 an
738 2196 923 2244 simultas,
946 2196 1117 2234 secundm
1144 2197 1421 2236 Saracenorum
1437 2211 1497 2236 res
1516 2211 1562 2236 an
1580 2197 1652 2236 ad-

195 2282 207 2298 «
221 2277 370 2302 versae.»
384 2264 525 2302 Verum
545 2263 584 2300 in
606 2275 652 2299 eo
668 2260 885 2299 testimonio
904 2259 1116 2298 notandum
1134 2269 1209 2307 cst,
1233 2262 1398 2311 primum
1419 2275 1494 2299 non
1512 2262 1653 2300 Graecis

196 2337 329 2366 tantum
342 2358 353 2376 ,
376 2327 441 2367 sed
460 2328 572 2366 ctiam
591 2325 784 2365 Saracenis
804 2338 1026 2362 communes
1053 2325 1169 2363 fuisse
1188 2325 1279 2363 istos
1299 2325 1438 2373 libros,
1462 2334 1505 2364 ut
1526 2335 1652 2365 nstro-

155 2437 158 2440 *
194 2390 294 2443 logici
313 2393 441 2443 potius
460 2405 574 2443 quam
594 2389 771 2441 Sibyllini
786 2389 936 2440 generis
956 2389 1070 2427 fuisse
1091 2389 1312 2437 videamini-3
1334 2390 1475 2428 deinde
1497 2389 1653 2442 Sibylli-

198 2469 259 2493 nos
273 2456 319 2494 ab
338 2457 424 2508 ipso
445 2456 599 2507 quidem
620 2454 1033 2507 Luitprandohvocarss
1050 2468 1127 2492 non
1144 2468 1237 2493 vcro
1254 2468 1273 2492 a
1293 2456 1448 2502 Graecis,
1465 2469 1486 2493 a
1503 2455 1655 2506 quibus,

200 2520 276 2570 ipso
299 2530 413 2573 teste,
432 2521 601 2559 Danielis
619 2520 785 2558 visiones
812 2518 1146 2570 nuncupabantur,
1177 2519 1292 2570 impio
1326 2519 1466 2557 falsarii
1497 2520 1658 2571 alicujus

202 2586 396 2624 mendacio.
426 2586 502 2624 Nec
532 2594 656 2622 tamen
680 2584 912 2635 pertinacius
944 2583 1178 2621 contendere
1205 2583 1370 2620 ansimus
1397 2597 1473 2621 non
1501 2584 1656 2622 eosdem

201 2647 308 2687 libros
326 2650 517 2688 interdum
530 2649 738 2699 Sibyllinos
758 2648 880 2687 dictos
900 2648 1061 2698 illisjam
1079 2646 1314 2698 temporibus
1333 2647 1470 2693 fuisse,
1492 2647 1557 2686 sed
1580 2648 1658 2686 lato

202 2723 328 2761 sensu,
351 2714 390 2752 id
422 2723 500 2763 est,
528 2713 701 2751 fatidicos
720 2720 758 2751 et
785 2712 1055 2764 propheticos,
1075 2724 1153 2763 quo
1174 2725 1285 2749 sensu
1314 2724 1379 2750 eos
1409 2711 1582 2751 videmus
1609 2711 1660 2751 ab
1683 2744 1688 2750 .

202 2774 280 2825 ipso
303 2778 539 2830 Luitprando
556 2779 609 2816 sic
628 2777 772 2818 vocari.

252 2841 433 2881 Incertum
460 2857 506 2881 an
531 2843 701 2881 diversus
720 2841 769 2880 ab
796 2842 869 2881 illis
897 2839 1106 2896 visionibus
1135 2840 1250 2879 fuerit
1276 2840 1386 2893 liber,
1411 2853 1523 2892 quem
1555 2853 1661 2881 nouo
