1752 3495
153 160 248 206 270
339 123 342 127 ⁴
533 157 612 201 An
646 155 992 201 SlssYLLlNOS
1022 153 1232 200 mimos

153 256 349 297 desinente
363 252 520 306 vestigia
539 252 620 304 ejus
634 253 726 292 satis
743 260 875 305 aperta
894 257 1048 290 manent
1065 249 1168 302 apud
1187 248 1397 301 Sulpicium
1413 248 1608 299 Severum,

153 320 307 372 Dialog.
324 318 375 370 II,
393 318 415 370 5
437 318 498 367 16,
521 317 673 370 plenius
689 317 884 357 citandum
901 315 938 354 in
962 315 1058 356 Exc.
1072 314 1141 355 vl.

202 384 343 436 Utique
358 396 381 422 a
400 382 542 423 Graeeis
555 382 735 422 Patribus
756 380 915 419 transire
924 379 1005 431 jam
1022 387 1171 430 tempus
1189 385 1246 416 est
1263 376 1310 415 ad
1327 377 1496 425 Latinos,
1514 377 1613 418 inter

151 461 248 502 quos
267 448 432 500 primum
451 443 857 486 occurritTertulliani
877 443 1158 488 testimonium,
1176 441 1362 492 Sibyllina
1382 441 1550 480 carmina
1566 443 1611 481 ad

149 513 365 553 divinarum
392 525 515 563 usque
537 511 732 549 literarum
758 508 909 546 culmen
941 507 1158 554 evehentis,
1184 505 1252 546 lib.
1273 505 1332 556 11,
1352 505 1399 543 ad
1419 505 1609 555 Nationes,

151 591 240 631 pag.
259 577 322 625 75,
339 576 403 615 ed.
425 575 565 628 Rigalt.
587 574 776 621 «Adhuc,
793 572 942 624 inquit,
963 571 1012 610 de
1030 569 1470 610 Saturno-immorabor.
1487 597 1497 608 .
1513 598 1523 609 .
1544 585 1611 610 uec
1677 619 1681 625 ι

149 660 166 678 ι
180 641 467 694 praetermittam
486 639 636 691 potiora
654 636 871 675 testimonia
889 635 1104 673 divinarum
1123 635 1319 673 literarum
1333 663 1344 681 ,
1363 633 1504 685 quibus
1523 634 1610 674 fides

149 724 167 741 ι
185 719 257 759 pro
279 704 504 756 antiquitate
530 701 705 753 superior
732 700 908 738 debetur.
927 700 1024 737 Ante
1053 699 1154 737 enim
1178 698 1326 748 Sibylla
1345 711 1459 748 quam
1490 700 1611 738 omnis

148 771 378 809 «literatura
396 766 552 806 exstitit.
571 766 626 804 Ea
645 765 795 803 senario
815 777 923 802 versu
945 763 984 801 in
999 763 1101 801 hunc
1115 776 1265 801 sensum
1286 762 1334 801 de
1351 763 1505 801 Saturni
1523 777 1611 815 pro·

149 853 166 870 α
184 834 287 886 sapia
315 842 354 872 et
374 830 488 870 rebus
506 829 588 881 ejus
612 829 797 880 exponit:
818 845 833 862 α
846 828 1015 874 Decima,
1031 827 1178 878 inquit,
1195 827 1369 878 genitura
1394 826 1607 875 hominum,

149 916 166 934 ι
184 911 232 936 ex
252 909 329 949 quo
356 895 622 944 cataclysmum
649 893 734 945 [sic]
761 892 957 944 prioribus
980 891 1140 938 accidit,
1168 891 1344 942 regnavit
1366 890 1552 929 Saturnus
1575 900 1610 929 et

149 980 167 997 ι
184 962 297 1002 Titan
313 968 350 998 et
369 960 520 1010 Iapetus
545 957 674 1010 [codd.
697 957 805 1004 male,
820 955 901 1007 jam
925 955 1055 1007 satus]‚
1076 957 1207 995 Terrae
1226 963 1264 993 et
1295 954 1390 994 Coeli
1418 954 1610 995 fortissimi

148 1044 166 1060 ι
184 1025 263 1064 fini.
277 1042 293 1060 υ
309 1024 403 1071 Quae
422 1012 504 1074 ipsa
519 1021 807 1072 suntSibyllina
827 1020 954 1069 verba,
976 1020 1044 1059 nb.
1062 1021 1130 1065 111,
1143 1034 1179 1059 v.
1203 1021 1288 1067 ωε,
1306 1033 1389 1072 sqq.
1415 1034 1424 1056 =

306 1087 378 1128 Καὶ
395 1086 472 1126 τότε
492 1086 533 1133 δὴ
556 1086 683 1134 δεκάτη
698 1085 798 1137 γενεὴ
821 1084 983 1139 μερόπων
1004 1083 1218 1137 ἀνθρώπων,

237 1175 240 1179 ·
303 1149 367 1196 Ἐξ
384 1144 491 1204 οἷπερ
509 1149 754 1201 κατακλυσμὸς
772 1149 831 1187 ἐπὶ
846 1148 1162 1201 προτέρουςζγένεθ
1177 1148 1303 1200 ἄνδρας
1315 1178 1325 1198 ,

303 1214 374 1255 Καὶ
395 1215 578 1267 βασίλευσε
597 1214 746 1267 Κρόνος,
764 1213 824 1252 καὶ
843 1213 970 1261 Τιτὰν,
989 1212 1143 1257 Ἰαπετός
1158 1228 1197 1252 τε
1209 1244 1219 1261 ,

303 1279 413 1328 Γαίης
425 1279 531 1318 τέκνα
547 1278 691 1333 φέριστα
709 1278 769 1318 καὶ
783 1280 956 1332 Οὐρανοῦ.

146 1345 252 1386 Idem
272 1344 322 1383 de
340 1344 486 1393 Pallio,
508 1345 530 1395 §
552 1357 574 1381 a
605 1357 616 1384 τ
645 1361 661 1377 e«
676 1344 805 1391 Quum
827 1344 930 1381 inter
948 1343 1090 1382 insulas
1109 1342 1213 1381 nulla
1228 1340 1307 1392 jam
1337 1340 1474 1388 Delos,
1493 1353 1610 1379 arenae

147 1411 331 1458 ·Samos,
359 1418 396 1448 et
421 1408 566 1460 Sibylla
597 1421 675 1447 non
707 1407 923 1454 mendax‚»
944 1407 1011 1459 qui
1039 1415 1094 1452 est
1116 1406 1183 1445 lib.
1210 1405 1325 1453 VIII,
1348 1418 1386 1443 v.
1419 1404 1506 1450 165,
1526 1417 1608 1456 sq.:

303 1474 434 1513 Ἔσται
444 1501 639 1514 ........
665 1472 725 1511 καὶ
743 1474 856 1519 Δῆλος
873 1471 1014 1519 ἄδηλος,

305 1536 378 1578 Καὶ
408 1537 530 1588 Σάμος
550 1537 686 1589 ἅμμος,

145 1603 260 1643 etiam
282 1602 390 1640 libris
415 1603 466 1642 III
490 1611 527 1641 et
547 1602 612 1653 lv,
634 1601 767 1653 paucis
786 1601 956 1648 mutatis,
977 1600 1131 1640 obvius.
1150 1599 1379 1650 Quanquam
1397 1595 1610 1647 Fabricius,

146 1677 176 1711 t.
193 1668 233 1715 I,
249 1681 288 1720 p.
303 1667 394 1714 282,
414 1666 478 1706 ed.
500 1666 621 1714 Harl„
642 1665 835 1717 pertinere
856 1665 930 1703 hoc
947 1664 1075 1716 potius
1095 1672 1208 1716 putat
1226 1663 1274 1702 ad
1289 1661 1440 1701 celebre
1461 1660 1610 1712 aliquod

145 1734 250 1772 inter
276 1745 445 1784 paganos
475 1731 710 1778 vaticinium,
735 1729 972 1768 contendens
991 1729 1271 1769 Tertullianum
1297 1727 1485 1779 Sibyllina
1507 1725 1611 1764 testi-

147 1797 275 1836 monia
295 1796 404 1836 nihili
425 1797 568 1845 facere,
597 1795 700 1847 quod
721 1795 855 1833 falsum
873 1803 952 1833 est:
972 1807 1057 1832 nam
1077 1793 1166 1832 vide
1183 1805 1301 1844 supra
1319 1790 1368 1829 ab
1387 1791 1472 1843 ipso
1488 1789 1608 1827 citata.

147 1862 197 1901 Et
211 1860 334 1909 idem,
353 1861 555 1913 Apologet.
585 1873 670 1912 pag.
697 1873 734 1908 7,
764 1858 830 1897 ubi
849 1858 1090 1897 Hadrianum
1113 1875 1131 1892 ιι
1148 1857 1416 1896 curiositatum
1445 1854 1609 1893 omnium

145 1943 163 1960 ι
176 1925 460 1978 exploratorem
475 1932 639 1973 »vocat‚,
662 1924 820 1962 fortasse
839 1923 1005 1975 respexit
1023 1922 1069 1961 ad
1087 1922 1238 1973 Sibyll„
1253 1920 1319 1960 lib.
1343 1920 1432 1959 VIII
1444 1945 1458 1963 ‚
1477 1932 1515 1958 v.
1535 1918 1580 1956 56
1600 1930 1609 1957 :

303 1989 373 2030 Καὶ
393 1990 552 2041 μαγικῶν
572 1988 706 2027 ἀδύτων
724 1987 900 2041 μυστήρια
917 1987 1034 2027 πάντα
1051 1987 1198 2034 καθέξει.

145 2056 196 2095 Et
221 2069 342 2108 quum
369 2055 418 2094 ad
434 2055 623 2105 Martyres
641 2054 849 2101 exclamat,
873 2067 911 2105 p.
936 2053 1006 2101 157
1026 2068 1036 2092 ε
1054 2070 1070 2087 «
1094 2054 1242 2091 Bonum
1275 2063 1436 2102 agonem
1455 2045 1610 2087 subituri

144 2121 275 2169 ·estis,
298 2121 338 2159 in
366 2133 445 2172 quo
463 2119 710 2171 agonothetes
738 2120 844 2158 Deus
867 2119 977 2156 vivus
1007 2126 1118 2163 σεεμ»
1141 2116 1212 2155 etsi
1238 2116 1313 2154 hoc
1335 2128 1357 2153 a
1387 2113 1510 2154 Paulo
1529 2125 1607 2150 mu-

146 2184 244 2224 tuari
276 2184 417 2237 potuit,
435 2183 486 2224 ad
503 2183 675 2224 Timoth.
705 2183 736 2232 1,
753 2196 835 2234 cap.
867 2182 904 2230 6,
935 2194 971 2222 v,
998 2194 1042 2220 ια
1056 2211 1067 2230 ,
1090 2194 1169 2220 non
1188 2187 1318 2233 potest
1338 2178 1452 2218 nobis
1470 2191 1546 2216 non
1572 2176 1607 2213 in

145 2258 309 2289 mentem
324 2248 570 2296 venire-libri
595 2249 631 2288 11
653 2247 760 2286 locus
787 2247 975 2298 insignis:

300 2313 373 2354 Καὶ
389 2313 467 2352 τότε
481 2311 550 2367 γὰρ
569 2311 678 2365 μέγας
697 2306 792 2356 αὖθις
811 2310 922 2365 ἀγών,
941 2327 976 2350 κ.
996 2327 1032 2352 τ.
1052 2312 1086 2350 λ.

194 2378 366 2417 Dimidio
392 2378 470 2417 sere
493 2378 632 2416 saeculo
655 2377 848 2430 posterior
872 2375 1069 2415 Arnobius
1088 2375 1245 2426 Sibyllae
1269 2373 1463 2423 meminit,
1483 2379 1607 2410 contra

144 2443 307 2490 Gentes,
327 2442 395 2483 lib.
417 2443 456 2491 I,
476 2457 515 2496 p.
538 2444 601 2488 38,
617 2442 681 2484 ed.
706 2442 818 2490 1651,
844 2441 903 2480 his
921 2440 1076 2481 verbis:
1093 2441 1161 2481 «Si
1180 2453 1258 2492 quo
1280 2447 1452 2491 tempore
1471 2434 1608 2486 Sibylla

143 2524 160 2543 ι
177 2520 346 2560 praesaga
365 2509 521 2547 oracula
547 2508 614 2548 illa
631 2507 862 2560 depromens
887 2504 1092 2554 fundebat,
1116 2505 1174 2551 vi,
1192 2512 1236 2543 ut
1263 2504 1408 2553 dicitis,
1427 2499 1606 2554 Apollinis

145 2572 308 2624 «plena,
332 2572 382 2611 ab
407 2573 536 2625 impiis
563 2582 662 2612 esset
689 2585 784 2611 caesa
803 2580 917 2622 atque
935 2570 1136 2608 interfecta
1156 2568 1392 2619 latronibus,
1412 2585 1428 2602 n
1454 2566 1605 2605 soi-tasse

146 2649 224 2676 non
243 2636 325 2676 sine
342 2646 517 2690 respectu
541 2638 589 2677 ad
606 2646 778 2677 extrema
796 2635 975 2686 Sibyllini
991 2634 1080 2674 libri
1097 2635 1189 2683 VII,
1207 2648 1248 2675 v.
1272 2634 1360 2684 158,
1384 2644 1466 2685 sqq.
1486 2643 1495 2670 ε

341 2729 458 2742 .....
466 2701 557 2741 Ἀλλ’
574 2700 687 2754 ὀλέσει
700 2715 744 2751 με
759 2699 864 2745 κακὸς
876 2699 998 2752 χρόνος
1009 2729 1021 2752 ,
1036 2699 1116 2739 ἔνθα
1129 2699 1238 2752 τάφον
1256 2713 1315 2751 μοι

300 2762 495 2819 Ἄνθρωποι
511 2763 667 2812 τεύξουσι
680 2763 936 2818 παρερχόμενοῖ
954 2779 998 2815 με
1013 2759 1192 2816 θαλάσσῃ,

303 2830 373 2870 Καί
392 2845 435 2882 με
452 2829 561 2874 λίθοις
576 2829 746 2869 ὀλέσουσι.
