1686 3500
651 158 960 203 Exeulzsus
996 159 1076 204 νι.
1382 190 1390 201 .
1461 197 1479 218 ‚
1509 161 1600 206 527

177 256 336 296 Omissis
366 268 458 308 ergo
490 256 709 294 millenariis
734 257 1096 306 allucinationibus,
1127 270 1259 296 rursus
1292 270 1379 296 eum
1408 258 1509 297 libro
1541 259 1603 307 ll,

125 321 191 373 qui
208 321 368 373 propius
387 321 436 359 ud
457 334 589 358 verum
610 320 792 359 Ecclesiae
810 333 960 359 sensum
978 319 1146 366 accedit,
1162 320 1337 360 ordinem
1355 321 1528 373 supremi
1542 321 1606 372 ju-

124 386 214 424 ‹licii
243 398 532 437 persequemur,
546 384 594 423 ab
615 385 728 424 unica
750 386 813 424 illa
832 394 1071 423 mortuorum
1090 386 1370 424 resurrectione
1390 387 1605 438 proceden-

127 460 196 497 tes,
219 464 294 501 qua
309 450 403 502 justi
421 464 554 489 omnes
574 450 785 503 injustique
807 451 924 489 modo
944 464 964 489 e
988 450 1174 501 sepulcris
1199 452 1347 490 evocati
1369 460 1470 490 sunt.

471 708 584 748 CAD.
611 708 745 748 xxm.
767 707 923 754 Desoro
935 715 974 744 et
989 705 1166 744 tribunale·
1182 709 1265 744 Dei,

179 828 438 889 'l'empusja'm
459 836 592 884 adest,
611 850 688 887 quo
713 837 813 874 Deus
834 834 1034 887 injudicio
1058 833 1211 881 sedeat,
1237 834 1334 872 sicut
1349 834 1533 886 scriptum
1551 845 1607 874 est

125 901 194 943 lib.
215 902 271 950 ΙΙ,
296 915 328 938 v.
351 907 441 953 240,
459 914 570 953 sqq.:

290 966 359 1006 Καὶ
376 967 502 1020 καθίσῃ
521 963 676 1007 Σαὸαὼθ
694 961 841 1005 Ἀδωναῒ
862 964 1088 1019 ὑψικέραυνος

290 1032 348 1075 Εἷς
363 1031 480 1085 θρόνον
499 1029 658 1084 οὐράνιον
670 1061 681 1077 ,
701 1045 736 1068 κ.
753 1045 783 1068 τ.
800 1030 834 1067 λ.
1007 1021 1010 1024 ’

126 1095 223 1135 lllud
247 1104 304 1134 est
324 1097 395 1134 Dei
413 1095 588 1134 altissimi
612 1094 776 1133 tribunal
802 1095 839 1133 in
867 1095 961 1133 caelo
980 1108 1097 1145 supra
1119 1095 1241 1134 nubes
1265 1096 1539 1146 constitutum,
1561 1097 1610 1136 ‹le

127 1173 206 1212 quo
226 1173 325 1212 saepe
346 1161 383 1198 in
401 1160 601 1212 Sibyllinis
620 1160 772 1211 legitur,
793 1160 848 1198 ἐπὶ
865 1159 1013 1210 βήματι,
1035 1161 1138 1210 Vlll,
1157 1174 1192 1200 v.
1211 1174 1302 1209 ου,
1319 1170 1358 1198 et
1381 1161 1435 1211 ll,
1456 1175 1492 1201 v.
1511 1163 1611 1211 2505

129 1224 285 1276 βήμασι,
308 1225 418 1272 Vlll,
437 1238 471 1264 v.
493 1226 565 1272 823
585 1224 641 1263 ἐπὶ
662 1226 759 1276 βῆμα
780 1225 908 1272 Θεοῖο,
932 1224 1016 1263 Vlll
1032 1254 1042 1273 ,
1061 1238 1095 1264 v.
1121 1221 1219 1265 122(

184 1290 396 1329 Notandum
418 1298 569 1338 autem,
586 1289 691 1341 quod
709 1289 883 1341 plerique
904 1289 1007 1341 apud
1025 1289 1255 1342 Sibyllistam
1276 1304 1353 1329 non
1368 1290 1458 1330 salis
1475 1290 1610 1330 obser·

128 1365 288 1402 varunt,
308 1356 440 1394 sedere
464 1356 501 1394 in
524 1356 623 1394 solio
642 1369 686 1394 ac
702 1355 850 1406 judicio
866 1369 1025 1407 praeesse
1048 1357 1166 1394 Deum
1183 1358 1356 1405 Patrem,
1380 1357 1447 1408 qui
1465 1357 1610 1408 poetica

127 1420 279 1459 dicendi
312 1421 464 1458 licentia
497 1420 690 1458 interdum
723 1421 763 1459 in
801 1421 943 1459 nostris
975 1421 1083 1459 libris
1105 1421 1208 1459 Deus
1234 1421 1315 1472 ipse
1342 1420 1503 1472 (licitur,
1525 1420 1616 1465 Θεὸς

127 1484 253 1536 αὐτός,
271 1493 311 1523 ut
331 1485 397 1525 lib.
420 1485 485 1534 lv,
507 1499 542 1524 v.
565 1487 637 1534 178
655 1485 787 1538 (182):

289 1551 360 1590 Καὶ
375 1550 454 1589 τότε
475 1551 515 1597 δὴ
531 1550 643 1604 κρίσις
658 1550 779 1598 ἔσται,
800 1545 892 1605 {qs}
912 1549 1046 1590 δικάσει
1061 1551 1151 1595 Θεὸς
1171 1549 1293 1599 αὐτός,

128 1623 166 1652 et
184 1615 287 1654 libro
311 1617 421 1663 Vlll,
446 1631 479 1653 v.
501 1619 578 1654 82:

286 1680 397 1725 Αὐτὸς
418 1679 679 1734 Παντοκράτωρ
699 1680 780 1720 ὅταν
799 1681 907 1720 ἐλθὼν
926 1681 1064 1734 βήμασι
1078 1681 1177 1736 κρίνῃ
1192 1711 1201 1727 ,

128 1755 164 1784 et
185 1748 221 1785 in
243 1747 318 1785 hoc
338 1749 426 1798 ipso
441 1778 451 1795 ‚
471 1761 584 1797 quem
605 1747 767 1785 maxime
786 1748 995 1798 sequimur,
1012 1748 1112 1785 libro
1133 1748 1188 1795 11,
1208 1761 1244 1787 ν.
1265 1760 1364 1786 2202

290 1811 397 1854 Αὐτὸς
418 1813 436 1849 ὁ
457 1810 717 1864 Παντοκράτωρ
736 1813 869 1859 Ονητῶν
884 1814 902 1850 ὁ
916 1812 1135 1855 δικασπόλος.

129 1875 240 1915 Unde
265 1889 364 1928 saepe
391 1877 429 1914 in
460 1877 661 1927 Sibyllinis
683 1878 787 1915 Deus
813 1877 935 1927 judex
967 1877 1195 1915 nominatur
1215 1878 1336 1930 κρίτης
1364 1876 1476 1930 βίοιο,
1507 1877 1613 1926 vlu,

130 1947 221 1991 441,
244 1942 499 1996 δικαιοκρίτης,
531 1943 603 1989 lll,
632 1948 730 1990 704,
749 1943 858 1980 nullo
887 1956 1141 1994 personarum
1168 1943 1270 1980 sacto
1303 1942 1544 1992 discrimine,
1571 1952 1614 1982 ut

128 2007 322 2058 praecipue
339 2008 443 2046 Deus
466 2008 583 2046 Pater
599 2008 870 2060 intelligendus
892 2008 1082 2050 videatur.

181 2073 342 2124 Sumpta
359 2082 416 2111 est
435 2074 538 2111 haud
562 2073 679 2111 dubie
705 2087 749 2111 ea
767 2074 941 2112 doctrina
963 2088 1009 2112 ex
1030 2075 1236 2126 evangeliis
1254 2074 1409 2122 Manli„
1437 2087 1524 2127 cap.
1545 2075 1610 2123 26,

129 2151 165 2178 v.
185 2139 259 2189 δίη
291 2139 421 2186 Marc„
443 2152 527 2191 cap.
556 2146 615 2191 14,
636 2153 671 2177 v.
695 2141 772 2180 62:
796 2158 811 2173 a«
829 2139 1018 2178 Videbitis
1043 2140 1160 2178 lilium
1185 2139 1349 2178 hominis
1378 2139 1571 2179 sedentem
1591 2155 1613 2179 a

129 2220 145 2238 «ι
166 2204 312 2241 dextris
330 2204 484 2242 virtutis
499 2204 570 2242 Dei
594 2206 729 2256 (graece
745 2206 783 2243 ἐκ
800 2203 918 2249 δεξιῶν
936 2207 998 2250 τῆς
1016 2204 1208 2255 δυνάμεως,
1227 2205 1366 2243 omissa
1383 2219 1476 2244 voce
1490 2206 1613 2257 Θεοῦ),

128 2286 143 2302 «ι
163 2276 200 2305 et
217 2268 429 2306 venientem
448 2269 484 2306 iu
506 2270 636 2319 (Marc.
651 2270 755 2319 cum)
772 2269 940 2308 nubibus
952 2270 1034 2308 caeli
1049 2287 1074 2307 υ.
1089 2270 1188 2308 lllud
1207 2283 1298 2321 ergo
1314 2269 1478 2308 alterum
1491 2270 1613 2309 divini

127 2332 397 2384 Redemptoris
416 2334 590 2381 effatum,
608 2334 710 2386 apud
729 2334 871 2374 Jonnn.
887 2348 1020 2385 evang.
1040 2348 1126 2386 cap.
1143 2335 1180 2381 5,
1196 2347 1232 2372 v.
1246 2348 1292 2372 22
1307 2349 1316 2372 z
1332 2351 1347 2364 κ
1362 2335 1492 2386 Neque
1510 2334 1612 2373 enim

129 2417 143 2433 ιι
165 2398 444 2450 l’aterjudicat
467 2412 699 2449 quemquam
714 2428 722 2443 ‚
744 2400 807 2437 sed
841 2413 954 2437 omne
976 2400 1167 2451 judicium
1190 2399 1296 2437 dedit
1322 2399 1418 2437 Filio
1434 2417 1473 2447 υ,
1500 2400 1612 2438 latius

131 2464 456 2515 interpretabatur
473 2463 668 2515 Sibyllista
687 2478 800 2516 quam
822 2465 934 2503 ‹livus
953 2466 1187 2516 Augustinus
1202 2464 1250 2502 de
1264 2464 1344 2504 Civ.
1365 2466 1428 2512 l).,
1446 2464 1513 2503 lib.
1534 2465 1614 2511 ΧΧ,

130 2542 216 2579 cap.
249 2529 311 2575 30,
338 2529 386 2566 de
403 2529 518 2567 Patre
538 2529 670 2567 dicens
694 2518 739 2568 2¹«
757 2532 849 2569 Nam
876 2532 958 2581 ipse
983 2544 1049 2582 per
1068 2544 1144 2567 suae
1167 2526 1378 2581 praesentiae'
1395 2530 1614 2569 manifesta-

128 2594 306 2631 «tionem
339 2608 416 2632 non
451 2594 600 2643 J‘udicat
628 2608 886 2645 quemquam;
914 2595 980 2634 sed
1007 2609 1120 2633 omne
1144 2595 1334 2644 judicium
1370 2595 1478 2633 dedit
1499 2595 1611 2643 Filio,

130 2676 144 2692 n
168 2658 234 2708 qui
261 2659 572 2697 manifestabitur
596 2660 713 2698 homo
737 2660 1003 2710 judicaturus,
1034 2661 1131 2697 sicut
1160 2660 1276 2697 homo
1302 2667 1359 2698 est
1373 2659 1568 2711 judicatus
1581 2677 1609 2700 ι.

132 2723 292 2769 Noster,
325 2733 366 2760 ut
396 2733 529 2773 poeta,
563 2724 675 2762 aliam
708 2725 1065 2777 interpretationem
1089 2733 1241 2761 secutus
1275 2731 1351 2768 est,
1376 2737 1488 2775 quam
1516 2732 1554 2761 et
1572 2717 1609 2760 iu

131 2787 359 2838 apocrypho
382 2788 530 2826 Enochi
550 2788 650 2826 libro
665 2817 675 2835 ,
696 2789 742 2826 ad
767 2788 970 2827 Ecclesiam
999 2788 1111 2839 primi
1129 2788 1256 2825 speculi
1285 2787 1610 2838 judaeo-christia-

132 2864 216 2888 nam
245 2852 478 2902 pertinente,
503 2866 724 2904 expressam
749 2854 962 2904 reperimus
997 2853 1053 2889 his
1080 2853 1157 2889 sere
1179 2851 1320 2902 von-bis,
1343 2864 1388 2888 ex
1408 2850 1610 2901 aethiopica
