1752 3495
709 168 1010 212 EXCURSUS
1045 170 1077 213 1·.
1597 170 1626 214 9

169 280 244 306 non
264 266 401 318 plurali
427 265 589 316 Sibyllas
608 272 762 312 vocent,
782 263 1000 303 inducimur
1015 263 1094 316 jam
1126 272 1167 302 ut
1185 275 1357 316 putemus
1381 279 1457 304 non
1480 265 1627 317 plures,

168 329 233 369 sed
255 344 367 368 unam
383 330 430 368 ab
458 330 503 367 iis
522 328 686 379 agnitam
710 328 836 368 fuisse.
861 327 941 367 Nec
962 328 1072 366 aliter
1088 328 1198 366 Plato
1215 329 1251 366 in
1277 331 1453 381 Theage,
1473 343 1522 381 p.·
1542 336 1626 374 1αή,

168 395 228 432 ed.
249 395 376 445 steph.
393 409 401 431 ε
419 392 543 435 Εἴποις
561 390 602 429 ἂν
623 386 680 429 οὖν
700 406 759 441 μοι
776 391 854 430 τίνα
873 391 1073 442 ἐπωνυμίαν
1091 391 1164 443 ἔχει
1184 391 1290 435 Βάκις
1305 408 1344 431 τε
1367 394 1426 432 καὶ
1448 393 1605 433 Σίόυλλα
1617 423 1627 441 ,

168 467 207 496 et
225 458 262 496 in
284 457 466 503 Pliaedr0‚
483 469 522 506 p.
540 460 612 500 244
634 468 643 495 :
669 455 740 494 Καὶ
759 454 815 494 ἐὰν
842 454 883 502 δὴ
903 455 1058 506 λέγωμεν
1079 454 1256 495 Σίὸυλλαν
1275 471 1312 493 τε
1333 456 1391 494 καὶ
1414 458 1551 501 ἄλλους.
1576 459 1629 496 Ασ-

168 535 291 572 neque
314 521 422 559 aliter
443 519 603 556 sensisse
623 518 771 556 videtur
789 520 1030 565 Aristoteles,
1049 520 1222 570 quamvis
1242 518 1430 558 Problem.
1447 531 1538 560 sect.
1563 523 1626 567 30,

168 594 298 635 quaest.
323 599 356 634 ι,
388 597 426 634 p.
452 583 525 630 817
542 612 552 630 ,
581 582 641 622 ed.
674 583 783 630 Vall.,
816 584 866 620 ita
891 582 1032 621 scribat
1053 597 1061 619 :
1082 582 1189 622 *Ὅθεν
1220 581 1275 636 [ἐκ
1299 586 1361 630 τ’ἧς
1384 583 1628 637 μελαγχολίας]

168 648 337 687 Σίὸυλλαι
355 646 414 685 καὶ
432 645 576 689 Βάκιδες
594 645 650 684 καὶ
683 648 714 684 οἱ
739 645 845 684 ἔνθεοι
859 645 1008 698 γίνονται
1028 644 1151 689 πάντες
1168 661 1176 684 x
1202 659 1287 683 nam
1313 645 1468 697 pluralis
1488 647 1540 683 ibi
1554 661 1628 684 nu-

169 725 292 750 merus
309 725 379 762 pro
403 711 582 761 singulari
597 711 687 761 poni
706 711 842 761 potuit.
859 715 906 749 At
923 711 1021 748 libro
1035 711 1082 748 de
1100 709 1253 757 Mirab„
1269 723 1310 760 p.
1330 710 1440 755 1158,
1455 709 1501 747 de
1520 718 1627 747 antro

166 777 324 827 loquens
340 776 516 813 Cumanae
545 773 697 825 Sibyllae
728 788 841 825 quani
875 774 1046 823 Erythris
1074 773 1274 811 oriundam
1305 772 1393 810 facit
1418 771 1630 822 εΘάλαμος,

167 839 311 890 inquit,
331 836 510 889 κατάγειος
539 837 713 883 Σιὸύλλης
745 840 805 882 τῆς
835 834 1081 888 χρησμολόγου
1096 866 1105 884 ,
1139 835 1224 882 ubi,
1254 836 1283 873 si
1310 836 1437 886 plures
1467 835 1629 885 Sibyllas

165 902 419 954 cognovisset,
438 901 501 938 vix
515 901 677 939 articulo
697 903 759 947 τῆς
779 914 867 938 usus
890 909 999 946 esset,
1019 914 1061 937 ac
1086 900 1149 936 vix
1171 900 1407 937 occasionem
1426 899 1629 944 omisisset,

164 980 281 1018 quum
297 965 343 1003 de
360 979 431 1002 una
449 973 590 1016 ageret,
606 965 747 1016 aliquid
766 965 814 1002 ‹le
830 965 966 1002 ceteris
982 964 1171 1001 tradendi.
1186 965 1275 1002 Utut
1292 964 1354 1009 sit,
1374 972 1550 1014 putamus
1568 978 1632 1002 us-

165 1045 238 1082 que
253 1031 300 1069 ad
314 1030 517 1068 Alexandri
530 1031 606 1068 fere
622 1040 808 1082 tempora,
821 1038 974 1080 recepta
992 1029 1106 1079 vulgo
1121 1029 1315 1080 opinione,
1329 1042 1442 1066 unam
1456 1043 1477 1067 a
1488 1031 1630 1070 Graecis

165 1097 326 1146 agnitam
345 1095 459 1133 fuisse
478 1094 657 1145 Sibyllam
670 1124 680 1141 ,
705 1095 863 1134 Athenis
878 1095 1008 1132 saltem
1023 1107 1033 1144 3
1055 1106 1271 1144 quanquam
1288 1101 1325 1131 et
1342 1092 1432 1131 alibi
1452 1107 1606 1146 quoque
1619 1125 1630 1146 ,

164 1160 347 1210 siquidem
371 1154 601 1198 lleraelituin
627 1160 832 1211 Ephesium
852 1159 966 1197 modo
987 1160 1037 1196 ita
1058 1159 1276 1209 loquentem
1298 1157 1523 1198 audivimus.

570 1371 675 1409 CAP.
697 1372 742 1410 ll.
768 1373 824 1408 De
841 1370 984 1419 Se'byllcz
1006 1372 1220 1419 Erythrcea.

215 1487 470 1533 Quaerendum
492 1500 594 1525 nunc
619 1487 711 1538 quid
732 1488 787 1525 illi
808 1497 954 1526 veteres
974 1487 1021 1525 de
1040 1488 1149 1525 unica
1168 1501 1235 1525 sua
1259 1486 1403 1538 Sibylla
1425 1489 1631 1534 senserint,

162 1558 199 1588 et
220 1551 400 1601 quoniam
430 1551 559 1602 plures
580 1560 712 1602 postea
742 1560 957 1589 numeratas
990 1564 1070 1589 esse
1096 1551 1280 1600 diximus,
1308 1564 1479 1602 quaenam
1511 1565 1558 1590 ex
1585 1553 1630 1589 iis

161 1615 297 1666 insigni
315 1615 379 1653 illa
399 1616 497 1653 fama
525 1615 733 1666 antiquitus
757 1614 916 1666 praedita
941 1615 1066 1652 suerit.
1093 1616 1175 1653 Non
1197 1615 1270 1652 alia
1290 1629 1377 1653 sane
1397 1629 1508 1666 quam
1533 1616 1632 1666 Ery-

161 1679 296 1725 tliraeas,
317 1693 382 1717 seu
403 1693 487 1730 quae
518 1680 717 1730 Erytliraea
747 1679 988 1719 credebatur.
1011 1681 1130 1718 Docet
1152 1680 1190 1718 id
1211 1681 1300 1718 satis
1331 1689 1462 1731 aperte
1483 1681 1631 1720 Aristo-

162 1742 266 1788 teles,
283 1743 359 1782 loc.
378 1743 454 1790 cit„
475 1744 541 1794 qui
561 1757 609 1781 ne
632 1743 933 1794 plui-essibyllas
949 1752 1183 1795 agnosceret,
1199 1758 1314 1795 quum
1333 1744 1380 1782 <le
1397 1746 1563 1783 Cumana
1579 1744 1631 1782 lo·

160 1815 357 1856 queretur,
375 1821 450 1844 nou
470 1807 657 1845 dubitavit
675 1809 792 1859 ipsam
811 1822 857 1845 ex
875 1809 959 1845 Asia
979 1809 1014 1845 in
1036 1809 1182 1847 ltaliam
1205 1809 1407 1856 adducere,
1422 1808 1628 1861 Ἰἰρυθραίαν

159 1863 275 1908 οὖσαν.
293 1871 369 1909 Nec
386 1871 494 1908 aliter
512 1870 697 1909 sentiebat
718 1872 846 1918 Plato,
870 1872 899 1908 si
919 1871 1139 1910 Selnoliastce
1162 1871 1253 1910 {ides
1268 1874 1314 1909 ad
1336 1872 1485 1911 Phaedri
1502 1872 1628 1910 locuni

160 1946 276 1984 snpra
309 1934 461 1972 citatum
483 1949 490 1972 :
519 1934 620 1973 Ἐπεὶ
645 1934 731 1981 αὐτή
751 1950 790 1986 γε
811 1938 832 1981 ἡ
855 1935 1062 1987 Ἔρυθραία,
1095 1934 1175 1986 περὶ
1200 1931 1241 1981 ἧς
1269 1938 1327 1972 νῦν
1347 1934 1440 1986 λέγει
1471 1935 1503 1987 [ὁ
1524 1935 1629 1975 Πλά-

160 1997 265 2048 των],
288 2013 320 2036 κ.
333 2013 364 2036 τ.
378 1999 412 2036 λ.
429 1998 563 2036 Cicero
584 1998 694 2035 etiam
710 2028 720 2045 ,
741 1998 931 2036 (1ο1)ἰνίῑι.
950 2000 980 2048 1,
999 2003 1017 2044 S
1042 1999 1110 2047 18,
1140 1998 1314 2036 fatidicos
1339 2011 1556 2049 numerans,
1579 2000 1630 2038 ita

161 2061 294 2100 scribit
323 2077 332 2100 τ
363 2080 379 2096 «
402 2062 649 2113 Epimenides
675 2063 784 2109 Cres,
806 2063 912 2099 Bacis
931 2062 1098 2100 Boeotius
1128 2070 1166 2100 et
1200 2062 1344 2113 Sibylla
1380 2063 1630 2114 Erythraea,»

161 2128 357 2165 manifesto
372 2128 418 2166 ad
431 2129 641 2166 Atticorum
657 2137 709 2175 et,
726 2142 836 2179 quem
853 2128 1003 2166 assidue
1020 2129 1210 2177 imitatur,
1221 2130 1391 2167 Platonis
1410 2131 1627 2181 opinionem

160 2192 379 2242 respicienS.
399 2193 538 2230 Confer
552 2193 747 2231 Plutarchi
767 2192 880 2239 locos,
905 2193 951 2230 ‹le
969 2193 1113 2243 Pytliire
1130 2187 1230 2230 orac.
1252 2193 1405 2244 passim,
1424 2207 1466 2231 ac
1484 2193 1531 2232 de
1547 2208 1629 2233 sera

160 2255 331 2293 Numinis
345 2255 466 2302 vind„
483 2255 550 2292 ubi
564 2256 748 2305 Sibyllam
762 2269 912 2306 semper
926 2269 1038 2293 unam
1057 2269 1216 2306 eamque
1228 2270 1378 2308 semper
1394 2258 1628 2307 Erythraeam

161 2319 313 2357 videtur
339 2333 556 2370 agnoscere.
582 2319 700 2370 Cujus
722 2320 913 2370 opinionis
939 2322 1047 2371 origo
1079 2334 1156 2358 non
1189 2320 1254 2359 diu
1283 2335 1352 2359 uec
1383 2323 1494 2373 longe
1519 2336 1626 2373 quae-

160 2383 278 2421 renda
296 2393 362 2422 est.
385 2425 387 2427 ¹

212 2448 340 2486 Fuisse
366 2448 464 2486 enim
489 2448 563 2487 illis
595 2448 831 2499 temporibus
862 2449 1015 2486 oracula
1047 2449 1222 2500 quaedam
1249 2449 1434 2500 Sibyllina
1459 2450 1521 2487 vel
1544 2459 1630 2488 tan-

158 2526 270 2563 quam
287 2513 472 2564 Sibyllina
495 2514 690 2551 hominum
714 2513 886 2551 manibus
903 2513 1041 2551 crebro
1057 2524 1219 2562 versata,
1237 2514 1351 2553 modo
1370 2528 1416 2553 ex
1434 2516 1628 2554 Heraclito

158 2586 271 2628 atque
299 2578 559 2629 Aristophane
575 2578 790 2619 didicimus.
816 2579 960 2616 Horum
984 2592 1076 2617 vero
1097 2593 1180 2631 quae
1204 2579 1436 2618 nobilissima
1455 2581 1626 2628 suerunt,

157 2643 322 2680 carmine
352 2644 517 2694 quodam
550 2644 844 2681 continebantur
876 2645 1088 2694 antiquitus
1118 2645 1289 2696 vulgato,
1319 2645 1426 2696 cujus
1457 2645 1626 2696 reliquiae

159 2708 349 2746 nonnullae
373 2708 420 2746 ad
453 2723 521 2747 nos
546 2717 822 2760 pervenerunt,
853 2707 1019 2747 breviter
1038 2722 1138 2747 nunc
1168 2718 1205 2747 et
1235 2711 1372 2762 raptim
1394 2709 1625 2756 indicandae,

159 2773 378 2823 priusquam
406 2787 426 2811 a
454 2773 564 2812 nobis
599 2774 637 2812 in
667 2775 839 2813 Excursu
864 2774 898 2811 11
925 2774 1044 2812 fusius
1073 2784 1328 2825 exponantur.
1353 2775 1514 2813 Carmen
1544 2782 1624 2811 erat

160 2834 230 2871 sub
253 2838 416 2877 mulieris
448 2840 598 2877 nornine
622 2840 804 2890 scriptum
821 2867 831 2886 ‚
859 2852 972 2890 quam
1003 2848 1108 2876 vetus
1131 2840 1286 2878 traditio
1310 2840 1493 2890 Sibyllam
1518 2838 1622 2876 credi
