1686 3500
626 299 937 345 EXCURSUS
973 299 1046 344 Vl.
1378 307 1385 318 ⁸
1477 299 1568 345 519

97 396 255 449 gentiles
277 405 410 448 poetas
428 383 572 448 graeeos
598 396 813 449 latinosque
844 397 1040 450 reperias,
1061 397 1291 449 Sophoclem
1311 398 1414 451 apud
1439 397 1571 437 divum

96 461 304 508 Jnnstinum,
317 460 365 500 de
384 461 586 503 Monarcb.
603 462 648 513 ‚S
666 463 708 508 3;
732 463 914 502 Ovidium
927 492 938 510 ‚
955 464 1108 503 Metam.
1130 464 1165 512 l,
1180 476 1216 502 v.
1235 463 1324 512 256,
1342 477 1440 517 sqq.;
1460 464 1569 503 alios.

99 531 224 577 Atque
252 538 297 565 eo
316 527 512 578 pertinere
530 535 636 578 patet
657 527 946 566 celeberrimam
979 529 1081 566 illam
1101 527 1167 581 (an
1186 541 1235 566 ex
1255 528 1487 582 Euripide?)
1503 529 1575 567 im·

98 590 376 642 precationem,
406 603 491 641 quae
509 591 625 629 etiam
650 591 687 629 in
708 591 958 643 proverbium
978 592 1116 631 cessit:

410 656 526 704 Ἐμοῧ
546 656 706 700 θανόντος
723 662 807 706 γαῖα
828 656 990 709 μιχθήτω
1006 656 1100 710 πυρί.

97 722 175 758 lmo
195 719 333 757 veteris
356 719 612 771 pliilosophiae
637 734 703 759 seu
735 721 984 773 cosmologiae
1005 734 1083 760 non
1109 720 1271 759 minima
1287 733 1376 773 pars
1402 720 1465 759 illa
1491 721 1576 768 suit,

91 785 169 836 jam
199 784 364 835 primum
388 784 436 822 ab
465 786 659 824 Heraclito
688 786 935 834 deducenda,
956 787 1021 838 qui
1045 786 1229 825 mundum
1260 799 1307 825 ex
1333 786 1422 837 igne
1445 794 1572 824 natum

97 861 227 886 rursus
240 848 280 887 in
296 849 421 899 ignem
437 862 681 888 reversurum
698 850 906 897 ‹loenerat3
927 849 1066 889 deinde
1084 864 1104 888 a
1117 849 1254 889 Stoicis
1270 849 1464 902 praecipue
1478 863 1580 888 com·

97 912 272 951 mendata
293 912 365 951 sub
388 914 548 965 proprio
568 913 795 968 ἐκπυρώσεως
817 915 992 960 nomine,
1016 914 1065 952 de
1095 927 1171 966 qua
1193 914 1267 953 loci
1290 923 1378 952 sunt
1394 914 1572 961 Seneca»,

95 978 250 1019 (Jonsol.
271 979 318 1016 ad
341 979 520 1016 Marciam
539 988 637 1019 extr.
656 988 694 1017 et
713 980 800 1021 Nat.
821 989 953 1032 qurest.
975 979 1043 1027 ΙΙΙ,
1058 992 1146 1030 cap.
1170 979 1234 1019 28.
1256 979 1340 1017 lluc
1355 978 1469 1016 etiam
1491 992 1574 1029 per·

97 1042 189 1079 tinet
214 1041 310 1080 Julii
331 1042 535 1094 Capitolini
562 1043 846 1082 narratiuncula
868 1044 905 1081 in
933 1044 1008 1081 vita
1032 1043 1086 1081 M.
1115 1044 1210 1083 Aur.
1244 1056 1282 1094 p.
1314 1043 1400 1082 182.
1426 1042 1502 1082 Sed
1524 1043 1572 1081 de

95 1107 166 1145 hae
182 1120 222 1144 re
239 1107 358 1145 multo
373 1107 552 1158 graviora
573 1118 662 1147 sunt
677 1122 873 1147 sacrorum
890 1109 1077 1146 librorum
1094 1108 1311 1146 testimonia
1326 1121 1445 1159 quum
1465 1109 1574 1146 Vete-

96 1172 159 1218 ris,
182 1179 260 1209 tum
280 1172 644 1219 Novi'sestamenti‚
668 1173 734 1224 qui
760 1173 943 1212 omnesin
963 1173 1033 1212 hac
1052 1172 1302 1224 praedictione
1316 1173 1575 1212 consentiunt.

96 1237 189 1274 Nam
204 1236 242 1274 in
264 1237 390 1275 Veteri
411 1237 564 1288 quidem
587 1239 731 1276 mentio
749 1239 930 1290 frequens
944 1247 1015 1286 est,
1034 1239 1264 1276 adventante
1287 1239 1384 1285 Deo,
1407 1246 1518 1276 terrae
1534 1238 1571 1275 iu

95 1303 241 1338 cineres
263 1301 440 1350 redactae,
459 1303 670 1353 praesertim
687 1305 725 1340 in
743 1303 904 1342 Psalmis
923 1312 959 1341 et
979 1303 1080 1355 apud
1103 1303 1332 1354 ProplictaS,
1351 1303 1492 1343 Psalm.
1511 1305 1575 1352 96,

95 1380 131 1404 v.
160 1368 196 1412 3,
212 1380 317 1418 sqq.,·
336 1367 436 1417 lsai„
455 1381 541 1419 cap.
560 1368 620 1414 51,
635 1382 672 1408 v.
697 1369 719 1406 6
734 1381 744 1418 ;
758 1377 830 1409 etc.
846 1368 947 1416 Quin
963 1378 1002 1407 et
1018 1368 1209 1420 josephus
1223 1368 1303 1416 ejus
1316 1367 1578 1420 praedictionis

94 1430 278 1484 originem
298 1431 445 1470 Adamo
460 1432 548 1483 ipsi,
569 1432 747 1471 videlicet
767 1447 815 1472 ex
834 1434 1063 1485 apocrypho
1087 1434 1203 1480 libro,
1225 1433 1393 1472 tribuere
1413 1446 1488 1471 non
1505 1433 1577 1471 du-

93 1495 205 1540 bitat,
224 1496 353 1547 Antiq.
369 1498 405 1544 Ι,
421 1510 508 1548 cap.
529 1499 574 1536 3:
593 1498 850 1551 Προειρηχότος
866 1498 1061 1551 ἀφανισμὸν
1076 1498 1227 1549 Ἀδάμου
1243 1499 1310 1536 τῶν
1323 1497 1411 1536 ὅλων
1426 1496 1574 1543 ἔσεσθαι,

92 1558 149 1597 τὸν
170 1559 234 1610 μὲν
251 1560 340 1598 κατὰ
361 1560 462 1614 ἰσχὺν
487 1561 614 1614 πυρός,
635 1577 667 1600 κ.
686 1578 714 1603 τ.
733 1563 765 1600 λ.
793 1564 832 1602 ln
855 1563 954 1602 Novi
971 1572 1098 1601 autem
1121 1563 1286 1602 Foederis
1302 1562 1423 1612 libris,
1440 1571 1575 1612 praeter

93 1626 330 1663 imminentes
364 1626 558 1665 stellarum
584 1640 693 1665 casus
724 1627 828 1679 apud
863 1628 1018 1679 Mauh„
1048 1641 1135 1678 cap.
1176 1634 1240 1678 24,
1265 1642 1298 1667 v,
1333 1639 1406 1677 293
1440 1628 1570 1673 Marc„

92 1702 176 1740 cap.
201 1691 258 1733 13,
280 1703 316 1728 v.
339 1691 403 1738 25,
422 1691 578 1729 omnino
597 1691 643 1730 de
661 1691 729 1729 bac
752 1706 790 1730 re
810 1692 977 1731 disertus
998 1703 1051 1731 est
1070 1694 1214 1739 Petrus,
1233 1692 1345 1744 epist.
1363 1692 1418 1737 ll,
1434 1704 1517 1742 cap.
1537 1690 1573 1736 3,

92 1766 129 1792 ν.
151 1768 169 1801 7
189 1768 197 1791 :
215 1773 228 1788 u
244 1754 334 1792 Caeli
350 1765 474 1793 autem
487 1786 496 1802 ,
512 1757 579 1808 qui
595 1771 694 1795 nunc
707 1766 811 1805 sunt,
829 1767 866 1796 et
885 1766 986 1796 terra
1005 1757 1139 1796 eodem
1158 1757 1277 1795 verbo
1295 1756 1450 1807 repositi
1471 1762 1572 1800 sunt,

91 1835 104 1850 α
124 1818 199 1869 igni
219 1821 402 1858 reservati
429 1821 466 1858 in
490 1821 590 1859 diem
607 1822 742 1873 judicii
773 1831 811 1859 et
836 1822 1063 1873 perditionis
1091 1823 1297 1874 impiorum
1326 1820 1537 1860 hominum.
1555 1838 1569 1854 ν

92 1883 203 1929 Quod
231 1893 268 1921 et
293 1883 438 1935 Sibylla
460 1887 698 1937 apertissime
722 1887 912 1938 praedicit,
932 1887 997 1926 lib.
1013 1887 1079 1934 lv,
1096 1901 1135 1928 v.
1164 1887 1233 1932 153
1256 1887 1360 1940 (157)
1375 1915 1385 1931 ,
1405 1899 1486 1937 sqq.
1506 1899 1515 1926 :

249 1946 317 1984 Καὶ
337 1947 415 1986 τότε
432 1949 613 1998 γινώσκειν
630 1949 719 1988 Θεὸν
741 1950 855 1988 οὐκέτι
874 1951 987 2002 πρηῢν
1008 1949 1107 1988 ἐόντα
1119 1979 1130 1998 ‚

250 2010 354 2049 Ἀλλὰ
370 2012 484 2065 χρόνῳ
502 2012 686 2060 χραίνοντα
699 2043 710 2058 ‚
731 2013 788 2051 καὶ
809 2013 1010 2059 ἐξολέκοντά
1025 2029 1062 2052 τε
1077 2013 1201 2066 γένναν

253 2073 458 2126 Ἀνθρώπων
479 2077 574 2126 μάλα
593 2083 709 2115 πᾶσαν
730 2079 787 2116 ὑπ’
811 2080 1022 2131 ἐμπρησμοῦ
1043 2077 1227 2130 μεγάλοιο,

95 2138 138 2176 Et
157 2140 271 2189 paulo
291 2140 409 2186 infra,
431 2155 461 2178 v.
487 2144 557 2179 168
577 2142 694 2193 (171),
715 2157 821 2195 sqq.:

248 2204 325 2257 Πῦρ
347 2204 445 2243 ἔσται
461 2206 551 2244 κατὰ
574 2206 723 2257 κόσμον.
742 2236 750 2245 .
767 2236 777 2244 .

246 2268 376 2313 (Ιὶλέξει
391 2269 426 2306 δὲ
443 2269 551 2322 χθόνα
572 2277 685 2309 πᾶσαν
698 2286 706 2294 ·
727 2270 812 2310 ἐπὰν
834 2271 863 2309 δ’
883 2272 988 2324 ὀλέσῃ
1008 2271 1103 2322 γένος
1117 2273 1274 2325 ἀνδρῶν,

250 2333 319 2379 Καὶ
344 2332 461 2377 πάσας
483 2334 606 2378 πόλιας
619 2365 627 2380 ,
647 2335 823 2386 ποταμούς
845 2337 873 2373 θ’
891 2335 965 2387 ἅμα
979 2335 1042 2385 ἠδὲ
1063 2336 1239 2380 θαλάσσας

248 2396 430 2449 Ἰἰκκαύσῃ
445 2427 454 2444 ,
474 2398 554 2436 τάδε
571 2399 684 2437 πάντα
702 2398 793 2444 κόνις
810 2398 898 2438 ἔσετ’
920 2400 1142 2439 αἰθαλόεσσα.

89 2461 231 2499 Confer
252 2461 316 2498 lib.
338 2462 444 2506 vlu.
467 2476 501 2500 ν.
525 2463 615 2512 225,
638 2467 729 2512 237,
753 2468 841 2512 243,
864 2470 954 2512 411,
983 2479 1056 2515 sq„
1083 2465 1148 2504 lib.
1179 2465 1267 2511 Vll,
1293 2478 1327 2503 ν.
1361 2465 1446 2512 118,
1474 2477 1575 2516 sqq.,

90 2525 155 2564 lib.
187 2527 243 2575 ll,
271 2539 306 2563 v.
344 2528 440 2574 2133
468 2527 537 2567 lib.
570 2529 645 2576 ΙΙΙ,
675 2542 708 2567 ν.
735 2531 809 2578 84,
845 2543 928 2581 sqq.
964 2530 1109 2568 Confer
1140 2538 1178 2568 et
1213 2530 1336 2569 stellas
1367 2528 1569 2576 cadentes,

89 2590 156 2630 lib.
178 2591 221 2638 V,
242 2605 278 2630 v.
304 2605 395 2639 211,
415 2605 512 2643 sqq.‚
533 2594 633 2640 530;
655 2593 722 2632 lib.
740 2595 845 2643 Vlll,
869 2608 904 2635 v.
935 2608 1016 2644 190,
1035 2609 1134 2646 sqq.;
1153 2594 1217 2633 lib.
1238 2596 1292 2641 ll,
1311 2607 1350 2635 v.
1367 2608 1457 2642 200,
1479 2607 1566 2645 sqq.

87 2654 288 2694 Verissime
317 2669 432 2707 ergo,
456 2657 589 2695 saltem
634 2657 682 2696 de
710 2658 880 2710 Sibylla,
908 2660 1095 2710 scriptum
1131 2668 1187 2698 est
1217 2658 1319 2711 apud
1351 2658 1565 2706 Justinum,

87 2719 248 2771 Apolog.
272 2722 308 2769 l,
330 2724 349 2767 §
368 2735 417 2759 πο
437 2736 445 2759 :
469 2709 722 2761 ΚαὶῖΣίΕῗυλλα
740 2721 776 2760 δὲ
802 2722 860 2760 καὶ
880 2722 1087 2770 Ὑστάσπης
1105 2723 1310 2775 γενήσεσθαι
1323 2724 1390 2762 τῶν
1406 2724 1565 2776 φθαρτῶν

86 2783 257 2823 ἀνάλωσιν
280 2785 334 2822 διὰ
359 2786 464 2838 πυρὸς
484 2785 632 2839 ἔφασαν.
654 2789 796 2826 Confer
812 2789 980 2827 Lactant.
998 2788 1046 2827 de
1062 2789 1117 2826 ira
1137 2789 1226 2836 Dei,
1249 2802 1333 2839 cap.
1353 2788 1414 2825 23.

136 2849 197 2887 Sic
234 2859 401 2888 vertetur
425 2851 588 2889 mondus
619 2852 655 2889 in
678 2852 822 2890 eineres
850 2861 975 2901 tanto,
1010 2861 1052 2891 ut
1084 2853 1137 2891 ait
1165 2852 1330 2903 Sibylla,
1359 2851 1563 2900 incendio,

86 2923 272 2964 quantum
305 2928 379 2953 non
411 2916 506 2953 alius
528 2917 645 2967 possit
677 2918 1070 2969 exstinguere,quam
1101 2918 1167 2969 qui
1196 2917 1434 2964 accenderit,
1462 2917 1572 2955 Deus.

91 2979 169 3029 ipse
184 3008 193 3026 ,
214 2979 282 3017 lib.
304 2980 363 3026 lv,
389 2980 458 3019 loe.
481 2981 568 3019 cit.:
