1737 3495
175 224 268 275 314
559 224 635 267 AD
668 223 1017 270 SIBYLLINOS
1051 224 1267 268 LIBROS

225 316 339 366 Apud
354 316 582 367 Gregorium
600 316 896 363 Nazianzenum,
909 317 1044 356 eodeni
1059 326 1196 367 quarto
1213 317 1439 370 saeculojum
1454 320 1648 371 inclinato,

171 378 343 431 quaedam
362 379 475 417 tacite
493 379 675 430 decerpta
694 393 716 418 e
736 381 926 419 prooemio
947 389 984 417 et
1003 380 1111 417 libris
1129 382 1177 419 vl
1198 390 1235 418 et
1256 380 1366 428 V111;

158 491 165 499 ι
222 442 336 494 Apud
358 443 637 494 Augustinnm,
666 445 801 495 quinto
832 444 968 482 saeculo
998 444 1180 491 ineunte,
1202 453 1350 495 purtem
1379 448 1643 489 acrostichidis

169 519 284 558 snpra
303 507 434 553 dictae,
454 520 474 544 e
491 506 558 546 lib.
578 507 688 556 Yul,
711 509 732 557 §
754 522 796 552 2;

222 570 337 622 Apud
356 571 611 610 sozomenum
626 601 636 619 ‚
657 573 790 622 quinto
807 572 965 617 saeculo,
987 571 1105 622 magis
1128 581 1335 622 provecto,
1357 585 1510 611 versum
1528 589 1643 616 unum

172 635 361 686 integrum
383 648 404 674 e
422 634 522 673 libro
544 636 604 675 Vl.
1434 678 1435 681 Ἴ

222 700 315 745 Quae
336 700 366 738 si
394 700 492 738 inter
511 713 550 738 se
570 707 867 750 componantur,
898 698 1102 751 apparebit
1130 698 1340 749 Sibyllinos
1361 700 1566 741 hodiernos
1595 704 1640 742 li-

169 761 282 810 bros,
307 772 521 814 temporum
550 771 721 814 respectu
742 763 880 814 quibus
896 763 1038 802 laudati
1067 777 1111 802 ac
1130 763 1234 802 citati
1254 772 1363 810 sunt,
1392 763 1467 803 hoc
1488 765 1567 804 sere
1583 782 1642 805 m·-

169 826 259 865 dine
277 828 455 866 collocari
480 840 591 877 posse
612 840 621 863 ε

222 891 379 931 Librum
397 893 448 931 111
464 892 611 944 (saltem
633 898 654 939 s
672 905 694 929 α
714 899 753 930 et
773 890 834 940 l0);

223 957 454 995 Prooemium
475 964 512 994 et
535 956 600 995 lib.
622 957 705 994 Vlll
731 956 916 1007 (saltemS
937 956 994 999 al:

222 1020 304 1059 Lib.
327 1021 378 1065 V;

220 1086 305 1126 Lib.
325 1086 430 1132 Vlll,
454 1087 475 1135 §
500 1100 542 1131 ¹3

219 1150 304 1188 Lib.
325 1150 374 1188 Vl
394 1159 432 1188 et
449 1151 533 1190 Vll.

167 1216 198 1255 E
214 1213 350 1253 ceteris
371 1214 478 1252 libris
506 1227 645 1265 nempe
667 1214 710 1264 1,
741 1214 797 1265 11,
817 1214 995 1261 xl-xlv‚
1017 1222 1134 1264 atque
1154 1227 1174 1251 e
1197 1212 1428 1264 quibusdam
1457 1213 1638 1253 librorum

164 1278 360 1330 partibus,
381 1287 422 1316 ut
439 1279 511 1322 ΙΙΙ,
534 1280 555 1329 §
579 1292 611 1324 1,
627 1279 673 1327 33
698 1278 807 1325 vul,
827 1278 849 1329 S
870 1279 906 1327 3,
935 1285 972 1324 4,
989 1278 1083 1316 nihil
1104 1287 1236 1330 aperte
1254 1278 1412 1317 citatum
1440 1279 1544 1330 apud
1572 1294 1638 1318 an-

165 1344 290 1397 tiquos
322 1344 552 1396 reperimus;
569 1344 607 1382 in
625 1342 766 1395 quibus
781 1342 872 1381 ideo
896 1342 1132 1381 collocandis
1155 1343 1269 1394 paulo
1294 1342 1477 1383 liberiore
1494 1352 1639 1383 utemur

163 1409 323 1447 arbitrio
341 1421 350 1447 τ
370 1408 433 1447 sed
456 1409 491 1446 in
512 1408 666 1460 reliquis
683 1421 798 1460 quam
815 1408 1015 1446 minimum
1033 1409 1246 1459 poterimus
1257 1407 1306 1447 ab
1321 1407 1388 1446 illo
1405 1407 1639 1448 discedemus

164 1474 313 1522 ordine,
332 1487 446 1525 quem
462 1482 499 1511 et
518 1474 674 1513 Pati-um
694 1471 879 1512 iudicavit
898 1485 1002 1517 usus,
1019 1481 1056 1510 et
1075 1473 1276 1521 interiora,
1297 1472 1370 1511 nisi
1388 1473 1568 1521 fallimur,
1581 1489 1638 1511 ur-

163 1546 341 1589 gumenta
361 1537 581 1576 firmabunt.

858 1630 945 1640 ..η-α·

457 1707 568 1747 CAP.
599 1707 628 1747 1.
657 1710 715 1746 De
735 1707 822 1745 libri
833 1709 933 1745 tertii
947 1707 1120 1758 partibus
1146 1712 1166 1756 5
1196 1721 1218 1746 α
1240 1718 1278 1746 et
1295 1714 1329 1753 l..

213 1813 488 1864 Sibyllinorum
511 1812 722 1860 librorum,
745 1813 812 1865 qui
829 1812 946 1851 hodie
966 1821 1142 1861 exstant,
1163 1813 1193 1852 si
1214 1826 1260 1852 ex
1278 1821 1389 1852 aetate
1411 1814 1564 1852 testium
1580 1814 1636 1853 di-

155 1881 391 1933 judicentur,
418 1879 644 1932 antiquitate
672 1879 837 1931 primum
864 1892 946 1918 esse
978 1887 1107 1930 patet,
1139 1879 1207 1931 qui
1228 1880 1365 1918 tertius
1394 1880 1637 1919 inscribitur:

159 1957 231 1983 nec
248 1953 372 1982 tamen
393 1943 431 1982 id
447 1945 495 1982 de
513 1944 660 1982 cunctis
673 1946 755 1994 ejus
776 1943 950 1995 partibus
966 1944 1196 1982 affirma-tum
1217 1944 1391 1983 velimus.
1411 1945 1507 1983 Nam
1522 1958 1634 1996 quum

158 2009 197 2047 in
219 2021 265 2048 eo
291 2017 456 2060 quatuor
475 2017 602 2059 partes
620 2008 701 2047 sive
720 2008 910 2047 sectiones
928 2009 1005 2047 suis
1027 2009 1137 2061 qnasi
1161 2008 1348 2047 limitibus
1369 2009 1519 2048 deliniri
1549 2023 1636 2061 pos·-

159 2074 258 2124 sint‚
278 2075 376 2112 sicut
393 2074 430 2112 in
447 2073 615 2113 editione
636 2081 767 2112 nostra
784 2073 926 2112 sactum
948 2083 1024 2121 cst,
1050 2075 1174 2126 prima
1190 2074 1347 2126 quidem
1370 2088 1459 2125 pars
1475 2083 1513 2113 et
1530 2075 1634 2113 tertia

158 2140 298 2178 sanctis
318 2140 506 2191 primaevae
524 2139 702 2178 Ecclesiae
718 2138 900 2179 Patribus
923 2138 1040 2177 fuisse
1058 2134 1233 2177 videntur
1251 2138 1477 2191 incognitae,
1495 2139 1634 2177 nullum

158 2218 207 2242 ex
223 2204 269 2242 iis
284 2217 433 2242 versum
453 2202 724 2250 afferentibus,
741 2203 887 2241 nullum
909 2211 1013 2241 certe
1030 2204 1096 2254 qui
1122 2216 1199 2241 non
1219 2203 1353 2241 melius
1375 2211 1414 2241 et
1433 2204 1572 2242 cen-tius
1590 2203 1641 2241 ad-

158 2268 275 2306 alium
292 2267 523 2318 Sibyllinnm
543 2267 680 2306 librum
701 2267 837 2306 referri
858 2275 985 2318 queat.
1003 2268 1194 2306 Praeterea
1214 2281 1303 2318 pars
1324 2267 1462 2318 prima,
1478 2268 1556 2306 sive
1573 2280 1632 2305 ar·

157 2341 339 2382 gumento
353 2361 365 2380 ‚
385 2334 463 2370 sive
483 2332 672 2379 dictione,
699 2345 777 2370 non
798 2332 925 2370 minus
944 2331 991 2369 ad
1011 2331 1162 2383 priores
1179 2331 1298 2370 libros
1323 2332 1469 2370 accedit
1483 2345 1595 2383 quam
1612 2345 1641 2370 a·

160 2396 315 2448 reliquis
331 2396 418 2434 libri
439 2397 540 2434 tertii
557 2396 730 2448 partibus
744 2396 877 2442 distat,
892 2405 1026 2447 estque
1044 2395 1203 2434 secundi
1221 2395 1309 2434 libri
1328 2397 1434 2434 velut
1449 2395 1631 2448 appendix

160 2460 359 2510 quaedam,
384 2461 439 2498 nti
460 2474 529 2498 suo
562 2461 648 2498 loco
667 2460 828 2499 dicetur.
858 2460 1027 2499 Remotis
1048 2460 1167 2512 igitur
1189 2460 1313 2511 prima
1339 2460 1494 2512 quidem
1525 2459 1638 2508 liujus.-

161 2523 250 2562 libri
269 2533 390 2575 parte,
412 2533 454 2562 nt
472 2524 614 2575 nliena3
635 2527 748 2564 tertia
767 2533 909 2571 antem,
927 2534 970 2563 ut
989 2525 1128 2563 merito
1143 2533 1343 2576 suspecta3
1362 2533 1508 2563 ceteras
1531 2524 1631 2570 duas,

161 2593 182 2635 S
201 2602 224 2626 τι
244 2598 281 2626 et
305 2595 342 2634 4,
368 2589 648 2640 aggrediamur,
669 2603 832 2640 quarum
865 2590 984 2641 prior,
1004 2590 1085 2627 sive
1104 2589 1275 2627 omnium
1300 2588 1488 2635 secunda,
1509 2587 1629 2639 prodit
1686 2628 1688 2631 ¹

159 2664 182 2688 a
207 2664 317 2689 versu
332 2666 394 2701 97,
412 2652 470 2689 his
495 2665 632 2704 nempe
651 2652 778 2691 verbis
797 2668 805 2691 :

322 2715 412 2754 Ἀλλ’
430 2716 557 2755 ὁπόταν
575 2717 740 2769 μεγάλοιο
759 2721 851 2758 Θεοῦ
867 2717 1054 2755 τελὲωνται
1068 2716 1208 2755 ἀπειλαὶ
1223 2746 1232 2763 ,

316 2777 377 2823 Ἅς
391 2781 468 2818 ποτ’
483 2781 716 2829 ἐπηπείλησε,
733 2798 766 2820 κ.
783 2798 813 2820 τ.
829 2782 866 2822 λ.

210 2845 322 2884 Caret
336 2844 519 2893 exordio,
541 2844 706 2897 abrupta
724 2854 762 2885 ct
775 2846 883 2897 quasi
907 2846 1032 2897 capite
1049 2846 1274 2885 detruncata
1288 2877 1298 2894 ,
1317 2846 1345 2884 si
1373 2853 1497 2884 tamen
1522 2850 1629 2895 caput

158 2924 323 2962 unquam
355 2909 509 2956 liabnit3
543 2911 668 2962 potuit
701 2911 799 2950 enim
835 2912 887 2949 sic
910 2911 1123 2963 cinittijam
1147 2911 1355 2962 antiquitus
1383 2910 1431 2948 ab
1458 2918 1639 2953 auctore„
