1752 3495
211 219 301 264 186
414 201 422 209 '
593 215 673 259 Au
709 213 1056 259 slssY1,L1Nos
1089 211 1298 257 Llssaos

205 315 401 367 principes
428 313 493 366 qui
527 312 637 351 fidem
666 312 746 350 istis
767 312 932 350 oraculis
957 309 1209 350 adhiberent:
1231 311 1353 360 ipsum
1379 311 1546 361 quinimo
1565 331 1663 358 seua-

205 389 298 427 tum,
329 379 409 418 sive
427 378 628 430 religione,
657 377 739 415 sive
766 377 929 423 incuria,
962 376 1000 413 in
1021 387 1153 412 eorum
1176 373 1403 411 sententium
1425 377 1490 426 qui
1516 380 1660 424 nimium

204 443 402 494 Sibyllinis
420 444 592 481 faverent
606 470 616 487 .
648 440 748 479 hand
768 454 865 492 a‘gre
882 439 1125 478 concessisse.

256 509 323 548 Illa
344 518 468 547 tamen
485 506 630 546 Tiberii
647 506 806 557 epistola
830 504 1154 543 commonefactus
1168 532 1178 549 ‚
1203 503 1359 541 videtur
1376 514 1526 544 senatus
1548 522 1568 547 a
1589 519 1658 552 tra-

201 573 348 611 ctandis
369 582 499 624 postea
518 570 713 623 Sibyllinis
734 570 896 621 negotiis
916 569 1163 607 abstinuisse:
1184 581 1309 618 neque
1328 568 1473 619 injussu
1492 573 1659 627 principis

203 636 291 675 libri
314 636 452 675 deinde
467 635 582 682 aditi,
598 635 713 686 idque
733 647 907 686 perraro.
924 633 1048 671 Semel
1073 632 1146 670 sub
1162 632 1335 678 Nerone3
1365 641 1496 683 postea
1515 649 1578 686 per
1591 639 1657 680 ‹luo

201 703 278 740 sere
299 701 454 748 saecula,
475 701 538 738 vix
556 712 744 751 unquam3
770 699 840 737 sub
860 698 1067 737 Gordianis
1086 707 1124 736 et
1147 698 1323 736 Gallieno
1342 698 1399 735 bis
1420 708 1481 736 aut
1503 709 1569 751 ter,
1587 714 1658 743 tan.

198 779 312 816 quam
334 766 480 816 erigere
497 778 537 803 se
557 773 717 803 conante
733 765 857 815 prisca
876 763 1080 814 religione,
1099 763 1165 800 sed
1182 763 1242 800 vel
1262 777 1308 800 eo
1325 763 1435 800 citius
1453 769 1654 811 emoriente.

198 830 308 869 Unde
319 830 591 868 etAurelianus
604 829 823 879 imperator,
833 828 1143 866 Marcomannico
1156 827 1268 871 bello,
1280 840 1367 865 ann.
1384 836 1469 878 post
1484 829 1566 868 Chr.
1579 846 1619 879 27
1631 849 1655 882 ι,

196 907 346 945 segnem
362 894 408 931 ad
428 893 544 931 libros
564 892 820 930 consulendos·
832 901 1003 930 senatum
1028 891 1250 942 increpabat
1267 892 1441 942 epistola,
1462 907 1568 943 quam
1586 898 1653 935 Vo-

195 959 320 1010 piscus
341 958 387 996 ad
413 948 488 996 nos·
512 957 723 995 transmisit
755 957 790 994 iu
814 957 895 1007 ejus
925 956 1108 1007 principis
1128 957 1204 994 vita
1226 971 1234 994 :
1255 974 1271 990 «
1286 957 1408 994 Miror
1434 970 1517 1006 vos,
1538 960 1652 1000 Patres

194 1023 372 1070 «saneti,
410 1022 539 1060 tandiu
569 1021 617 1059 de
642 1021 858 1072 aperiendis
889 1020 1084 1071 Sibyllinis
1118 1020 1311 1058 dubitasse
1348 1019 1478 1068 libris,
1513 1025 1652 1072 perinde

191 1106 206 1122 ‹-
222 1089 330 1138 quasi
353 1088 391 1125 in
419 1087 723 1126 Christianorum
753 1087 933 1132 ecclesia,
956 1100 1033 1123 uon
1068 1087 1104 1123 in
1132 1087 1274 1137 templo
1294 1087 1464 1124 Deorum
1499 1090 1649 1128 omnium

193 1153 451 1190 «tractaretis.
478 1152 587 1202 Agite
607 1151 739 1201 igitur,
762 1160 833 1189 etc.
850 1169 864 1184 ν
894 1151 962 1189 llic
991 1151 1184 1201 praecipua
1207 1151 1373 1201 tangitur
1400 1164 1512 1189 causa
1540 1153 1649 1192 inuni-

190 1217 293 1255 nutae
319 1230 410 1268 erga
441 1217 522 1254 baec
543 1216 698 1253 oracula
720 1215 880 1262 fiduciae,
902 1216 966 1252 lux
983 1228 1118 1266 nempe
1151 1229 1259 1253 novae
1293 1216 1487 1266 religionis
1516 1217 1551 1253 iu
1583 1218 1648 1257 dies

188 1290 310 1319 aucta.
332 1282 454 1327 Quam
477 1290 597 1318 tamen
617 1279 823 1329 adjuvabat
846 1289 1014 1318 veterum
1037 1294 1233 1318 sacrorum
1256 1280 1483 1332 negligentia
1509 1281 1569 1319 diu
1585 1285 1645 1332 jani

187 1359 274 1383 cum
305 1347 439 1397 prisca:
464 1345 669 1397 cujuslibet
692 1345 904 1382 traditionis
932 1354 1155 1396 contemptu
1175 1346 1278 1396 apud
1303 1346 1466 1397 gentiles
1487 1347 1646 1395 gliscens,

187 1423 262 1446 nou
279 1410 359 1447 sine
377 1410 699 1462 pbilosophorum
719 1423 832 1447 omno
851 1411 906 1447 sas
921 1411 1154 1448 moventium
1171 1411 1283 1461 culpa
1305 1410 1532 1448 :cuimorbo
1545 1426 1645 1449 reme-

187 1475 291 1512 idum
312 1488 485 1526 quaerens
504 1484 670 1520 senatus,
689 1474 848 1513 Arnobii
866 1483 1050 1526 tempore,
1065 1474 1248 1526 agitabat,
1264 1483 1390 1513 utrum
1410 1476 1593 1514 Ciceronis
1606 1477 1643 1515 dc

187 1539 434 1578 Divinatione
449 1539 587 1587 libros,
604 1539 800 1589 Sibyllinis
816 1539 1102 1585 infensissimos,
1125 1539 1320 1584 aboleret,
1335 1540 1481 1578 Arnob.
1503 1541 1564 1581 lib.
1585 1543 1641 1589 lll,

184 1617 279 1655 page
301 1607 391 1651 1033
412 1613 525 1654 atque
542 1618 589 1642 ex
612 1604 703 1656 ipsis
721 1605 913 1642 Aureliani
941 1605 1068 1642 verbis
1096 1606 1277 1656 colligere
1302 1613 1379 1652 est,
1410 1605 1488 1656 jam
1521 1615 1590 1644 tum
1611 1617 1639 1645 et

185 1667 341 1706 sortasse
353 1670 430 1719 jam
448 1668 511 1706 diu
529 1677 694 1707 nontam
713 1682 800 1707 vera
812 1669 899 1716 side,
912 1683 1024 1721 qnam
1042 1683 1088 1707 ne
1102 1670 1252 1721 publica
1269 1670 1403 1721 religio
1419 1670 1539 1709 deseri
1556 1673 1640 1710 vide-

182 1735 585 1786 retm·,Sibylliuorum
600 1736 926 1774 consulendorum
941 1737 1174 1774 mentionem
1191 1737 1385 1775 interdum
1406 1750 1486 1775 esse
1507 1738 1636 1777 saetam.

233 1799 302 1836 Vix
335 1800 518 1838 hactenns
551 1800 695 1851 aliquid
720 1800 914 1851 attigimus
941 1801 988 1838 de
1005 1801 1170 1840 oraculis
1190 1802 1419 1851 quibusdam
1444 1815 1546 1853 qnae,
1569 1812 1637 1839 tan·

180 1877 293 1914 qnam
314 1864 512 1914 Sibyllina,
551 1867 677 1904 ltomae
709 1864 780 1902 sub
812 1865 1112 1917 imperatoribus
1142 1866 1394 1904 cursitabant.
1422 1868 1539 1912 Quale
1558 1867 1635 1904 illud

179 1929 248 1966 suit
278 1929 347 1966 sub
367 1930 549 1979 Tiberio,
569 1930 679 1980 juxta
702 1931 864 1968 Dionem
887 1930 1081 1979 Cassium,
1101 1930 1166 1969 lib.
1188 1931 1303 1978 LVH,
1324 1932 1344 1981 §
1372 1933 1443 1969 18:

389 1994 474 2047 Τρὶς
493 1993 528 2032 δὲ
544 1994 753 2049 τριακοσίων
764 1993 1060 2048 περιτελλομένων
1078 1996 1259 2044 ἐνιαυτῶν,

389 2058 585 2110 Ῥωμαίους
606 2058 756 2112 ἔμφυλος
775 2060 846 2097 ὀλεῖ
861 2059 1005 2107 στάσις,
1021 2076 1055 2098 κ.
1072 2077 1106 2100 τ.
1122 2062 1154 2099 λ.
1168 2090 1178 2107 ,

175 2131 215 2162 et
238 2123 330 2161 illud
350 2123 422 2162 sub
444 2125 618 2170 Nerone,
641 2123 751 2170 ibid„
777 2123 846 2165 lib.
870 2124 1022 2176 LX!1‚§
1043 2121 1124 2163 18Ξ“

358 2188 537 2242 ’Eo-Lato:
558 2191 734 2227 Αἷνεαδῶν
757 2189 987 2243 μητροκτόνος
1009 2190 1247 2242 ἡγεμονεύσει,

175 2262 213 2292 et
240 2253 346 2304 quod
369 2255 510 2292 dicitur
530 2255 727 2293 Hadriano
748 2268 830 2293 sors
849 2255 1000 2307 imperii
1030 2269 1051 2294 e
1079 2255 1275 2306 Sibyllinis
1309 2255 1483 2295 versibus
1512 2268 1632 2307 prove-

173 2319 294 2365 nisse,
318 2318 420 2370 apud
441 2320 686 2370 Spartianum
708 2319 744 2356 iu
763 2319 844 2370 ejus
865 2320 1049 2371 principis
1069 2321 1148 2358 vita
1165 2320 1252 2373 (nisi
1271 2321 1368 2358 forte
1392 2320 1553 2372 pertinet
1572 2320 1631 2357 hoc

172 2383 220 2421 ad
244 2383 326 2434 ipsa
349 2393 478 2421 nostra
497 2383 707 2434 Sibyllina,
728 2383 795 2424 lib.
818 2385 906 2423 Vlll
922 2413 932 2431 ,
958 2398 994 2422 ν.
1021 2387 1081 2428 52,
1115 2399 1215 2435 sqq.;
1235 2386 1301 2423 lib.
1323 2387 1367 2432 V,
1392 2400 1430 2425 ν.
1451 2393 1510 2433 47,
1526 2385 1631 2436 sqq.);

171 2456 209 2486 et
227 2448 331 2498 quod
353 2448 510 2485 oraculo
538 2448 705 2499 quodam
728 2450 790 2500 (an
806 2457 844 2486 et
864 2449 937 2486 hoc
956 2448 1190 2500 SibyllinOP)
1214 2450 1411 2488 Caracalla
1436 2450 1555 2488 dictus
1573 2449 1631 2486 suit

172 2511 336 2555 Αὐσόνιος
357 2511 433 2564 θήρ,
449 2512 595 2564 Xipbil.
614 2513 652 2550 iu
671 2512 752 2564 ejus
772 2513 904 2563 vita,§
927 2514 995 2559 233
1018 2523 1053 2551 et
1070 2514 1176 2565 quod
1191 2514 1360 2552 Probum
1378 2516 1628 2566 imperatorem

163 2593 180 2610 ι
201 2576 310 2614 multi
341 2576 466 2615 ferunt
491 2577 689 2628 Sibyllinis
725 2577 832 2616 libris
865 2580 948 2617 fore
974 2580 1256 2631 promissum,»
1289 2589 1385 2620 teste
1415 2580 1574 2631 Vopisco
1595 2578 1628 2616 in

170 2640 337 2679 Floriani
353 2642 432 2680 vita
452 2641 524 2680 sub
544 2643 670 2683 finem.
692 2642 785 2689 Quae
804 2643 962 2694 quidem
983 2644 1112 2682 omnia
1129 2644 1350 2682 volentibus
1366 2644 1476 2682 nobis
1492 2650 1629 2695 prs-eter-

172 2703 287 2741 missa
304 2714 413 2752 sunt3
432 2705 529 2743 nihil
552 2707 653 2744 enim
671 2707 809 2745 horum
831 2708 878 2746 ad
903 2709 1078 2759 publicos
1095 2708 1214 2748 libros
1235 2710 1426 2760 pertinere
1442 2709 1626 2746 credimus,

172 2768 320 2807 Similia
342 2771 469 2809 multis
490 2771 573 2809 aliis
593 2773 747 2810 suerunt
766 2774 943 2820 oraculis,
966 2787 1012 2811 ex
1032 2783 1202 2825 tempore
1224 2775 1408 2823 confictis,
1433 2787 1526 2825 qum,
1550 2783 1622 2808 ves·

170 2842 282 2884 gente
304 2834 394 2872 olim
417 2835 613 2887 republica
628 2865 637 2882 ,
654 2850 752 2889 saepe
775 2838 812 2875 in
834 2838 970 2889 vulgus
992 2839 1112 2876 emitti
1135 2839 1245 2877 solita
1269 2841 1481 2877 notavimus
1503 2849 1627 2887 supra,

170 2910 254 2948 pag.
284 2901 366 2945 18⁰,
384 2913 441 2951 sq.
469 2902 541 2952 lpsi
567 2902 716 2940 inti-rim
740 2903 883 2950 fatales,
901 2911 940 2940 ut
956 2905 1075 2954 vulgo
1098 2904 1343 2951 vocabamur,
1366 2903 1449 2942 libri
1468 2900 1626 2954 jacebant
