1752 3495
672 211 974 260 EXCURSUS
1010 211 1042 256 l.
1111 231 1114 235 ·
1522 210 1581 254 69

283 317 328 357 in
347 314 672 362 dubiis·responsa
687 318 836 362 petunt.
855 309 940 348 Huc
959 308 1061 347 dona
1075 306 1249 346 sacerdos

280 383 407 427 Quum
428 375 535 422 tulit,
554 382 592 412 ct
610 387 792 412 caesarum
813 373 941 411 ovium
961 371 1031 410 sub
1051 379 1165 411 nocte
1183 371 1307 409 silenti

280 442 444 485 Pellibus
461 437 635 476 incubuit
651 438 779 476 stratis
791 466 802 485 ,
824 450 1052 487 somnosque
1069 435 1222 486 petivit3

280 507 397 548 Multa
417 503 540 542 modis
557 503 758 540 simulacra
775 502 880 540 videt
898 501 1097 539 volitantia
1117 500 1242 546 miris,

282 575 329 609 Et
346 567 468 605 varias
487 567 595 604 audit
611 580 746 614 voces,
764 566 982 616 fruiturque
1002 567 1172 603 Deorum

277 629 502 681 Colloquio,
520 639 636 681 atque
653 629 737 667 imis
757 629 972 667 Acheronta
992 629 1135 666 affatur
1153 626 1328 666 Avernis.

124 697 299 738 Procedit
316 703 403 746 post
421 693 618 743 Virgilium
643 693 834 740 Horatius,
851 692 899 730 de
916 692 1124 731 Tiburtino
1148 703 1217 729 suo
1236 689 1333 727 inter
1353 689 1445 728 alias
1462 689 1590 728 laudes

124 764 202 801 haec
216 772 372 805 canens,
397 757 463 795 lib.
481 759 509 805 l,
530 758 596 796 od.
621 772 658 806 7,
679 771 715 799 v.
741 771 801 804 zo,
821 771 904 808 sqq.
929 772 937 795 :

380 822 442 861 Me
458 836 527 860 nec
545 831 619 860 tam
635 823 781 874 patiens
801 821 1049 860 Laeedaemon
1061 850 1073 868 ,

279 888 353 927 Nec
373 895 449 924 tam
473 881 631 925 Lariissae
650 887 838 938 percussit
855 899 1010 937 campus
1028 885 1187 936 opimae,

382 951 504 997 Quam
525 950 662 988 domus
681 949 866 989 Albuncae
882 949 1116 999 resonantis,

277 1017 325 1055 Et
346 1029 516 1068 praeceps
534 1015 652 1062 Anio,
670 1025 709 1052 et
727 1014 890 1054 Tiburni
913 1014 1045 1061 lucus,
1067 1022 1105 1051 et
1126 1013 1200 1051 uda

383 1080 592 1118 Mobilibus
611 1080 782 1130 pomaria
799 1079 901 1117 rivis.

121 1148 162 1186 ln
178 1143 315 1197 quibus
329 1144 596 1195 comparandis
616 1145 707 1182 locis
728 1143 802 1181 non
821 1143 974 1182 videtur
991 1143 1055 1180 diu
1071 1155 1150 1181 esse
1167 1141 1430 1181 desudandum
1443 1172 1454 1192 ,
1472 1156 1589 1195 quum

119 1212 156 1250 in
178 1210 302 1261 priore
319 1208 471 1258 quidem
488 1208 534 1246 de
554 1208 726 1245 Albunea
744 1208 837 1245 silva
856 1216 1010 1258 agatur,
1029 1207 1066 1244 in
1085 1207 1206 1244 altero
1225 1206 1272 1245 de
1302 1207 1407 1245 sonte
1424 1207 1588 1258 quodam

120 1274 290 1315 Albunea
313 1273 418 1311 dicto
436 1273 490 1311 vel
513 1272 695 1312 Albunea:
713 1272 896 1323 Nymphae
923 1285 1047 1311 sacro.
1070 1272 1215 1310 Silvam
1234 1279 1358 1310 tamen
1376 1285 1463 1310 cum
1484 1273 1588 1313 sonte

117 1338 316 1391 conjunxit
332 1337 486 1375 Servius
503 1336 549 1374 ad
566 1337 648 1376 AEn.
667 1337 741 1376 loe.
759 1337 822 1376 cit.
841 1351 850 1374 ε
870 1336 1102 1374 «Sciendum
1117 1349 1220 1382 sane,
1239 1335 1376 1386 inquit,
1393 1349 1509 1374 unum
1522 1350 1589 1375 no-

122 1416 203 1440 men
227 1415 307 1440 esse
330 1402 444 1439 sontis
462 1414 497 1438 et
519 1402 634 1441 silvae.
652 1418 666 1434 υ
684 1402 888 1451 ipsamque
907 1414 976 1439 suo
995 1400 1180 1439 arbitratu
1200 1401 1405 1439 collocavit
1424 1419 1440 1436 σι
1460 1401 1497 1439 in
1519 1402 1587 1441 Ti-

119 1467 283 1506 burtinis
302 1467 493 1505 altissimis
519 1465 729 1512 montibus,
745 1482 760 1499 »
787 1465 875 1503 ideo
901 1474 1040 1516 putans
1062 1479 1083 1504 a
1110 1465 1271 1517 Virgilio
1296 1468 1413 1503 altam
1435 1467 1587 1513 vocari3

119 1534 258 1582 inepte,
277 1544 395 1583 quum
412 1531 569 1570 Tiburis
586 1539 751 1576 montes,
774 1544 839 1568 seu
860 1532 989 1582 potius
1008 1532 1124 1569 eolles
1137 1560 1147 1578 ,
1167 1531 1321 1569 minime
1339 1531 1415 1569 dici
1440 1532 1588 1582 possint

119 1597 301 1635 altissimi.
332 1595 547 1635 Albuneam
581 1608 672 1633 vero
691 1596 832 1633 dictam
858 1605 986 1633 censet
1005 1595 1082 1633 aab
1103 1609 1209 1646 aquae
1233 1596 1414 1646 qualitate
1430 1609 1515 1646 quae
1547 1597 1585 1634 in

119 1680 133 1695 «ι
160 1661 226 1699 illo
244 1661 348 1698 sonte
363 1669 435 1707 est,
454 1659 554 1697 unde
567 1659 679 1697 etiam
698 1661 873 1698 nonnulli
892 1660 1150 1715 Leucotheam
1165 1661 1341 1698 volunt.»
1361 1661 1417 1698 De
1433 1661 1588 1699 nomine

120 1725 334 1764 Leucothea
353 1725 451 1763 nihil
471 1724 652 1770 dicimus,
673 1738 756 1775 quae
774 1738 892 1774 graeca
916 1734 971 1763 est
990 1725 1097 1763 latini
1122 1725 1284 1763 nominis
1309 1725 1587 1776 interpretatio.

119 1792 172 1829 De
190 1804 230 1828 re
250 1791 362 1841 plane
382 1791 571 1828 consentit
594 1804 679 1828 cum
699 1790 831 1828 Servio
851 1789 1093 1827 doctissimus
1113 1790 1367 1827 recentiorum
1393 1791 1584 1840 interpre-

117 1864 193 1892 tum
211 1854 404 1904 lleynius‚
424 1868 566 1905 negans
584 1854 685 1891 illam
712 1854 858 1903 Virgilii
888 1853 1100 1891 Albuneam
1127 1866 1236 1891 sacro
1257 1854 1361 1890 sonte
1388 1862 1582 1891 sonantem

115 1919 272 1957 multum
302 1919 445 1956 distare
476 1932 588 1969 posse
613 1918 662 1956 ab
696 1919 843 1956 lloratii
862 1917 1039 1958 Albunea
1069 1926 1298 1964 resonante3
1330 1931 1454 1968 neque
1481 1918 1584 1956 aliud

113 1984 257 2022 utrovis
285 1983 371 2021 loco
402 1984 691 2034 intelligendum
720 1992 883 2034 putans,
903 1996 1016 2033 quam
1046 1995 1231 2032 aquarum
1263 1981 1486 2019 Albularum
1507 1983 1585 2020 sive

114 2048 257 2087 Albulae
276 2048 350 2085 rivi
370 2047 512 2085 fontem
537 2048 722 2096 majorem
741 2048 777 2084 iu
799 2046 1010 2085 Tiburtino
1027 2059 1120 2097 agro
1141 2044 1410 2084 scaturientem
1430 2060 1439 2085 ε
1459 2046 1582 2085 Albu—

113 2126 219 2151 neam
235 2112 352 2163 igitur
365 2112 517 2163 Virgilii
535 2111 666 2149 silvam
685 2111 798 2149 fuisse
815 2111 854 2148 in
872 2111 937 2148 illo
953 2124 1045 2161 agro
1063 2111 1175 2148 latam
1196 2111 1285 2147 olim
1302 2118 1338 2148 et
1352 2110 1583 2159 umbrosam,

113 2190 195 2228 quae
214 2175 438 2215 Albularum
459 2188 647 2225 aquarum
672 2168 830 2224 fontem,
857 2174 905 2212 ab
926 2174 1085 2213 iloratio
1113 2183 1246 2225 postea
1263 2174 1480 2224 laudatum,
1508 2176 1583 2214 suis

114 2250 200 2279 tune
217 2240 350 2292 spatiis
369 2239 579 2278 incluserit.

162 2305 234 2343 Sed
253 2303 370 2355 objici
392 2311 516 2355 potest
546 2304 689 2340 sontem
717 2303 825 2341 illum
852 2302 1045 2350 Albulam,
1068 2302 1184 2340 hodie
1205 2301 1415 2340 viatoribus
1436 2304 1585 2342 notissi-

113 2382 233 2417 mum,
251 2368 471 2419 Virgilianae
494 2367 744 2418 descriptioni
765 2368 888 2405 minus
907 2366 1159 2418 respondere,
1180 2369 1288 2416 cujus
1303 2380 1429 2417 aquae,
1446 2377 1583 2406 natura

113 2447 177 2472 sua
196 2441 411 2484 stagnantes
426 2432 524 2470 infra
538 2431 609 2469 soli
628 2431 833 2470 admodum
856 2431 959 2482 plani
976 2430 1215 2481 superficiem
1230 2461 1240 2478 ‚
1263 2443 1410 2469 sonorae
1425 2445 1493 2470 nec
1509 2433 1582 2471 sint

114 2512 180 2535 nec
193 2512 274 2536 esse
293 2510 460 2548 unquam
481 2496 689 2547 potuerint.
710 2491 899 2534 Praeterea
914 2510 990 2532 non
1009 2503 1085 2532 tam
1101 2504 1288 2532 remotum
1308 2508 1389 2533 esse
1411 2495 1544 2535 debuit
1560 2513 1579 2536 a

115 2562 235 2600 Latini
252 2563 352 2612 regis
369 2561 562 2598 domicilio
579 2560 776 2598 oraculum
794 2578 808 2593 «ι
826 2560 967 2608 fatidici
989 2559 1172 2609 genitoris
1184 2574 1194 2606 ;
1207 2577 1220 2592 υ
1237 2569 1275 2596 et
1290 2559 1414 2598 Tibur
1428 2561 1581 2600 Herculi

115 2639 280 2676 sacrum,
304 2625 351 2663 ab
374 2626 523 2676 Argivis
541 2625 708 2675 positum
726 2624 891 2671 colonis,
911 2623 1043 2675 graecis
1063 2623 1178 2673 magis
1207 2636 1319 2674 quam
1346 2623 1469 2662 latinis
1487 2626 1580 2664 insi-

118 2704 189 2739 gne
206 2690 355 2737 fabulis,
374 2688 492 2727 Fauni
521 2688 627 2726 latini
645 2689 716 2726 Dei
735 2689 933 2726 oraculum
949 2689 1013 2724 vix
1031 2686 1174 2724 babere
1188 2688 1325 2737 potuit.
1342 2688 1474 2739 Itaque
1489 2704 1579 2740 pro-

119 2756 202 2806 pius
217 2755 263 2792 ad
280 2766 408 2792 verum
427 2752 627 2791 accessisse
646 2752 798 2790 videtur
814 2752 989 2791 Valerius
1003 2750 1171 2798 Probus,
1192 2751 1336 2802 Virgilii
1362 2752 1551 2805 interpres
1566 2789 1576 2806 ‚

114 2820 219 2870 cujus
244 2819 359 2857 verba
377 2831 500 2868 nuper
517 2816 621 2855 edita
638 2816 717 2854 baee
741 2825 844 2867 sunt,
865 2816 910 2854 ad
929 2818 1070 2867 (ieorg.
1094 2817 1124 2865 l,
1143 2830 1179 2856 v.
1205 2830 1249 2853 10
1267 2830 1276 2853 z
1299 2834 1313 2849 ιι
1333 2817 1578 2858 Existimatur

114 2903 129 2918 ιι
159 2893 281 2923 autem
302 2872 464 2923 'Faunus
493 2882 606 2920 fnisse
634 2895 701 2920 rex
731 2881 1027 2932 Aboriginum...
1062 2882 1192 2932 ltaque
1222 2881 1302 2933 ejus
1323 2882 1516 2920 oraculum
1538 2884 1580 2930 in,
