1752 3495
658 231 974 277 EXCURSUS
1009 231 1052 273 1.·
1513 233 1574 277 83

120 332 180 390 οὖν
202 338 223 381 ὴ
245 330 425 376 Χαλδαῖοι,
445 329 549 376 ἤγουν
565 328 588 372 ἡ
610 324 738 377 Περσίς.
750 354 759 371 ,
781 325 873 362 vel‘
857 340 879 370 η
899 323 957 361 καὶ
978 322 1130 374 Περσίς,
1148 322 1251 373 quod
1273 335 1340 361 uec
1362 323 1570 374 nw-epnoban

121 381 212 439 (him
241 411 321 436 esse
351 394 515 432 diximus
534 418 544 436 ,
569 397 606 427 et
638 390 745 428 facile
776 392 982 434 terremus,
1002 387 1072 423 nisi
1094 394 1167 424 tam
1187 386 1381 425 manifesta
1399 388 1578 439 prodere-

125 477 185 503 tm
206 476 308 501 mens
325 454 621 508 interpolatoris,
637 454 796 492 volentis
813 449 969 490 omnino
985 449 1167 500 Sibyllam
1186 463 1291 488 suam
1311 452 1551 494 Chaldaeam
1542 467 1579 491 in

122 528 299 566 Varronis
319 523 528 570 catalogum
548 519 756 565 intrudere,
778 525 986 554 ceterarum
1005 515 1089 552 loco
1116 528 1191 551 non
1210 524 1371 557 mutato,

175 592 312 631 Nititur
333 598 447 638 porro
469 592 547 621 tota
566 583 613 621 de
628 581 802 621 Chaldaea
822 580 966 630 Sibylla
987 579 1171 617 sententia
1196 592 1273 616 non
1302 580 1368 617 illo
1384 582 1584 620 Nicanoris

120 655 222 706 apud
248 654 450 690 Varronem
472 660 537 685 seu
553 647 793 685 Lactantium
818 643 1054 690 testimonio,
1071 643 1135 681 sed
1165 643 1248 680 aliis
1275 642 1426 680 duobus
1453 658 1584 683 recen·

126 719 296 762 tion-ibus,
324 713 522 753 Pausania·
542 724 678 762 nempe
703 719 741 748 et
765 709 907 748 Justini
925 708 1113 757 martyris.
1140 709 1312 753 Quorum
1338 708 1400 745 hic
1419 709 1585 759 quidem,

121 785 278 824 Cohort.
300 780 345 818 ad
366 779 485 816 Graec.
507 778 579 814 loc.
597 777 673 822 cit.‚
691 775 834 826 primus
851 774 898 811 de
921 788 963 811 ea
983 773 1125 824 Sybitla
1143 782 1277 811 auctor
1298 773 1498 823 laudanti-3
1519 788 1586 813 nee

126 862 212 886 vero
232 859 312 883 eam
333 856 419 880 cum
444 843 612 887 Persica,
630 840 695 878 sed
712 853 796 876 cum
812 839 982 877 Cumana
999 837 1185 883 confudit,
1203 848 1379 888 tanquam
1396 837 1587 888 Babylone

121 914 228 952 Cum
221 925 258 947 is
280 909 498 947 ··dveeta1n:
529 905 692 952 Ἰαύτην,
730 905 874 954 inquit,
908 903 985 954 [την
1013 903 1190 954 Κυμαίαν]
1218 904 1256 941 ἐκ
1288 902 1330 953 μὲ
1334 920 1350 940 ν
1384 903 1591 946 Βαὲυλῶνος

124 974 304 1029 &pp-3⁶02(
340 988 435 1024 φασι.
456 971 529 1010 Sed
562 970 774 1009 Chaldaeam
798 982 911 1019 quam
939 968 1145 1019 intelligat,
1177 969 1299 1007 statim
1337 969 1416 1019 ipse
1451 967 1588 1007 docet:

129 1038 313 1093 Βηρώσσόυ
332 1040 393 1074 τοῦ
413 1035 476 1082 τὴν
498 1035 729 1080 Χαλδα”ικὴν’
722 1034 872 1085 ιστορίαν
886 1033 1081 1085 γράῶαντος
1101 1033 1225 1083 θυγατζ
1211 1049 1271 1084 ,ρα
1290 1027 1408 1073 ουσαν.
1431 1034 1591 1084 Expres-

124 1107 202 1144 sior
236 1103 282 1140 dv
305 1115 348 1140 ea
366 1101 522 1138 mulieie
551 1099 777 1146 Piusanias,
801 1099 865 1149 qui
896 1098 1039 1148 paritet
1070 1098 1197 1135 Berosi
1229 1098 1367 1143 filiani,
1383 1085 1456 1135 'sed
1481 1098 1591 1135 simul

128 1169 319 1208 llebraeam
345 1165 404 1203 vel
430 1174 532 1203 certe
557 1164 657 1214 apud
687 1128 864 1200 Uchi-:eos
884 1163 1021 1199 claram
1043 1161 1212 1198 eamdem
1240 1161 1345 1211 facit,
1383 1162 1501 1200 Phoc.
1522 1162 1592 1199 loc.

126 1248 225 1284 saepe
242 1233 303 1270 cit.
323 1247 330 1269 :
351 1229 455 1282 Παρὰ
473 1227 652 1280 Ἱίὅραίοις
671 1233 741 1270 τοῖς
777 1226 862 1279 ὑπὲρ
881 1229 942 1272 τῆς
968 1225 1204 1272 Παλαιστίνης
1223 1225 1308 1277 γυνὴ
1331 1225 1593 1278 χρησμολόγος,

126 1298 231 1347 ὄνομα
260 1295 295 1333 δὲ
325 1296 411 1346 αὐτῇ
442 1293 580 1340 ..α’δῧη.
608 1290 774 1345 Βηρώσου
796 1291 832 1329 δὲ
858 1284 945 1328 εἶναι
971 1289 1099 1343 πατρὸς
1135 1290 1192 1328 καὶ
1214 1290 1434 1343 Ἐρυμάνθης
1466 1291 1594 1344 μητρός

128 1378 206 1415 φασι
240 1359 400 1405 MCC-m·
423 1360 454 1396 οἱ
487 1357 522 1395 δὲ
542 1358 648 1404 αὐτὴν
676 1356 912 1395 Βαίυλωνίαν.

178 1430 301 1473 Quum
334 1437 450 1475 porro
474 1423 647 1461 justinus
665 1431 702 1459 et
733 1420 960 1467 Pausanias,
982 1420 1069 1458 licet
1088 1420 1124 1458 in
1146 1420 1274 1458 multis
1295 1421 1462 1469 diversi,
1493 1435 1596 1473 quae-

126 1493 209 1530 dam
231 1489 396 1527 habeant
426 1490 524 1525 inter
545 1502 584 1525 se
605 1487 839 1532 eommunia,
859 1500 927 1523 nec
955 1486 1064 1523 facile
1090 1485 1240 1536 utrique
1266 1487 1516 1538 excogitanda
1532 1495 1596 1524 aut

127 1556 175 1594 ab
204 1555 387 1593 alterutro
416 1553 598 1590 sumenda
622 1552 848 1601 (Pausanias
876 1551 998 1597 enim,
1034 1550 1148 1601 paulo
1174 1550 1305 1600 junior
1336 1565 1448 1601 quam
1480 1552 1597 1590 Justi-

130 1633 217 1667 uus,
254 1618 557 1657 Cliristianoriun
581 1616 733 1667 scriptis
755 1616 908 1653 minime
934 1615 989 1653 uti
1018 1614 1199 1666 solebat),
1231 1615 1403 1667 sequitur
1423 1629 1596 1654 commu-

131 1700 211 1722 ueni
236 1683 422 1722 ambobus
441 1683 555 1720 fuisse
571 1682 705 1719 ducem
726 1697 733 1719 z
762 1694 964 1731 quemnam
987 1680 1116 1726 illum,
1137 1680 1237 1717 haud
1260 1681 1312 1718 ita
1340 1690 1447 1718 certo
1468 1681 1596 1719 dicere

131 1761 352 1801 possumns3
381 1750 621 1797 suspicamur
651 1755 773 1783 tamen
798 1744 1061 1784 Alexandrum
1089 1745 1350 1795 Polyhistora‚
1378 1746 1444 1796 qni
1466 1745 1594 1796 Sylla-

131 1814 185 1849 uis
208 1809 441 1860 temporibus
462 1810 623 1847 Juda‘ica
655 1809 883 1859 scripserat,
915 1817 1109 1860 auctorem
1133 1808 1286 1846 doctum
1316 1818 1353 1846 et
1382 1810 1596 1853 curiosum,

128 1877 284 1913 citatum
302 1888 323 1912 a
340 1874 490 1913 „lustino
511 1875 637 1920 semel,
659 1873 706 1910 ab
728 1872 891 1910 Eusebio
917 1886 1034 1922 saepe,
1056 1873 1120 1922 qui
1139 1882 1176 1910 et
1193 1873 1389 1910 Pausania!
1408 1882 1445 1911 et
1470 1874 1597 1912 Suidae

129 1941 186 1978 vel
219 1939 373 1977 incertis
405 1938 533 1977 Suidae.
568 1937 787 1975 auctoribus
810 1938 930 1988 potuit
954 1950 1033 1975 esse
1063 1937 1113 1974 ob
1135 1938 1286 1985 oculos,
1320 1938 1438 1988 iisque
1453 1938 1501 1976 de
1524 1939 1595 1976 hac

130 2006 268 2055 Sibylla
283 2017 483 2054 suggerere
511 2017 594 2053 quae
615 2003 858 2054 scripserunt.
881 2003 1003 2040 Porro
1027 2015 1138 2038 nemo
1159 2002 1308 2039 illorum
1331 2003 1598 2049 animadvertit

130 2072 277 2108 Graecas
297 2079 335 2106 et
351 2068 523 2117 Syriacas
545 2067 779 2105 commisceri
808 2066 974 2103 fabulas:
995 2080 1080 2103 nam
1100 2065 1322 2119 Ἰίρυμοὶνθη,
1338 2080 1423 2117 quae
1445 2067 1599 2117 Sibyllae

132 2144 250 2171 mater
278 2134 454 2183 fingitur,
485 2145 647 2182 graecum
679 2143 814 2167 nomen
850 2139 927 2177 est,
955 2131 1057 2167 unde
1083 2129 1157 2166 huc
1177 2130 1329 2167 allatum
1357 2131 1598 2181 ignoramu53

135 2209 254 2236 tamen
277 2197 492 2249 Ἐρίμαντις,
516 2205 693 2245 tanquam
710 2197 823 2231 valde
834 2195 1076 2243 prophetans,
1096 2192 1167 2230 sub
1185 2207 1231 2230 eo
1250 2193 1471 2232 delitescere
1488 2195 1600 2233 nobis

133 2264 292 2300 videtur.
316 2263 436 2300 Etiam
456 2275 541 2312 qua„-
570 2261 617 2298 de
647 2262 788 2299 liei-oso
804 2269 910 2311 patre
939 2259 1157 2304 adduntur,
1178 2259 1247 2297 etsi
1273 2260 1463 2309 Syriacam
1484 2263 1600 2313 magis

133 2329 281 2378 sapiunt
299 2327 509 2377 originem,
528 2341 548 2363 e
570 2338 692 2376 graeca
712 2333 835 2362 tamen
854 2324 1069 2361 eruditione
1087 2324 1354 2371 defluxerunt,
1371 2338 1440 2362 nec
1459 2334 1600 2364 temere

135 2381 219 2429 siint
237 2390 483 2429 admittenda.
507 2389 688 2440 Quisquis
710 2390 809 2426 enim
834 2390 1013 2426 Bet-osum
1033 2389 1178 2439 primus
1199 2389 1272 2426 huc
1289 2389 1447 2439 invexit,
1465 2392 1601 2441 procul

134 2456 251 2493 dubio
274 2455 441 2506 respexit
464 2453 511 2490 ad
536 2454 641 2490 illum
664 2453 968 2504 antiquissimum
1001 2466 1043 2490 ac
1066 2466 1168 2503 paene
1195 2451 1409 2490 fabulosum
1439 2455 1602 2491 astrolo-

133 2534 241 2570 gum,
261 2519 299 2556 id
326 2529 403 2566 est,
424 2517 470 2555 ad
487 2517 754 2555 obscurissima
783 2527 952 2555 veterum
982 2518 1247 2556 Chaldaeorum
1275 2526 1469 2568 tempora3
1488 2532 1600 2569 quem

135 2592 256 2620 tamen
278 2597 355 2621 non
374 2583 485 2620 aliter
504 2582 682 2633 cognovit
709 2596 822 2634 quam
839 2612 848 2630 ‚
870 2592 910 2620 ut
935 2583 1106 2634 plerique
1125 2584 1364 2630 Graecorum,
1384 2596 1430 2621 ex
1446 2584 1601 2623 alterius

137 2650 261 2686 sserosi
285 2649 355 2685 ilde
369 2677 380 2698 ,
402 2648 570 2685 historiae
588 2647 801 2685 Chalda'icae
819 2649 1038 2699 scriptoris,
1057 2648 1123 2699 qui
1143 2662 1240 2698 opus
1269 2661 1376 2685 suum
1399 2650 1601 2700 inscripse-

137 2722 191 2749 rat
210 2712 398 2751 Antiocho
421 2713 515 2757 l)e0‚
539 2712 658 2761 Syriae
679 2713 774 2763 regi,
800 2721 892 2750 teste
920 2713 1081 2750 Tatiano
1103 2713 1149 2750 ad
1178 2713 1356 2759 Graecos,
1380 2717 1399 2760 ς
1419 2713 1466 2750 36
1482 2746 1492 2761 ‚
1514 2714 1600 2751 assi·

134 2777 306 2826 gnandus
337 2777 452 2827 igitur
473 2776 584 2813 tertio
606 2785 692 2813 ante
711 2777 802 2815 Chr.
832 2778 980 2815 saeculo.
1010 2780 1061 2815 Ac
1089 2791 1135 2814 ne
1154 2777 1244 2814 satis
1265 2777 1414 2827 quidem
1435 2787 1596 2825 constat,

135 2842 322 2890 juniorem
347 2842 458 2879 istum
483 2841 519 2877 in
539 2840 715 2878 Chaldaea
735 2841 891 2888 vixisse,
912 2855 1028 2892 quum
1059 2842 1095 2878 in
1120 2843 1174 2880 Co
1195 2842 1317 2878 insula
1334 2841 1598 2893 astrologicam

138 2906 368 2957 disciplinam
402 2905 605 2944 instituisse
639 2905 808 2943 tradatur
828 2920 847 2942 a
868 2907 1065 2953 Vitruvio,
1087 2906 1151 2944 lib.
1179 2907 1250 2952 lx,
1272 2919 1357 2957 cap.
1380 2906 1417 2944 6.
1446 2906 1600 2957 Origine

1381 2976 1423 3022 6.
