1686 3500
666 221 976 272 Exctmsus
1012 227 1087 271 vl.
1394 213 1402 225 “
1500 230 1593 275 487

122 323 295 363 trabatur
313 323 463 378 (confer
477 337 561 372 uos,
580 325 673 365 Exc-
692 325 738 372 V,
754 337 792 376 p.
809 324 914 373 344),
931 324 1139 372 Antonino,
1157 314 1213 363 M.
1239 327 1411 374 Aurelio,
1425 326 1468 365 1„
1483 325 1597 366 Vero.

119 391 291 441 Namque
306 389 398 428 illuc
414 389 565 428 redibat
584 389 753 429 Danielis
767 389 983 441 prophetia,
998 403 1032 430 c.
1052 403 1090 438 7,
1104 402 1143 429 ν.
1167 402 1204 438 7,
1217 402 1289 440 sq„
1303 389 1351 430 de
1369 390 1493 431 tribus
1508 405 1600 431 cor-

114 452 227 492 nibus
238 467 283 492 ex
299 453 428 493 decem
445 454 716 506 supersi-turis,
727 454 871 493 deinde
883 454 931 493 ab
944 469 1021 493 uno
1037 455 1228 493 vivaciore
1246 456 1478 505 evertendis3
1491 458 1596 509 quod

113 519 221 557 multi
241 519 595 571 interpretabantur
615 520 663 558 de
691 519 813 558 tribus
835 520 1037 559 Antoninis
1060 533 1130 571 per
1152 519 1426 559 Antichristum
1447 522 1595 573 peritu-

110 584 162 622 ris
179 583 340 622 &decem
359 598 450 623 vero
465 584 570 636 apud
585 584 781 623 Danielem
804 597 947 622 cornua
963 583 1251 624 confundebant
1265 598 1351 631 cum
1367 585 1496 637 decem
1514 587 1598 625 aliis

110 649 148 686 in
168 648 401 699 Apocalypsi
418 649 623 700 praedictis,
642 662 727 700 cap.
753 650 814 698 13,
834 662 869 688 v.
891 663 925 697 ι,
942 655 1027 699 quae
1045 649 1200 700 quidem
1217 649 1302 702 ipso
1318 650 1597 701 interpretante

72 748 75 751 .
109 711 264 761 angelo,
285 710 393 760 ibid„
417 726 500 763 cap.
522 726 581 761 1⁴7,
602 727 633 753 v.
659 727 701 751 ια
719 743 729 758 ,
745 712 907 752 Romani
926 714 1090 753 Caesares
1113 727 1195 752 esse
1225 713 1454 752 videbantur
1479 727 1502 753 a
1520 715 1594 754 Ve-

108 776 283 827 spasiano
299 779 488 816 numerati
515 792 635 829 usque
654 779 701 817 nd
723 780 876 818 tertium
899 780 1151 828 Antoninum,
1167 779 1266 818 sicut
1284 779 1460 831 pluribus
1478 794 1595 832 expo-

109 850 223 879 netur
241 842 454 894 insra‚cap.
480 843 541 883 16.
574 844 676 895 Ergo
710 852 798 895 post
820 844 1034 882 Antoninos
1060 853 1265 882 venturum
1300 844 1593 891 Antichristum,

108 906 298 958 simulque
311 916 481 946 extrema
494 907 626 946 mundi
639 917 825 959 tempora,
840 908 950 947 facile
964 908 1036 947 sibi
1048 908 1344 961 persuadebant.
1356 910 1450 957 Quae
1465 917 1590 948 tamen

107 972 295 1010 sententia
318 972 523 1011 Antoninis
551 973 644 1024 ipsis
670 973 736 1011 diu
757 986 955 1025 superesse
982 987 1060 1012 non
1077 973 1223 1025 potuit;
1252 982 1290 1012 et
1316 982 1420 1025 tum,
1448 973 1487 1013 id
1511 983 1590 1024 est,
1637 1005 1640 1008 .

108 1044 193 1087 post
212 1036 320 1075 initia
339 1037 440 1075 tertii
466 1037 606 1085 saeculi,
625 1051 724 1075 nova
744 1038 1105 1090 interpretationum
1124 1047 1337 1077 commenta
1356 1039 1498 1078 exoriri
1515 1053 1592 1078 coe-

106 1108 247 1151 perunt
264 1114 349 1152 quae
373 1102 474 1152 apud
496 1103 749 1153 Hippolytum
767 1111 804 1140 et
831 1103 1071 1142 Lactantium
1091 1111 1129 1141 et
1145 1104 1425 1154 Hieronymum
1453 1112 1490 1142 ct
1513 1105 1590 1141 Au-

105 1165 296 1216 gustinum
315 1166 490 1218 aliosque
509 1167 695 1218 reperias3
711 1167 852 1219 quibus
867 1182 944 1205 non
965 1177 1019 1207 est
1039 1168 1100 1206 hic
1118 1168 1278 1206 multum
1295 1167 1591 1216 immorandum,

104 1231 192 1281 quia
214 1243 291 1269 non
312 1239 463 1271 exstant
483 1232 584 1283 apud
605 1240 756 1271 nostras
775 1232 960 1284 sibyllas:
983 1234 1121 1272 harum
1139 1246 1231 1284 ergo
1249 1233 1378 1284 potius
1397 1233 1589 1284 opinatio·

105 1309 172 1334 nes
192 1296 240 1335 de
260 1295 375 1337 rebus
397 1306 484 1336 ante
503 1298 615 1336 linem
638 1298 796 1346 futuris,
814 1312 900 1348 age,
927 1312 1217 1350 persequamur.

791 1421 898 1431 -—-

459 1504 572 1544 CAP.
604 1504 681 1544 XV.
706 1508 763 1543 De
781 1507 903 1543 decem
930 1504 1087 1543 tribuum
1108 1506 1237 1542 reditu.

150 1627 281 1666 Sancti
302 1629 521 1679 Prophetae,
542 1630 607 1682 qui
637 1629 812 1681 plerique
835 1630 1054 1668 israeliticae
1078 1642 1144 1668 seu
1169 1637 1302 1680 postea
1328 1625 1497 1667 Judaicae
1517 1642 1584 1667 ca-

97 1691 284 1742 ptivitatis
307 1693 546 1745 temporibus
571 1696 776 1744 vixerunt,
815 1695 919 1746 pleni
941 1702 1032 1734 sunt
1060 1694 1252 1733 vaticiniis
1272 1694 1321 1733 de
1355 1693 1487 1732 futuro
1509 1694 1582 1733 tri-

96 1755 214 1795 buum
236 1757 386 1807 reditu,
411 1772 497 1810 quae
525 1761 899 1812 transEuphratem
932 1759 981 1798 ab
1005 1760 1169 1811 Assyriis
1198 1758 1389 1797 translatae
1409 1759 1577 1799 fuerant.

94 1822 194 1861 Satis
213 1824 261 1862 sit
282 1823 340 1861 vel
363 1837 480 1862 unum
512 1825 630 1863 citare
657 1826 888 1874 ,len-emitum,
916 1839 1002 1877 cap.
1036 1826 1097 1864 31.
1133 1826 1261 1875 Atque
1285 1823 1366 1864 hoec
1399 1823 1579 1863 vaticinia

95 1895 274 1926 eventum
291 1901 401 1926 suum
423 1889 555 1928 sortita
577 1898 665 1928 sunt
683 1891 793 1941 Cyri,
817 1890 921 1929 Darii
940 1899 979 1928 et
1000 1888 1223 1930 Artaxerxis
1249 1888 1384 1926 edictis
1403 1895 1577 1927 zeonstat

94 1952 195 1990 enim
211 1966 288 1990 non
302 1953 458 1992 Judaeos
480 1963 649 2004 tantum,
671 1955 735 1993 sed
754 1955 975 2007 complures
995 1954 1107 1993 simul
1128 1969 1150 1993 e
1167 1962 1382 1993 ceterarum
1404 1952 1575 1992 tribuum

95 2018 265 2070 reliquiis
276 2019 313 2057 in
330 2020 492 2070 patriam
513 2028 650 2058 terram
662 2021 835 2068 rediisse,
848 2030 1073 2073 partemque
1088 2033 1267 2072 agrorum
1282 2032 1456 2069 suorum,
1472 2033 1576 2071 quae-

93 2098 258 2136 cumque
280 2098 299 2123 a
314 2085 449 2124 vicinis
463 2086 644 2136 gentibus
660 2086 794 2125 redimi
811 2095 877 2125 ant
895 2087 1116 2139 recuperari
1142 2086 1287 2137 potuit,
1307 2098 1439 2123 rursus
1456 2097 1573 2123 occu-

92 2163 228 2200 passe3
262 2150 313 2190 ita
334 2160 375 2190 ut
396 2152 584 2190 restitutis
611 2152 819 2204 aliquando
838 2152 958 2191 rebus
984 2154 1081 2200 suis,
1114 2152 1273 2190 Hebraea
1294 2165 1407 2203 gens,
1428 2150 1573 2202 potiori

89 2215 313 2254 Judaeorum
338 2217 492 2255 nomine
509 2216 588 2268 jam
615 2217 806 2265 vocanda,
826 2217 899 2256 sub
929 2219 1012 2260 miti
1036 2218 1236 2257 Persarum
1264 2215 1427 2266 imperio
1446 2214 1569 2253 felici—

90 2288 166 2319 tate
186 2281 399 2323 frueretur.
419 2291 561 2333 quanta
581 2296 777 2334 nunquam
803 2282 876 2322 sub
903 2283 1072 2335 propriis
1099 2281 1272 2334 regibus-3
1294 2281 1392 2319 hanc
1410 2280 1473 2318 alii
1487 2279 1566 2331 jam

88 2352 177 2383 ante
196 2358 266 2383 nos
286 2345 467 2385 dixerunt
485 2359 639 2385 auream
668 2356 816 2386 aetatem
840 2348 955 2386 fuisse
976 2356 1114 2386 sanctae
1129 2346 1263 2399 gentis,

140 2410 278 2449 Postea
306 2423 409 2459 vero,
429 2424 547 2463 quum
571 2425 701 2451 rursus
727 2413 948 2451 calamitosa
979 2421 1174 2464 tempora,
1204 2425 1225 2450 a
1245 2409 1498 2449 Macedonum
1527 2409 1565 2447 in

87 2475 214 2514 Asiam
228 2475 401 2528 ingressu
417 2478 606 2529 prosecta,
621 2478 764 2517 Jndaeae
778 2478 1000 2517 incumbere
1017 2478 1237 2530 coepissent3
1253 2488 1450 2528 quumque
1466 2473 1566 2513 inter

83 2539 200 2589 Syros
219 2548 256 2579 et
269 2540 469 2593 AEgyptios
482 2540 680 2590 distracta,
697 2543 905 2594 praesertim
933 2556 1025 2581 vero
1042 2556 1062 2581 a
1082 2541 1187 2594 Syris
1209 2539 1362 2593 regibus
1381 2551 1566 2591 oppressa

85 2616 175 2654 gens
212 2604 250 2642 in
281 2614 490 2644 extremam
511 2609 735 2646 servitutem
766 2608 922 2660 delapsa
950 2617 1068 2655 esset;
1098 2607 1226 2645 redire
1253 2615 1330 2644 tum
1365 2604 1491 2643 multis
1524 2604 1561 2641 in

84 2678 249 2710 mentem
270 2682 484 2725 coeperunt,
505 2673 618 2714 bonis
638 2674 729 2714 viris
755 2684 792 2714 et
812 2676 945 2727 patriae
971 2674 1201 2723 amantibus,
1230 2673 1442 2712 decantatae
1468 2670 1561 2710 olim

82 2736 294 2788 prophetiae
318 2738 366 2777 de
380 2739 602 2779 Judaeorum
623 2754 743 2793 regno
762 2741 911 2781 Messiae
941 2741 1058 2779 armis
1077 2737 1328 2786 restituendo,
1357 2750 1402 2775 ac
1421 2735 1470 2775 de
1490 2736 1559 2775 tri·
1597 2743 1603 2750 ·

81 2798 199 2840 buum
218 2802 362 2848 reditu,
386 2818 480 2855 quas
496 2804 626 2843 decem
649 2805 776 2844 adhuc
794 2815 898 2844 trans
916 2805 1148 2857 Euphratem
1166 2812 1278 2854 atque
1294 2802 1332 2841 in
1351 2800 1558 2840 remotiore

83 2865 168 2904 Asia
186 2865 336 2905 latitare
356 2867 426 2907 sibi
455 2868 661 2920 fingebant.
690 2870 794 2909 Falsa
821 2870 902 2908 haec
922 2878 959 2908 et
982 2872 1148 2921 gratuito
1169 2868 1349 2914 conficta,
1370 2865 1463 2918 quia
1492 2877 1558 2902 re-

83 2928 181 2969 ditus
206 2931 354 2971 illarum
378 2933 547 2971 tribuum
574 2934 612 2972 in
634 2943 800 2974 veterem
834 2935 995 2987 patriam
1025 2947 1130 2972 suam
1152 2931 1299 2984 jamdiu
1322 2929 1377 2967 vel
1399 2927 1558 2967 effectus
