1752 3495
138 189 232 234 288
417 179 420 183 ⁴
470 225 474 229 .
711 186 1006 232 APPENDlX

131 287 211 339 jam
229 285 366 325 saeculo
382 283 512 336 (paulo
530 284 644 335 igitur
658 292 746 322 ante
760 284 1055 337 Luitprandum)
1073 292 1266 322 servatum
1282 284 1319 322 in
1337 286 1422 323 aula
1445 286 1596 338 Byzan-

137 353 213 389 tina
229 351 344 389 fuisse
362 349 475 387 docet
493 349 683 400 Georgius
694 349 906 395 Cedrenus,
927 361 1118 400 quemque
1134 348 1364 400 Sibyllinum
1381 349 1462 401 ipse
1477 365 1597 402 vocat,

134 417 297 467 scriptor
314 414 505 453 undecimi
525 415 651 452 saeculi
667 414 886 453 desinentis.
904 415 1029 453 Locus
1048 422 1103 452 est
1121 413 1169 452 de
1191 414 1328 453 Leonis
1350 417 1518 456 Armenii
1537 419 1597 457 in-

134 480 276 527 teritu,
302 487 331 517 t.
356 479 402 527 ll,
432 491 468 529 p.
488 478 537 516 63
554 507 564 524 ,
586 478 644 516 ed.
669 479 818 517 Bonn.:
854 477 1087 521 Σιὸυλλιακὸς
1118 476 1153 516 δὲ
1174 472 1216 525 ἦν
1232 480 1250 516 ὁ
1277 478 1449 531 χρησμὸς,
1469 479 1504 519 ἔν
1533 498 1598 522 τινι

135 543 244 597 βίὸλῳ
262 546 324 590 τῆς
345 544 526 595 βασιλικῆς
546 542 769 593 βιβλιοθήκης
788 540 1088 594 ἐγγεγραμμένος,
1112 544 1149 581 οὗ
1167 542 1345 596 χρησμοὺς
1361 543 1464 593 μόνον
1483 546 1596 592 ἁπλῶς

133 606 283 660 ἐχούσῃ,
314 606 403 646 ἀλλὰ
429 606 488 645 καὶ
512 606 643 659 μορφὰς
673 606 732 644 καὶ
758 604 925 658 σχήματα
945 607 1014 644 τῶν
1035 607 1205 658 βασιλέων
1230 607 1284 652 διὰ,
1299 607 1507 660 χρωμάτων.
1529 605 1595 651 ’Ἦν

131 665 189 710 οὖν
206 671 321 724 Θηρίον
338 670 607 723 μεμορφωμένον
623 671 642 708 ὁ
662 668 750 708 λε’ων
771 671 806 707 ἓν
821 672 870 722 τῷ
886 669 1032 722 βιὸλίῳ,
1051 670 1178 708 ἄνωθεν
1198 670 1233 708 δὲ
1259 674 1319 718 τ’ἧς
1339 671 1442 710 αὐτοῦ
1469 674 1596 726 ῥάχεως

132 737 232 786 ἐπξγε
235 750 369 788 γραπῗο
388 749 427 772 τ’)
447 748 473 786 ‘s-
494 739 687 786 στθῑχὲἵθν
682 750 724 772 αξ
711 733 797 811 :ypml
804 736 863 772 καὶ
895 737 1000 781 αὐτῆς
1021 750 1083 782 της
1100 750 1267 788 γαστρος,
1305 751 1452 774 κατθπῑν
1481 752 1517 775 ΟΞ.
1547 756 1595 783 τις

131 798 217 852 ἀνὴρ
246 797 388 837 ἐπιθέων
416 796 537 850 δόρατι
558 797 700 850 καιρίαν
726 798 838 836 ἐδίδου
869 797 1008 850 πληγὴν
1040 800 1090 836 τῶ
1113 799 1221 852 θηρίῳ
1247 798 1301 837 δια
1333 800 1438 852 μέσου
1468 805 1528 840 τοῦ
1555 818 1591 856 χ.

131 868 222 903 Erat
245 864 279 914 ic„
272 864 360 902 itur
387 863 426 901 iu
453 876 498 901 eo
532 863 629 901 libro
657 876 733 901 non
755 864 953 902 otaculum
974 864 1110 912 modo,
1137 865 1201 902 sed
1220 874 1257 902 et
1291 867 1338 902 fin
1318 879 1411 917 gura
1440 869 1594 907 oraculo

131 930 272 977 addita,
302 930 419 968 leonis
453 944 478 981 χ
503 929 649 967 literam
683 929 721 966 in
753 929 869 967 dorso
897 929 1086 980 gerentis,
1112 937 1149 967 et
1177 928 1224 967 ab
1251 930 1404 969 homine
1433 932 1593 982 quodam

132 996 260 1033 lancea
279 994 486 1032 transfossi.
505 993 616 1040 Quod
640 993 789 1044 signum
806 994 859 1032 ita
877 994 1013 1044 aliquis
1036 994 1309 1045 interpretatus
1332 1004 1409 1042 est,
1434 996 1593 1037 Leonem

131 1059 365 1105 Armenium,
388 1059 471 1108 ipso
500 1057 642 1096 Christi
668 1059 840 1096 natalitio
860 1058 936 1105 die,
959 1059 1100 1096 inimici
1127 1060 1432 1110 supervenientis
1455 1061 1593 1114 impetu

131 1123 361 1174 periturum,
380 1122 477 1161 sicut
499 1136 628 1160 revera
650 1124 785 1161 evcnit.
807 1123 853 1162 Et
883 1124 977 1161 hanc
1006 1123 1203 1160 historiam
1225 1123 1315 1175 ipsis
1341 1137 1448 1176 paeue
1472 1127 1593 1167 verbis

129 1186 366 1242 repetierunt
392 1190 559 1229 Joannes
590 1189 843 1241 Cui-opalata,
869 1190 1033 1229 Cedreni
1061 1191 1330 1241 transcriptor,
1358 1201 1464 1230 aetate
1489 1206 1592 1244 paene

128 1270 285 1307 suppar,
305 1255 403 1293 libro
436 1255 512 1302 ΙΙΙ,
536 1255 600 1293 sol.
631 1257 670 1303 6,
693 1255 756 1295 ed.
791 1255 854 1293 lat.
877 1255 1010 1293 Venet.
1046 1256 1156 1303 1510,
1183 1269 1226 1293 ac
1259 1257 1378 1294 multo
1406 1261 1593 1309 posterior

126 1322 316 1369 Zonaras,
341 1319 406 1358 lib.
425 1321 503 1367 XV,
527 1321 550 1370 S
578 1333 641 1368 αι,
662 1333 825 1370 quorum
848 1328 1006 1372 uterque
1024 1320 1201 1371 Sibyllini
1233 1322 1401 1359 vaticinii
1424 1322 1593 1374 designa-

128 1387 270 1425 tionem
295 1386 369 1424 hoc
399 1385 484 1423 loco
514 1385 773 1433 retinuerunt,
805 1384 870 1423 sed
897 1394 1074 1433 auctore,
1108 1386 1162 1423 uti
1192 1385 1377 1434 diximus,
1402 1387 1590 1435 Cedreno,

126 1452 241 1491 unico
259 1450 325 1489 illo
341 1464 412 1488 nec
433 1450 523 1488 satis
542 1450 697 1490 idoneo.
714 1450 807 1498 Quis
821 1450 888 1488 scit
901 1449 1002 1489 enim
1022 1463 1067 1488 an
1088 1450 1169 1502 ipse
1187 1450 1244 1488 vel
1262 1449 1422 1488 arbitrio
1437 1453 1591 1503 propi-io

126 1517 187 1555 vel
210 1530 256 1554 ex
281 1515 409 1554 saeculi
426 1515 486 1554 sui
509 1528 615 1553 more
636 1515 929 1567 appellationem
958 1515 1066 1553 istam
1084 1512 1160 1553 huc
1191 1515 1381 1562 intulerit,
1404 1519 1591 1556 communi

125 1580 215 1628 illo,
236 1593 313 1631 quo
333 1593 448 1631 supra
465 1579 654 1629 diximus,
675 1593 805 1629 sensu,
831 1579 1043 1631 prophetiae
1062 1593 1197 1631 nempe
1221 1579 1449 1631 cujuslibet?

177 1644 251 1686 Sed
277 1652 314 1683 et
338 1643 455 1682 hodie
470 1653 699 1696 supersunt,
721 1653 869 1683 servata
889 1644 989 1682 inter
1009 1645 1237 1695 Byzantinas
1256 1645 1474 1697 hujusmodi
1489 1647 1589 1698 quis-

124 1711 282 1762 quilias,
312 1709 466 1747 oracula
489 1723 647 1759 prorsus
671 1709 716 1747 iis
738 1710 873 1747 similia
894 1710 940 1749 de
959 1710 1099 1762 quibus
1120 1710 1316 1750 Cedrenus
1334 1711 1430 1763 agit3
1448 1712 1589 1764 singula

124 1775 269 1827 quippe
281 1774 412 1826 paucis
426 1773 600 1812 versibus
614 1774 787 1812 iambicis
804 1788 985 1826 expressa
1005 1788 1089 1813 cum
1114 1775 1242 1827 figuris
1260 1776 1406 1814 calamo
1428 1776 1588 1815 delinea-

124 1840 194 1889 tis,
214 1839 422 1891 symbolica
437 1839 555 1890 igitur
575 1848 612 1877 et
627 1839 854 1892 allegorica,
876 1852 953 1877 uon
979 1839 1162 1890 Sibyllina
1185 1840 1366 1885 dicenda,
1388 1842 1514 1891 qualia
1531 1843 1586 1880 vi-

124 1905 214 1944 dere
229 1912 285 1943 est
301 1904 349 1942 ad
368 1904 510 1942 calcem
525 1904 664 1943 Codini
682 1904 729 1942 de
747 1905 896 1955 Origin.
918 1904 1250 1956 Constantinopol.
1271 1904 1333 1943 ed.
1356 1904 1532 1945 Lambec.
1553 1915 1586 1944 et

123 1971 162 2008 in
183 1969 451 2020 manuscriptis
465 1969 658 2008 nonnullis
677 1968 998 2008 bibliothecarum
1022 1970 1139 2008 Vatic.
1160 1969 1328 2007 Vindob.
1354 1970 1475 2009 Paris.
1490 1971 1586 2009 Con-

124 2034 303 2073 serendus
322 2034 513 2085 praecipue
533 2034 656 2072 codex
675 2033 853 2072 biblioth.
879 2035 1001 2075 Paris.
1023 2035 1145 2086 suppl.
1167 2033 1213 2072 n⁰
1230 2035 1291 2073 82.
1309 2034 1383 2073 Sed
1405 2035 1441 2072 in
1459 2035 1531 2074 hoc
1550 2045 1584 2073 ct

121 2099 158 2137 io
187 2098 398 2150 plerisque,
426 2105 467 2136 ut
497 2098 714 2149 opinamur,
738 2097 948 2145 codicibus,
967 2099 1210 2144 ascribuntur
1241 2099 1312 2136 ista
1343 2099 1492 2151 aliaque
1515 2100 1584 2138 hoc

121 2176 238 2215 genus
258 2162 454 2214 fatiloquia
473 2175 550 2200 non
565 2162 721 2213 Sibyllae
738 2162 932 2201 alicuiaut
947 2162 1122 2214 Sibyllis,
1139 2163 1204 2201 scd
1224 2163 1362 2214 partim
1385 2164 1583 2215 Hippolyto

123 2229 186 2279 (au
209 2227 297 2266 divo
322 2227 563 2278 llippolytoi’)
577 2256 586 2274 ,
608 2227 744 2278 partim
764 2228 981 2279 Theophilo
995 2227 1144 2266 cuidam
1170 2227 1396 2279 presbytero
1415 2228 1583 2280 (presby-

122 2302 178 2332 ter
196 2292 335 2332 alicubi
355 2292 494 2332 dicitur
511 2306 655 2340 magnae
678 2293 852 2333 Ecclesiae
878 2293 1074 2341 Romanae,
1091 2292 1130 2331 id
1151 2293 1430 2346 est,»Cptanae),
1450 2295 1580 2346 partim

122 2372 233 2405 vero,
253 2367 291 2397 et
311 2357 366 2395 vel
387 2357 549 2396 maxima
571 2371 617 2396 ex
642 2366 761 2409 parte,
783 2358 901 2396 Leoni
928 2358 1164 2410 Philosopho
1189 2358 1427 2409 imperatori.

172 2421 209 2460 ls
227 2421 327 2459 inter
346 2420 499 2459 Graecos
517 2421 628 2459 medii
648 2422 719 2460 aevi
739 2422 972 2461 clarissimus
994 2412 1226 2461 vaticinandi
1247 2423 1343 2461 fama
1367 2423 1446 2462 fuit.
1464 2423 1532 2462 Cui
1547 2431 1580 2460 et

121 2486 293 2539 plerique
324 2485 494 2525 tribuunt
522 2488 741 2533 oraculum,
776 2487 879 2538 quod
909 2488 999 2526 olim
1033 2488 1159 2527 ferunt
1189 2489 1228 2526 in
1256 2489 1491 2528 Constantini
1516 2501 1580 2526 co·

120 2552 245 2589 lumna
277 2552 443 2602 Byzantii
477 2552 515 2590 in
543 2551 626 2590 foro
649 2552 874 2603 inscriptum
909 2553 1023 2591 fuisse
1041 2553 1236 2605 (frequens
1264 2553 1368 2591 illius
1403 2553 1579 2592 columnae

120 2614 259 2654 mentio
275 2615 377 2666 apud
396 2616 618 2664 historicos,
639 2630 852 2668 quanquam
872 2617 920 2656 de
941 2617 1097 2656 oraculo
1120 2617 1157 2655 in
1189 2631 1232 2656 ea
1251 2619 1394 2669 scripto
1411 2615 1579 2655 'dubitari

118 2679 230 2727 licet;
250 2679 364 2718 ictam
392 2680 547 2719 fulmine
568 2695 668 2719 anno
692 2683 790 2721 1080
820 2682 936 2721 refert
964 2682 1215 2734 Curopalata,
1242 2681 1310 2720 lib.
1329 2684 1395 2721 eit.
1419 2682 1439 2731 §
1459 2680 1579 2730 extu).

120 2744 213 2784 Erat
230 2744 426 2783 oraculum
456 2744 574 2784 literis
604 2746 693 2784 solis
713 2754 778 2785 aut
804 2747 996 2799 plerisque
1019 2746 1340 2797 consonantibus,
1359 2746 1504 2786 omissis
1523 2745 1579 2782 in·

120 2809 325 2856 termediis,
348 2818 544 2848 exaratum
564 2825 572 2848 :
599 2809 737 2849 videsis
759 2811 852 2849 illud
880 2825 996 2863 quum
1017 2811 1124 2858 alibi,
1151 2821 1229 2851 t‘um
1250 2812 1290 2851 iu
1313 2812 1444 2851 codice
1468 2821 1579 2860 supra

120 2874 248 2924 dieto,
277 2877 318 2912 n⁰
338 2874 403 2922 82,
432 2887 518 2913 cum
545 2874 859 2926 interpretatione
890 2876 1076 2916 Gennadii
1109 2877 1354 2928 patriarchae,
1385 2888 1469 2926 quae
1497 2873 1576 2911 viro
