1686 3500
131 186 223 232 352
370 148 373 151 ’
489 185 574 230 AD·
600 174 947 231 smYLLmos
981 176 1195 230 manos

129 287 348 339 AEthiopum
363 286 579 338 irruptione
592 286 875 327 destruendam.
912 286 1069 325 Minime
1091 294 1217 325 tamen
1237 286 1398 331 dubium
1420 297 1477 327 est
1499 292 1590 342 quin

130 351 267 389 veteris
296 351 405 390 Oniae
441 350 575 401 templi
607 351 791 389 memoria
817 352 956 391 Nostro
983 358 1110 401 grata,
1138 359 1176 388 et
1199 351 1356 390 alterius
1389 354 1591 395 consimilis

126 413 218 453 aedis
235 414 491 466 exspectatio,
516 422 554 452 et
575 414 817 452 victimarum
844 412 898 452 ibi
927 412 1213 452 offerendarum
1239 415 1396 462 mentio,
1417 415 1591 467 judaicos

83 477 91 485 ‘
126 490 361 526 sensus,n0n
380 478 608 516 christianos
627 478 835 516 redoleant.

181 542 263 580 Fult
286 555 381 593 ergo
404 543 542 582 Noster
568 541 760 580 interdum
786 541 1005 580 Christiano
1028 542 1202 595 propior,
1222 551 1260 581 at
1292 543 1428 595 saepius
1444 545 1589 592 Judaeo.

124 605 227 653 Quid
253 606 342 645 inde
361 605 541 658 conjicias
556 608 572 644 'x’
586 606 666 644 ‚nisi
684 605 798 644 fuisse
814 605 921 644 illum
949 606 1099 658 origine
1114 615 1151 644 et
1171 606 1371 658 disciplina
1395 608 1588 661 Judaeum,

123 671 260 709 leviter
277 679 401 710 tamen
415 671 552 709 nostris
570 669 816 722 opinionibus
844 670 1067 715 intinctum,
1085 672 1121 709 id
1143 680 1213 720 est,
1229 673 1286 711 vel
1310 673 1347 710 in
1365 673 1488 724 primo
1507 682 1589 713 tan-

125 744 205 774 tum
230 737 410 776 Ecclesiae
428 737 555 774 limine
575 746 782 786 parumper
798 743 1074 774 commoratum
1089 765 1100 783 ,
1120 736 1179 774 vel
1200 750 1221 775 a
1240 738 1382 776 nostris
1401 739 1517 777 sacris
1545 741 1588 779 ad

123 814 191 839 sua
211 815 402 840 reversum
417 803 433 840 Ρ
448 803 501 839 Ac
514 814 559 838 ne
574 799 664 850 quid
682 813 813 837 verum
833 800 1113 839 dissimulemus
1127 830 1138 850 ‚
1152 800 1346 852 judaicam
1372 816 1448 840 non
1471 804 1589 843 minus
1636 820 1641 826 ·

123 866 290 904 indolem
314 879 425 916 quam
444 864 654 902 doctrinam
673 864 712 901 in
739 863 811 902 hoc
829 864 938 902 libro-
948 863 1238 915 deprehendere
1257 864 1368 903 nobis
1391 865 1587 908 videmur:

120 944 258 970 caecam
278 943 412 982 nempe
439 929 575 968 veteris
603 929 818 967 traditionis
847 943 911 967 seu
942 943 1042 967 verae
1059 943 1122 967 seu
1143 930 1244 968 falsae
1262 931 1534 983 pertinaciam3
1554 942 1588 972 et

120 1009 209 1047 erga
228 995 389 1047 patriam
408 993 560 1045 quidem
584 1006 627 1031 ac
650 993 791 1045 patrias
807 993 1012 1045 religiones
1038 993 1220 1032 invictam
1240 994 1374 1042 iidem,
1395 996 1479 1046 plus
1503 1010 1588 1035 vero

121 1060 272 1099 fanatici
287 1059 443 1098 affectus
459 1072 571 1110 quam
589 1058 744 1096 sincerae
764 1058 936 1109 pietatis;
959 1057 1054 1096 nihil
1070 1057 1189 1112 quod,
1206 1066 1246 1096 ut
1262 1058 1298 1096 in
1316 1059 1453 1097 ceteris
1473 1059 1586 1109 libris,

120 1126 236 1163 animi
259 1138 349 1162 vere
373 1123 571 1162 christiani
599 1123 835 1161 sanctitatem
862 1123 991 1174 spiret.
1015 1123 1190 1174 Denique
1223 1122 1374 1161 videtur
1407 1123 1471 1162 hic
1495 1125 1587 1165 liber

120 1189 213 1227 nihil
232 1190 268 1227 in
286 1203 324 1227 se
339 1188 478 1226 habere
494 1201 571 1238 quo
589 1188 649 1239 pia
666 1187 768 1225 fraus
785 1217 795 1234 ,
811 1187 908 1226 sicut
926 1187 966 1225 in
982 1186 1116 1225 ceteris
1132 1187 1239 1225 libris
1253 1217 1263 1236 ,
1279 1197 1482 1226 excusetur
1497 1203 1507 1235 ;
1523 1189 1585 1228 sed

118 1253 178 1291 vel
195 1253 274 1290 odii
303 1252 481 1290 adversus
506 1251 696 1289 Romanos
724 1251 904 1302 explendi
931 1264 1066 1298 causa,
1087 1251 1148 1289 vel
1168 1250 1271 1302 quod
1300 1252 1451 1302 turpius
1476 1261 1532 1290 est
1551 1262 1586 1291 et

91 1315 221 1367 'quod
246 1315 362 1366 magis
393 1328 546 1362 remur,
573 1314 738 1366 scriptus
761 1323 819 1352 cst
848 1315 943 1352 lucri
971 1314 1152 1365 cupidine
1174 1324 1213 1353 et
1238 1317 1398 1354 consilio
1423 1316 1584 1367 quodam

117 1379 357 1428 mercatorio,
375 1380 404 1417 si
426 1379 570 1431 possint
590 1379 671 1417 istis
683 1378 907 1418 Judaeorum
927 1378 1121 1427 laudibus,
1137 1378 1293 1431 istisque
1309 1380 1489 1419 adversus
1504 1381 1583 1420 Ro-

115 1457 246 1482 manos
261 1443 458 1491 conviciis,
474 1443 723 1483 Judaeorum
714 1456 885 1495 ipsorum
910 1452 973 1482 aut
987 1444 1291 1483 Christianorum
1304 1444 1582 1496 judaizantium

115 1518 257 1547 mentes
278 1509 379 1546 allici
406 1518 519 1560 atque
533 1508 580 1546 ad
601 1507 804 1546 emendum
823 1506 963 1546 librum
984 1507 1132 1548 induci.

167 1575 224 1612 De
249 1573 414 1612 hominis
433 1572 628 1611 domicilio
653 1585 728 1610 non
746 1580 802 1610 est
820 1572 924 1624 quod
945 1573 1030 1623 quis
1051 1571 1211 1611 dubitet.
1228 1572 1324 1611 Nam
1347 1574 1555 1626 pleraque
1546 1589 1582 1614 in

115 1640 189 1678 hoc
205 1639 319 1690 libro,
334 1653 420 1690 quae
444 1653 522 1677 non
550 1638 598 1677 ad
618 1639 790 1678 Judaeam
816 1647 883 1676 aut
901 1638 948 1676 ad
967 1639 1174 1686 Romanos,
1199 1638 1246 1677 ad
1266 1639 1470 1691 AEgyptum
1498 1655 1583 1693 per-

116 1705 257 1752 tinent;
276 1706 375 1754 imo,
391 1719 426 1744 v.
446 1707 535 1756 457,
553 1719 608 1756 sq.
613 1703 949 1756 ,generationibus
963 1704 1031 1743 AEa
1009 1705 1229 1756 gyptiorum
1251 1718 1380 1756 regum
1394 1714 1432 1743 et
1452 1706 1582 1745 ultimo

112 1770 324 1822 Cleopatrae
340 1783 458 1822 tegno
476 1778 647 1820 tempora
667 1769 916 1807 deliniuntur.
933 1769 1037 1807 Vixit
1055 1783 1147 1820 ergo
1169 1769 1207 1807 in
1229 1771 1407 1821 AEgypto,
1430 1780 1466 1808 et
1480 1772 1580 1822 quod

113 1834 238 1872 statim
264 1834 391 1884 quivis
409 1834 612 1886 conjiciat,
635 1833 885 1872 Alexandriae.

162 1899 219 1937 De
237 1907 411 1949 tempore
429 1911 506 1950 quo
530 1898 641 1943 vixit,
664 1897 767 1935 testis
793 1897 874 1948 ipse
893 1897 953 1935 sit.
973 1897 1066 1935 Nam
1089 1895 1160 1935 sub
1178 1897 1382 1936 Antoninis
1412 1898 1578 1937 scribere

111 1974 152 2000 se
171 1961 297 2012 ducet,
327 1961 502 2000 dumsub
522 1961 707 1999 Hadriani
726 1960 887 2012 posteris
911 1957 1083 1999 extrema
1106 1961 1234 2000 omnia
1259 1962 1341 2000 fore
1363 1962 1552 2014 praedicitz

268 2026 339 2065 Καὶ
359 2025 416 2064 ἐπὶ
437 2030 528 2064 σοῖσι
548 2024 706 2063 κλάδοισι
724 2023 800 2063 τάδ’
820 2023 958 2063 ἔσσεται
976 2023 1099 2077 ἤματα
1122 2024 1237 2063 πάντα
1251 2055 1263 2074 ,

111 2091 224 2143 plane
240 2099 281 2129 ut
299 2090 399 2129 libro
418 2090 504 2130 vlu
518 2119 529 2138 ,
548 2103 584 2128 v.
605 2090 678 2127 65:

264 2155 335 2195 Τὸν
355 2154 444 2207 μέτα
458 2160 549 2207 τρεῖς
565 2152 705 2208 ἄρξουσι
723 2153 940 2193 πανύστατον
962 2147 1061 2208 ἦμαρ
1086 2152 1234 2206 ἔχοντες.

107 2222 228 2270 Quem
255 2221 396 2259 librum
423 2219 602 2258 habuisse
629 2218 782 2257 videtur
805 2217 856 2256 ob
888 2219 1040 2268 oculos,
1075 2219 1257 2270 quoniam
1284 2219 1409 2258 statim
1446 2219 1572 2258 iisdem

109 2300 214 2338 paene
236 2285 390 2336 syllabis
408 2284 512 2322 addit
530 2299 538 2321 :
780 2330 783 2333 Ι

264 2350 367 2402 Τρεῖς
385 2347 555 2402 ἄρξουσιν.
902 2320 924 2371 N

110 2416 156 2453 Et
180 2413 228 2452 de
254 2413 381 2465 primo
413 2411 567 2463 quidem
592 2410 810 2462 principum
842 2423 976 2449 eorum
1008 2416 1075 2449 aut
1098 2410 1145 2448 de
1165 2411 1336 2450 secundo
1360 2411 1453 2450 nihil
1474 2424 1571 2449 asse-

109 2477 180 2525 rit3
210 2477 361 2514 tertium
385 2484 532 2522 nutem,
567 2487 704 2526 quem,
733 2483 888 2526 utpote
911 2483 1002 2513 natu
1023 2475 1244 2523 minimum,
1260 2476 1305 2516 L.
1323 2477 1463 2515 Verum
1494 2476 1570 2513 sore

107 2540 302 2588 credebat,
318 2553 402 2578 sero
423 2539 705 2577 dominaturum
724 2539 896 2590 praedicit
911 2569 921 2587 ,
945 2552 984 2579 v.
1005 2540 1075 2585 513

263 2605 366 2656 Τρεῖς
379 2603 558 2655 ἄρξουσιν,
580 2605 599 2641 ὁ
619 2601 655 2641 δὲ
670 2602 830 2654 ’τρίτατος
847 2605 941 2655 σφῶν
960 2601 1022 2656 ὀψὲ
1039 2601 1219 2654 κρατήσει.

105 2670 200 2708 Tres
219 2678 343 2707 autem
365 2668 450 2706 illos
465 2667 669 2704 duraturos
696 2666 822 2704 innuit
846 2679 963 2716 usqne
991 2666 1038 2704 ad
1071 2667 1292 2706 Antichristi
1319 2677 1488 2720 tempora
1504 2697 1514 2714 ,
1540 2666 1568 2703 si

106 2734 203 2773 bene
218 2734 514 2783 interpretamur
530 2732 654 2768 locum
672 2730 865 2768 difficilem
878 2759 888 2776 ,
906 2729 1018 2768 nobis
1038 2744 1129 2769 vero
1152 2732 1308 2771 minime
1327 2732 1485 2771 dubium
1498 2760 1508 2779 ,
1525 2729 1569 2768 de

106 2799 227 2840 tribus
248 2796 440 2849 capitibus
459 2794 507 2832 ab
523 2794 760 2834 Antichristo
779 2794 935 2840 excisis,
952 2808 990 2834 v.
1010 2808 1102 2843 221,
1126 2808 1210 2846 sqq.
1228 2809 1237 2833 t

261 2863 392 2915 Πρῶτοι
413 2860 475 2913 μὲν
495 2859 534 2897 ἐκ
552 2859 702 2912 τρισσῶν
722 2858 880 2911 κεφαλῶν
896 2857 958 2897 σὺν
979 2857 1133 2911 πληγάδι
1154 2859 1248 2912 ῥίζαν
