1752 3495
109 249 201 294 228
488 248 570 292 AD
604 244 947 291 SlBYLLlNOS
983 243 1186 288 LIBROS

260 346 345 392 Quo
359 343 534 394 Sibyllini
554 356 735 382 monuere
751 355 879 380 versus
884 370 947 382 .....

260 412 429 460 Quaeque
443 408 674 447 Aventinum
704 415 805 445 tenet
821 405 1074 457 Algidumque
1084 434 1094 451 ,

259 472 484 518 Quindecim
505 473 626 511 Diana
640 484 774 522 preces
793 470 961 508 virorum

257 540 371 576 Curet
374 564 444 576 .....

494 712 603 751 CAP.
632 710 727 749 xvl.
750 712 805 748 De
824 709 1005 759 Sibyllino
1020 722 1172 746 arcano.

148 820 336 858 Hactenus
356 825 484 868 aperta
503 825 648 854 tantum
680 823 719 853 et
738 815 847 853 facile
873 814 931 852 vel
960 813 1130 865 profanis
1152 813 1325 852 adeunda
1348 816 1551 866 perlustra-

97 884 238 931 vimus3
256 882 320 920 sed
336 890 477 920 restant
491 881 664 919 abstrusa
676 880 849 930 quaedam
867 888 904 917 et
920 879 1169 926 abscondita,
1190 879 1281 918 solis
1297 879 1450 919 initiatis
1469 895 1551 933 per-

93 948 170 995 via,
191 948 229 986 in
248 961 329 998 quae
347 946 564 997 conjectura
583 954 730 984 tantum
748 945 941 996 penetrari
959 952 1099 995 potest.

144 1013 288 1063 Nempe
305 1011 426 1062 qualis
446 1011 544 1049 foret
559 1010 793 1048 extrinsecus
813 1009 1001 1047 librorum
1019 1008 1190 1047 conditio
1207 1021 1326 1059 quum
1352 1017 1458 1058 ante,
1477 1020 1548 1050 tum

91 1085 179 1127 post
197 1075 414 1113 incendium
434 1075 683 1126 Capitolium,
700 1087 815 1125 supra
835 1073 1102 1124 exposuimus,
1120 1085 1204 1124 cap.
1221 1073 1241 1110 3
1265 1081 1302 1111 et
1323 1073 1358 1112 6.
1380 1075 1546 1124 Quando,

90 1149 158 1179 eta
173 1140 312 1191 quibus
332 1148 368 1178 et
386 1139 581 1191 quomodo
598 1139 652 1177 fas
666 1147 764 1177 esset
778 1138 862 1176 illos
881 1137 995 1184 adiri,
1016 1138 1097 1176 fuse
1111 1137 1378 1186 disseruimus,
1393 1153 1473 1191 cap.
1497 1155 1548 1188 ιι,

91 1219 173 1257 sqq.
199 1205 393 1256 Responsa
419 1203 583 1254 denique
616 1204 741 1254 qualia
760 1216 806 1241 ex
826 1204 871 1241 iis
898 1203 1031 1241 afferri
1048 1203 1228 1251 solerent,
1257 1215 1323 1241 seu
1340 1217 1423 1253 quae
1443 1207 1547 1256 potis·

91 1270 226 1307 simum
247 1279 371 1307 essent
385 1268 570 1318 Sibyllina
583 1268 702 1320 jussa,
717 1267 834 1305 modo
855 1266 1032 1315 diximus,
1048 1281 1128 1319 cap.
1149 1267 1205 1305 15.
1222 1267 1294 1306 Sed
1317 1269 1376 1305 vel
1396 1282 1438 1306 eo
1453 1270 1547 1308 disfi-

91 1334 197 1371 cilius
217 1342 273 1371 est
293 1346 314 1370 a
333 1333 493 1382 cognitis
527 1332 573 1370 ad
600 1332 728 1382 ignota
751 1332 922 1369 transire.
956 1331 1050 1369 Nam
1080 1332 1117 1369 in
1150 1332 1280 1383 graecis
1307 1334 1546 1381 carminibus,

89 1411 174 1448 quae
204 1396 274 1435 sub
296 1397 448 1434 nomine
473 1396 627 1446 Sibyllae
654 1394 970 1441 asservabantur,
996 1395 1075 1433 sive
1095 1395 1184 1434 olim
1216 1410 1237 1433 a
1258 1397 1462 1448 Tarquinio
1488 1413 1542 1437 sa-

89 1461 216 1511 cratis,
233 1461 312 1499 sive
331 1469 461 1512 postea
478 1469 629 1498 senatus
647 1460 754 1512 jussu
772 1473 842 1511 per
860 1460 1016 1498 Graeciae
1035 1468 1072 1498 et
1093 1461 1191 1499 Asiae
1217 1474 1303 1499 oras
1320 1464 1544 1512 conquisitis,

89 1525 182 1563 nihil
205 1525 311 1564 facile
342 1525 526 1562 contineri
547 1525 672 1576 potuit
693 1524 797 1575 quod
821 1524 877 1563 vel
908 1524 955 1562 ad
983 1525 1182 1575 praesentia
1201 1524 1456 1565 Romanorum
1487 1543 1545 1566 ne-

89 1590 191 1640 gotia
209 1618 219 1637 ,
240 1590 297 1627 vel
321 1589 368 1626 ad
389 1589 594 1627 recentium
626 1589 884 1627 calamitatum
920 1588 1107 1637 remedia,
1131 1590 1190 1627 vel
1215 1590 1263 1628 ad
1295 1604 1401 1630 sacra
1430 1593 1543 1631 latinis

91 1655 207 1705 magis
223 1667 334 1704 quam
350 1653 478 1705 graecis
499 1653 671 1691 moribus
685 1653 970 1691 accommodata
991 1654 1215 1704 pertineret.

144 1720 189 1758 Et
208 1719 358 1769 quoties
381 1719 533 1769 quidem
553 1732 752 1757 commune
774 1718 930 1770 aliquod
956 1719 1042 1756 mali
1063 1733 1180 1770 genus
1204 1719 1421 1770 invasisset,
1446 1723 1542 1774 cujus

89 1785 253 1822 remedia
273 1797 318 1822 ex
337 1784 442 1822 libris
457 1793 729 1835 quxrerentur,
749 1791 898 1835 poterat
913 1784 987 1822 tale
1003 1784 1182 1834 quiddam
1203 1785 1363 1823 fatidicis
1383 1787 1542 1825 versibus

90 1848 287 1899 praevisum
313 1854 428 1899 atque
463 1848 685 1899 praedictum
723 1848 912 1894 inveniri,
947 1856 987 1885 ut
1020 1848 1196 1886 videlieet
1223 1848 1386 1898 bellum,
1417 1851 1541 1896 sames,

91 1914 223 1963 pestis,
243 1922 350 1951 terrae
370 1922 508 1958 motus,
529 1913 648 1951 aliave
666 1913 814 1953 similia.
831 1912 924 1959 Quis
949 1921 1095 1961 autem,
1115 1927 1179 1952 seu
1203 1923 1337 1965 poeta,
1352 1929 1415 1953 seu
1435 1924 1540 1965 vates,

87 1979 285 2030 Tarquinii
300 1988 470 2029 tempore
484 1979 543 2017 vel
559 1987 645 2016 ante
660 1978 752 2016 illud
769 1987 917 2029 tempus
931 1977 1138 2029 Sibyllinos
1155 1979 1322 2017 condens
1339 1980 1462 2027 libros,
1475 1981 1542 2018 sor-

89 2043 186 2080 tuito
206 2043 409 2093 aliquando
431 2043 578 2090 sutura,
595 2043 746 2081 insolita
765 2043 945 2094 pleraque
966 2057 1008 2082 ac
1032 2043 1249 2095 prodigiosa
1263 2073 1272 2091 ,
1297 2045 1539 2096 praevidisset,

87 2109 214 2159 qualia
231 2109 346 2160 vulgo
367 2109 510 2146 aditum
533 2109 578 2147 ad
599 2098 727 2147 libros
744 2108 979 2160 aperiebant,
999 2118 1055 2160 ut,
1080 2109 1188 2149 verbi
1206 2124 1330 2158 causa,
1345 2125 1439 2148 anno
1463 2119 1539 2161 post

89 2173 230 2212 Urbem
252 2174 444 2212 conditam
470 2188 556 2223 cen,
581 2174 757 2212 mulieres
778 2164 994 2225 complures
1017 2175 1126 2212 simul
1149 2174 1324 2213 abortum
1354 2184 1537 2225 passuras:

86 2251 187 2276 anno
211 2251 382 2286 ccxcux,
401 2239 533 2277 caelum
554 2251 727 2276 arsurum
741 2268 750 2285 ,
768 2238 907 2276 bovem
928 2239 1161 2286 locuturam,
1183 2240 1305 2276 c'arnis
1329 2237 1480 2275 imbrem
1497 2235 1538 2272 de

87 2303 179 2339 caelo
196 2315 390 2348 casurum3
410 2316 509 2340 anno
527 2315 636 2348 cccx,
663 2311 808 2352 partem
838 2305 1015 2340 moenium
1046 2302 1131 2352 igne
1156 2301 1344 2352 dejectum
1361 2302 1427 2346 iri;
1448 2311 1538 2338 anno

85 2380 261 2415 cccxcn,
291 2375 426 2404 terram
455 2368 492 2403 in
520 2367 604 2404 soro
634 2367 840 2417 derepente
861 2367 1070 2413 hiaturam3
1099 2367 1155 2405 vel
1183 2375 1240 2404 tot
1272 2366 1381 2404 simul
1413 2363 1537 2414 prodi-

85 2431 143 2479 gia
171 2431 383 2468 nuntiatum
412 2431 458 2468 iri
489 2440 584 2482 quot
614 2431 661 2468 ad
691 2444 832 2468 annum
867 2444 997 2468 nxxxv
1030 2431 1231 2482 diligenter
1256 2444 1277 2468 a
1309 2430 1409 2468 Livio
1432 2428 1538 2465 relata

84 2502 196 2531 sunt:
226 2494 466 2545 «Ingenuum
491 2495 672 2532 infantem
700 2503 918 2532 semestrem
947 2495 984 2532 in
1015 2495 1098 2533 foro
1124 2495 1280 2533 olitorio
1298 2491 1537 2542 Triumphum

84 2577 98 2592 σι
117 2559 313 2606 clamasse;
346 2569 383 2597 et
412 2560 496 2598 soro
528 2559 663 2598 boario
701 2559 838 2598 bovem
869 2561 908 2597 in
945 2560 1093 2598 tertiam
1132 2560 1447 2612 contignationem
1477 2568 1537 2593 sua

84 2641 99 2656 «ι
117 2632 250 2673 sponte
270 2624 501 2670 ascendisse,
533 2633 648 2676 atque
673 2624 762 2662 inde
789 2625 951 2662 tumultu
981 2624 1239 2663 habitatorum
1270 2625 1437 2662 territum
1463 2632 1536 2658 sese

83 2705 98 2720 a
119 2687 296 2738 dejecisse
312 2702 322 2734 ;
339 2696 376 2726 et
392 2690 546 2726 navium
563 2689 725 2740 speciem
745 2689 791 2727 (le
813 2690 902 2727 caelo
925 2689 1130 2737 affulsisse3
1151 2699 1186 2728 et
1207 2689 1321 2728 :edem
1338 2686 1442 2737 Spei,
1460 2696 1535 2735 quae

83 2769 96 2784 «ι
118 2761 174 2790 est
196 2753 234 2790 in
256 2752 341 2790 foro
360 2752 529 2799 olitorio,
556 2752 713 2791 fulmine
738 2753 872 2802 ictam3
893 2761 930 2791 et
959 2753 1118 2792 Lanuvii
1142 2754 1286 2791 hastam
1312 2765 1351 2789 se
1376 2760 1535 2788 commo-

81 2833 96 2848 «
115 2817 238 2868 visse3
266 2825 304 2854 et
327 2830 486 2854 corvum
511 2817 550 2855 in
575 2817 694 2856 aedem
713 2818 877 2856 sunonis
898 2818 1092 2856 devolasse
1116 2827 1230 2869 atque
1259 2818 1296 2854 in
1321 2816 1402 2865 ipso
1421 2810 1534 2864 pulvi-

81 2897 94 2910 ·-
117 2880 199 2917 nari
217 2880 452 2927 consedisse3
476 2890 513 2919 et
535 2881 574 2919 in
592 2894 683 2932 agro
699 2882 936 2920 Amiternino
957 2883 1085 2921 multis
1101 2882 1194 2920 locis
1214 2880 1404 2919 hominum
1421 2874 1533 2928 specie

79 2963 93 2978 α
115 2944 247 2995 procul
270 2944 430 2983 candida
453 2953 556 2984 veste
581 2946 679 2984 visos
702 2960 771 2985 nec
795 2960 881 2985 cum
911 2948 988 2986 ullo
1011 2959 1252 2998 congressos;
1276 2953 1312 2982 et
1340 2944 1376 2981 in
1401 2943 1531 2980 Piceno
