1752 3495
150 192 210 235 40
529 190 610 234 AD
642 190 988 236 SlBYLLINOS
1021 191 1228 235 LIBROS

149 286 248 341 φούς,
265 299 423 338 eamque
441 285 494 324 ibi
519 296 714 325 canentem
735 287 903 325 ostendit
921 301 968 327 ex
988 296 1091 339 petra
1112 287 1274 338 quadam
1292 301 1302 325 ε
1323 287 1441 341 Πέτρα
1457 287 1494 327 δέ
1510 290 1602 329 ἔστιν

147 351 334 403 ἀνίσχουσα
352 348 436 403 ὑπὲρ
451 352 512 396 τῆς
527 352 609 400 γῆς·
627 350 683 388 ἐπὶ
704 348 811 400 ταύτῃ
830 351 957 404 Δελφοὶ
976 349 1103 389 στᾶσάν
1119 365 1222 404 φασιν
1238 345 1318 405 ᾆσαι
1332 350 1407 395 τοὺς
1426 352 1604 403 χρησμοὺς

146 414 255 465 ὄνομα
267 413 470 467 Ἡροφίλην,
489 429 522 453 κ.
538 430 570 452 τ.
584 414 639 462 λ.,
657 424 694 452 et
711 414 824 465 paulo
852 424 937 465 post
958 431 965 453 :
987 412 1117 453 Ὁπότε
1137 413 1171 452 δὲ
1189 415 1343 467 ἀφίκοιτο
1359 414 1405 466 [ἐς
1420 414 1604 467 Δελφοὺς],

147 479 202 517 ἐπὶ
220 477 346 524 ταύτης
373 476 540 528 ἱσταμένη
571 479 633 524 τῆς
656 477 782 530 πέτρας
803 471 879 529 ᾖδε.
906 479 996 516 Eam
1019 491 1134 529 porro
1158 479 1402 516 traditionem
1428 477 1474 516 de
1496 487 1602 529 petra

144 555 189 580 ac
201 542 249 580 de
266 542 410 592 Sibylla
429 542 467 579 in
483 555 524 579 ea
542 550 714 591 canente,
734 541 1109 592 Delphisjnvenerat
1123 542 1350 580 Plutarchus
1370 555 1535 592 quoque,
1555 542 1603 580 de

119 637 126 644 .
144 606 257 656 Pyth.
280 615 303 644 t.
324 606 413 652 Vll,
431 619 470 656 p.
493 606 583 654 566,
603 606 666 644 ed.
687 605 832 644 Reisk.:
853 604 998 652 Ἐπειδὴ
1021 603 1086 657 γὰρ
1106 605 1252 657 ἔστημεν
1273 605 1362 644 κατὰ
1391 605 1453 651 τὴν
1474 605 1602 657 πέτραν

141 670 317 720 γενόμενοι
349 669 411 716 τὴν
445 668 534 708 κατὰ
565 669 603 708 τὸ
644 667 896 721 βουλευτήριον,
925 669 975 721 ἐφ’
1003 663 1042 715 ἧς
1069 669 1207 719 λέγεται
1236 670 1295 708 καὶ
1319 669 1515 714 καθίζεσθαι
1539 669 1602 715 τὴν

140 734 280 786 πρώτην
309 733 498 782 Σίὸυλλαν,
518 750 550 771 κ.
568 751 599 772 τ.
616 735 649 772 λ.
669 734 787 780 Quem
810 733 934 771 locum
963 747 1068 785 paene
1094 734 1429 784 totidem-syllabis
1455 734 1602 771 exscri-

142 806 250 848 ptum
284 798 450 848 reperias
481 798 582 848 apud
611 797 842 835 Clementem
866 798 993 846 Alex„
1016 798 1154 835 Strom.
1188 799 1226 845 1,
1247 812 1283 848 p.
1317 799 1405 845 358,
1437 798 1497 835 ed.
1530 799 1600 837 Ox.

141 863 294 900 Minime
324 876 414 913 ergo
441 862 598 900 dubium
629 871 683 899 est
709 862 800 912 quin
823 862 926 913 apud
959 863 1125 913 Delphos
1156 863 1309 900 traditio
1343 863 1522 900 manserit
1555 863 1601 900 de

139 927 281 978 Sibylla
304 927 464 977 quadam
486 926 537 964 ibi
558 935 788 964 commorata
813 935 926 976 atque
945 926 998 964 ibi
1028 927 1253 977 vaticInata3
1280 927 1380 965 unde
1411 928 1602 979 Delphicae

139 991 289 1042 Sibyllae
309 992 424 1035 sama,
446 993 553 1042 cujus
578 993 698 1029 Varro
717 991 819 1042 apud
849 991 1084 1029 Lactantium
1112 992 1298 1035 meminit,
1326 1001 1363 1028 et
1386 992 1539 1042 quidem
1560 1000 1602 1029 ut

140 1055 307 1093 omnium
339 1055 605 1105 antiquissimae
633 1053 742 1104 juxta
779 1055 964 1092 Persicam
996 1062 1033 1092 et
1066 1054 1267 1104 Libycam,
1301 1063 1455 1092 auctore
1488 1055 1602 1092 etiam

139 1120 245 1170 gravi
274 1120 412 1157 citato:
439 1118 657 1164 «Tertiam,
686 1118 832 1168 inquit,
861 1117 1070 1168 Delphida‚
1103 1118 1150 1156 de
1178 1132 1252 1169 qua
1282 1118 1518 1170 Chrysippus
1547 1119 1602 1155 lo-

137 1183 312 1233 «·quitur
346 1183 383 1219 in
413 1195 458 1219 eo
491 1182 589 1218 libro
624 1195 737 1231 quem
768 1182 816 1219 de
841 1182 1086 1219 Divinatione
1115 1184 1343 1233 composuit.
1363 1200 1377 1215 υ
1408 1184 1604 1221 (Ionsentit

139 1247 310 1285 Bocchus
338 1245 438 1296 apud
458 1245 651 1289 solinum,
675 1259 760 1296 cap.
788 1258 808 1282 2
829 1260 837 1283 :
861 1263 877 1278 «ι
898 1245 1121 1296 Delphicam
1144 1255 1267 1284 autem
1296 1247 1479 1297 Sibyllam
1513 1255 1602 1285 ante

137 1329 154 1345 «
182 1311 347 1361 'l'rojana
387 1310 484 1348 bella
515 1310 756 1348 vaticinatam
800 1311 973 1348 Bocchus
1013 1319 1235 1351 autumat...
1274 1313 1379 1349 Hanc
1418 1313 1603 1363 Eriphyle

138 1394 155 1410 ι
183 1376 293 1427 [lege‚
316 1374 534 1425 Ilerophile]
555 1375 752 1424 Erythraea
776 1375 885 1412 annis
913 1375 1058 1426 aliquot
1084 1375 1405 1414 intercedentibus
1433 1377 1604 1414 insecuta

137 1458 152 1474 ‹-
184 1450 250 1479 est.
272 1458 286 1474 υ
310 1441 390 1479 Non
417 1439 490 1478 hoc
510 1439 557 1477 de
579 1453 647 1477 suo
667 1439 861 1489 Bocchus3
891 1440 974 1486 sed,
1007 1449 1046 1477 ut
1062 1439 1225 1487 videtur,
1250 1440 1506 1491 Chrysippum
1543 1440 1603 1478 vel

140 1506 297 1542 sortasse
325 1506 530 1542 Varronem
561 1512 711 1542 secutus
744 1513 950 1542 auctorem.
979 1504 1083 1542 Idem
1113 1518 1266 1555 quoque
1292 1504 1478 1543 sentiebat
1511 1505 1603 1544 Phi-

139 1570 230 1606 letas
252 1568 438 1619 Ephesius
457 1567 557 1618 apud
574 1567 822 1605 Scholiastam
842 1568 1048 1619 Aristoph„
1071 1568 1117 1606 ad
1137 1571 1249 1614 Aves,
1269 1569 1358 1619 961,
1381 1578 1455 1606 tres
1470 1582 1602 1606 nume-

136 1645 221 1670 rans
238 1631 417 1682 Sibyllas,·
432 1644 637 1681 earumque
656 1632 814 1682 primam
831 1627 1074 1682 Delphicam,
1094 1633 1296 1670 secundam
1329 1634 1563 1683 Erythraeam
1585 1646 1595 1672 :

136 1695 308 1736 Σίὸυλ).αι
322 1700 412 1748 τρεῖς
428 1693 595 1745 ἐγένοντο,
619 1688 665 1732 ὧν
678 1698 700 1741 ἠ
722 1694 784 1745 μέν
804 1695 910 1745 ἐστιν,
924 1696 969 1737 ὡς
991 1694 1047 1732 διὰ
1062 1697 1123 1741 τῆς
1143 1694 1312 1742 ποιήσεώς
1332 1711 1448 1749 φησιν,
1470 1695 1596 1734 Ἀπόλ-

135 1762 240 1802 λωνος
260 1759 402 1813 ἀδελφή·
438 1757 577 1811 δευτέρα
602 1758 637 1796 δὲ
664 1758 851 1812 Ἔρυθραία
867 1789 876 1806 ,
899 1774 933 1796 κ.
951 1774 985 1797 τ.
1010 1760 1045 1797 λ.
1072 1760 1295 1811 Delphicam
1321 1760 1385 1798 ille
1412 1774 1489 1798 non
1524 1774 1594 1798 no·

135 1825 270 1870 minat,
301 1823 364 1861 sed
388 1824 575 1874 Apollinis
591 1837 782 1874 sororem3
803 1837 879 1874 quo
898 1837 989 1861 vero
1009 1825 1257 1875 spectaverit,
1283 1825 1443 1875 intelligi
1467 1834 1594 1875 potest

134 1903 181 1927 ex
210 1890 267 1926 his
294 1888 419 1926 Suidae
440 1887 565 1926 verbis
585 1902 594 1925 t
613 1887 768 1926 Σίὸυλλα
793 1885 940 1939 Δελφὶς,
961 1888 1013 1935 ἣν·
1032 1888 1090 1926 καὶ
1110 1887 1270 1944 Ἄρτεμιν
1296 1888 1590 1941 προσηγόρευσαν.

136 1951 258 2001 Γέγονε
281 1951 316 1989 δὲ
336 1950 420 1998 αὐτὴ
438 1952 505 2004 πρὸ
521 1954 590 1990 τῶν
613 1953 798 2004 Τρωϊκῶν,
825 1953 883 1990 καὶ
907 1951 1034 2005 ἔγραψε
1053 1952 1231 2004 χρησμοὺς
1254 1954 1296 1991 δι’
1317 1955 1419 1991 ἐπῶν.
1440 1955 1592 1993 Cetero-

134 2031 216 2055 rum
245 2026 441 2055 auctorum
465 2026 577 2067 atque
596 2017 714 2068 ipsius
733 2017 859 2055 Suidae
877 2017 981 2055 locos
1000 2018 1222 2063 omittimus,
1249 2018 1285 2054 in
1305 2017 1443 2069 quibus
1460 2027 1592 2068 aperte

133 2081 313 2119 Varronis
350 2094 416 2119 seu
448 2081 630 2119 Lactantii
661 2081 773 2119 verba
799 2082 882 2129 illa,
908 2096 992 2132 quae
1019 2096 1134 2133 supra
1155 2082 1351 2129 dedimus,
1391 2084 1447 2120 vel
1478 2083 1592 2121 latine

136 2145 360 2195 transcripta
387 2153 473 2182 sunt
505 2145 562 2181 vel
589 2158 708 2195 graece
733 2158 856 2184 versa.
894 2145 949 2183 Ex
980 2145 1037 2183 his
1065 2146 1164 2183 enim
1191 2159 1274 2196 quae
1295 2146 1472 2192 diximus,
1503 2148 1591 2184 satis

136 2217 237 2257 patet
267 2209 404 2246 multos
443 2208 557 2246 fuisse
592 2209 657 2258 qui
689 2209 912 2259 Delphicam
941 2209 1142 2259 quamdam
1171 2208 1353 2259 Sibyllam
1392 2209 1590 2260 Erythraea

134 2272 384 2322 antiquiorem
404 2279 442 2309 et
461 2272 678 2309 Graecarum
697 2272 830 2309 ordine
854 2273 1014 2324 primam
1035 2281 1290 2323 agnoscerent.

186 2335 325 2372 Verum
357 2349 403 2372 ex
433 2335 478 2373 iis
501 2349 611 2373 nemo
645 2344 701 2374 est
732 2337 847 2387 paulo
876 2337 1028 2387 gravior
1051 2337 1116 2388 qui
1147 2337 1373 2388 Delphicam
1400 2337 1509 2374 istam
1535 2338 1589 2375 Si·

134 2398 293 2449 byllam,
328 2399 485 2450 Delphis
512 2399 675 2450 claram,
702 2401 739 2438 in
767 2414 810 2438 ea
839 2401 918 2452 ipsa
942 2400 1035 2439 urbe
1067 2410 1194 2439 natam
1228 2401 1483 2438 affirmaverit.
1515 2401 1588 2439 vix

133 2463 233 2500 enim
258 2463 511 2501 numerandus
542 2464 709 2502 Isidorus
739 2465 990 2515 Hispalensis,
1025 2466 1108 2503 loco
1140 2466 1188 2504 de
1214 2465 1367 2515 Sibyllis
1394 2466 1470 2514 jam
1500 2466 1587 2512 cit.,

135 2525 200 2564 ubi
223 2525 474 2563 Lactantianis
494 2525 620 2564 verbis
645 2540 666 2564 a
691 2540 730 2564 se
756 2527 991 2578 transcriptis
1011 2536 1151 2566 temere
1183 2529 1256 2566 hoc
1288 2528 1335 2566 de
1355 2542 1425 2566 suo
1445 2528 1550 2566 addit
1575 2541 1586 2568 ε

135 2607 150 2623 ι
179 2590 328 2636 Tertia,
348 2590 488 2640 inquit,
505 2590 688 2641 Delphica
708 2590 744 2628 in
767 2591 909 2642 templo
924 2592 1107 2642 Apollinis
1130 2593 1270 2643 genita.
1284 2610 1300 2627 υ
1326 2594 1419 2632 Item
1445 2606 1587 2643 graecus

133 2655 295 2704 quisque
323 2653 505 2691 Lactauiii
524 2655 709 2705 expilator
729 2667 739 2693 ε
765 2654 1040 2710 ΤρίτηιΔελφὶς,
1063 2659 1083 2702 ἡ
1104 2657 1137 2694 ἐν
1157 2657 1300 2708 Δελφοῖς
1319 2659 1479 2708 τεχΟεῖσα
1492 2685 1503 2706 ‚
1520 2657 1585 2694 sed

133 2719 206 2755 hoc
227 2717 369 2768 injussu
389 2717 572 2755 Lactantii
591 2726 628 2756 et
644 2719 726 2756 sine
741 2728 845 2757 certo
861 2728 1030 2760 auctore.

185 2781 286 2828 Quid
306 2795 394 2832 ergo
423 2783 560 2820 ceteri?
588 2783 722 2834 Magna
743 2783 842 2820 inter
860 2796 924 2821 eos
948 2784 1203 2822 controversia
1228 2783 1276 2821 de
1294 2783 1446 2833 Sibyllae
1473 2783 1585 2834 hujus

133 2845 291 2897 origine.
321 2848 374 2884 Ac
402 2846 638 2898 Delphorum
672 2846 823 2899 quidem
867 2847 1038 2899 plerique
1065 2862 1110 2886 ex
1140 2848 1318 2887 Ilelicone
1346 2862 1426 2887 eam
1465 2847 1584 2886 ‹ledu-
