1752 3495
185 202 244 245 52
269 205 272 209 '
565 197 645 242 AD
679 197 996 243 SIBYLLNOS
1027 197 1233 243 LIBROS

185 295 287 349 Κύμῃ
303 297 335 335 οἱ
353 293 533 347 ἐπιχώριοι
552 294 593 333 τὸ
613 293 786 341 >laem-q<
807 294 997 334 δεικνύουσι
1012 295 1181 342 σπήλαιον
1193 324 1204 342 ,
1224 293 1302 332 ἔνθα
1318 292 1359 340 δὴ
1377 294 1481 341 αὐτῆς
1495 293 1535 332 τὸ
1554 309 1643 344 μαν-

180 360 492 413 τεῖονγιγενῆσθαί
511 376 607 414 φασι.
628 362 742 400 Plura
761 360 874 399 etiam
894 361 942 400 de
957 376 1001 400 ea
1020 375 1060 400 re
1080 360 1279 411 Agatliias,
1305 359 1373 398 lib.
1395 361 1424 407 l,
1446 364 1465 407 S
1487 373 1531 397 ιο
1548 375 1557 398 2
1580 360 1642 399 Ἐν

177 428 228 478 τῷ
251 426 335 478 πρὸς
362 425 458 472 ἥλιον
484 425 669 476 ἀνίσχοντα
696 427 755 463 τοῦ
774 423 881 477 λόφου
899 424 1129 477 τετραμμένῳ
1149 425 1280 474 ἀγκῶνι
1301 423 1423 476 ἄντρον
1449 424 1484 462 τι
1501 423 1643 463 ὕπεστιν

180 489 378 543 ἅμφηρεφές
395 504 433 527 τε
453 488 512 527 καὶ
527 488 816 542 γλαφυρώτατον,
833 489 879 533 ὡς
894 489 1003 527 ἀὸυτά
1021 503 1058 526 τι
1075 487 1164 539 ἔχειν
1182 487 1361 539 αὐτόματα
1375 487 1432 525 καὶ
1449 486 1546 531 κύτος
1567 485 1643 539 εὐρὺ

177 554 236 592 καὶ
252 553 480 606 βαραθρῶδες.
503 552 674 592 Ἐνταῦθα
691 551 730 599 δὴ
750 552 860 590 πάλαι
875 553 958 606 φασὶ
974 552 1038 599 τὴν
1053 552 1229 591 Σίὸυλλαν
1244 551 1306 598 τὴν
1319 550 1412 590 πάνυ
1428 552 1490 598 τὴν
1505 551 1644 597 Ἰταλὴν

178 618 446 668 ἐνδιαιτωμένην
461 616 692 670 φοιὸὀληπτόν
708 631 745 654 τε
763 609 850 653 εἶναι
866 617 924 655 καὶ
945 617 1058 656 ἔνθουν
1072 646 1082 664 ,
1102 615 1161 654 καὶ
1180 615 1422 668 προαγορεύειν
1441 616 1484 653 τὰ
1499 615 1643 663 ἐσόμενα

177 686 247 724 τοῖς
266 680 545 732 πυνθανομένοις.
567 680 715 730 Λέγεται
735 679 771 718 δέ
790 694 874 718 ποτε
894 680 953 718 καὶ
976 680 1114 718 Αἰνείαν
1140 677 1196 717 τὸν
1217 678 1377 730 Ἀγχίσου
1398 679 1500 717 αὐτοῦ
1520 681 1644 731 ἀφικό-

179 760 279 794 μενον
295 775 306 795 ,
326 745 463 782 ἅπαντά
479 746 511 783 οἳ
532 744 594 790 τὴν
624 743 800 782 §.t-[Cumana
820 743 925 795 φάναι
948 743 992 781 τὰ
1017 743 1156 795 ὕστερον
1185 742 1444 794 συνενεχῡέντα.
1473 744 1642 788 Quarum

178 809 392 847 fabularum
414 809 632 860 plerasque,
648 808 796 845 favente
813 808 985 845 locorum
1003 808 1103 852 situ,
1119 807 1220 857 apud
1238 807 1433 858 indigenas
1455 807 1646 856 hodieque

176 887 336 920 manere,
357 882 394 909 et
414 872 634 917 viatoribus,
654 870 873 908 volentibus
892 883 1026 918 necne,
1042 870 1243 921 ogganniri
1258 870 1397 917 sciunt,
1411 870 1645 921 quicumque

175 938 311 976 Cumas
330 936 532 974 hodiernus
550 935 738 973 adierunt.
757 936 985 986 Quanquam
1007 944 1115 972 vetus
1132 934 1286 984 Sibyllae
1302 943 1453 972 antrum
1472 934 1641 972 dirutum

176 1004 289 1041 fuisse
317 1011 431 1052 atque
449 1001 640 1039 defossum
665 1010 775 1038 terrae
798 1009 930 1048 motu,
956 1014 1056 1037 anno
1086 1000 1206 1049 1539,
1232 1009 1269 1037 et
1286 1000 1388 1048 quod
1411 1013 1512 1036 nunc
1532 1013 1642 1036 mon·

172 1067 282 1105 strari
301 1067 417 1111 solet,
449 1066 610 1103 alterum
636 1079 716 1102 esse
741 1065 958 1114 diversum,
987 1065 1077 1102 licet
1105 1064 1312 1114 antiquiori
1338 1064 1484 1111 simile,
1515 1072 1642 1100 monet

173 1130 395 1180 Onuphrius
432 1130 480 1168 de
514 1130 667 1180 Sibyllis
707 1129 778 1167 sub
810 1130 920 1166 linem
937 1161 946 1175 ‚
985 1129 1143 1167 sortasse
1175 1129 1222 1166 de
1261 1129 1330 1166 bac
1365 1143 1403 1166 re
1441 1143 1515 1166 non
1554 1130 1643 1166 satis·

173 1203 299 1232 certus
314 1203 476 1231 auctor:
507 1196 576 1231 no's
593 1194 746 1244 quidem
765 1194 826 1231 vix
843 1193 1046 1231 credimus.
1079 1194 1220 1233 Confer
1233 1222 1245 1240 ,
1284 1194 1314 1230 si
1340 1203 1469 1240 vacat,
1509 1193 1642 1243 lleynii

172 1261 380 1295 Excursum
396 1257 444 1294 de
461 1258 632 1307 Topogr.
655 1257 764 1296 Cum.
787 1257 833 1293 ad
854 1257 939 1294 AEn.
962 1257 1028 1295 lib.
1046 1258 1105 1295 Vl.

222 1321 296 1361 Sed
317 1321 562 1372 quantumvis
590 1322 627 1357 in
654 1320 808 1370 Sibyllae
839 1334 916 1358 suae
942 1320 1121 1358 laudibus
1152 1322 1429 1359 exsultaverint
1460 1322 1639 1367 Cumani,

171 1388 386 1438 sepulcrum
415 1386 568 1437 quidem
605 1385 686 1436 ejus
719 1385 876 1424 advenis
908 1385 1179 1431 ostenderunt,
1210 1400 1286 1423 non
1313 1400 1403 1424 vero
1434 1400 1561 1424 cunas.
1599 1388 1643 1425 Et

173 1460 296 1489 tamen
326 1449 480 1488 videtur
505 1450 755 1501 Hyper-ochus
781 1449 972 1488 Cumanus
997 1450 1099 1500 apud
1133 1452 1308 1496 Pausan„
1338 1451 1411 1488 loc.
1447 1453 1525 1497 cit„
1550 1451 1644 1488 urbe

172 1527 238 1552 sua
258 1514 460 1552 oriundam
482 1514 583 1552 illam
614 1514 756 1560 facere,
778 1515 816 1551 ἐκ
845 1513 967 1564 Κύμης
985 1517 1046 1560 τῆς
1067 1515 1101 1551 ἐν
1129 1513 1289 1558 Ὀπικοῖς
1308 1509 1406 1554 εἶναι.
1434 1515 1508 1552 Sed
1530 1515 1643 1552 docet

173 1579 412 1627 Aristoteles,
435 1580 507 1617 loc.
531 1580 610 1625 cit.,
631 1592 650 1616 a
670 1577 903 1630 quibusdam·
921 1587 1068 1617 tantum
1087 1579 1204 1618 ltaliae
1223 1579 1358 1617 incolis
1377 1580 1414 1617 id
1440 1579 1643 1625 creditum,

171 1642 238 1682 ὑπό
271 1658 372 1681 τινων
402 1642 464 1690 τὴν
494 1642 646 1681 Ἰταλίαν
680 1642 957 1691 κατοικούντων,
995 1643 1098 1694 quod
1125 1643 1206 1694 ipse
1224 1654 1357 1695 aperte
1385 1653 1519 1694 negat,
1553 1645 1642 1682 dum

171 1708 293 1757 patria
332 1708 567 1758 Erythraeam
611 1707 726 1746 fuisse
762 1707 922 1746 fidenter
963 1708 1122 1755 asserit,
1170 1702 1273 1746 οὖσαν
1314 1706 1376 1758 μὲν
1422 1707 1643 1761 Ἐρυθραίαν.

168 1772 321 1811 Scilicet
342 1772 576 1823 antiquiores
593 1772 731 1819 Graeci,
756 1785 873 1823 quum
902 1770 1082 1821 Sibyllam
1117 1785 1229 1808 unam
1252 1779 1523 1822 agnoscerent,
1543 1785 1644 1809 earn-
1690 1797 1693 1801 »

168 1851 256 1888 que,
283 1847 327 1875 ut
345 1837 527 1885 diximus,
547 1837 804 1887 Erythraeam,
828 1837 1041 1876 maluerunt
1060 1837 1181 1889 ipsam
1211 1849 1280 1887 per
1306 1837 1427 1873 varias
1456 1845 1642 1874 terrarum

170 1917 257 1940 oras
281 1901 568 1940 circumducere
599 1915 711 1952 quam
741 1901 932 1952 duplicem
963 1901 1297 1952 autmultiplicem
1319 1902 1454 1939 facere.
1485 1901 1645 1939 Videtur

170 1966 208 2004 in
231 1980 274 2004 ea
301 1966 487 2004 sententia
516 1966 630 2004 fuisse
652 1966 699 2006 T.
720 1965 874 2013 Livius,
905 1965 1010 2016 cujus
1032 1967 1080 2003 de
1101 1965 1246 2015 Sibylla
1276 1966 1428 2003 unicum
1451 1973 1507 2002 est
1534 1965 1642 2002 testi-

169 2031 360 2077 monium,
382 2030 447 2068 lib.
478 2032 516 2076 1,
539 2031 561 2080 §
583 2045 603 2078 7
630 2044 638 2068 t
660 2049 674 2064 α
692 2034 785 2068 Ante
801 2030 955 2081 Sibyllae
973 2031 1010 2067 in
1032 2031 1178 2069 ltaliam
1202 2029 1422 2068 adventum.
1447 2047 1460 2061 υ
1482 2030 1586 2075 Quin
1608 2038 1644 2067 et

168 2096 328 2135 Senatus
343 2097 425 2147 ipse
441 2096 635 2134 Romanus
649 2125 659 2141 ,
677 2096 864 2147 siquidem
875 2125 886 2142 ‚
910 2096 966 2133 uti
982 2096 1078 2133 iufra
1093 2095 1331 2144 docebimus,
1346 2096 1502 2134 amissos
1515 2095 1645 2133 Romae

169 2160 376 2211 Sibyllinos
400 2159 517 2198 libros
533 2160 707 2210 conquiri
730 2160 843 2211 jussit
874 2174 953 2197 non
979 2160 1109 2199 Cumis
1139 2169 1283 2198 tantum
1315 2169 1380 2198 aut
1405 2174 1472 2211 per
1496 2160 1644 2197 Italicas

170 2225 400 2276 provincias,
419 2225 484 2263 sed
507 2225 678 2276 Erythris
695 2237 850 2275 quoque
868 2234 904 2262 et
919 2225 957 2262 in
981 2225 1064 2262 aliis
1090 2225 1186 2265 Asiae
1205 2226 1310 2263 locis.
1335 2226 1422 2271 (tur,
1444 2224 1515 2263 nisi
1538 2225 1642 2275 quod

171 2291 377 2329 Cumanam
398 2288 582 2339 Sibyllam
602 2301 648 2326 ex
668 2289 748 2326 istis
770 2289 954 2326 tractibus
976 2287 1120 2326 venisse
1143 2290 1239 2327 fama
1260 2290 1370 2326 erat?
1404 2289 1510 2327 Adde
1532 2289 1646 2326 sabel-

164 2354 244 2391 *lam
265 2353 311 2390 de
341 2362 461 2391 morte
477 2352 628 2403 Sibyllae
652 2353 752 2390 infra
773 2352 1058 2403 proferendam.
1081 2353 1145 2391 llis
1171 2352 1350 2390 omnibus
1373 2367 1570 2391 movemur
1601 2362 1642 2391 ut

170 2417 391 2468 credamus,
415 2426 500 2455 ante
515 2417 714 2468 Virgilium
736 2417 865 2455 saltem
889 2417 1101 2468 traditaque
1124 2416 1172 2455 ab
1199 2431 1244 2455 eo
1277 2418 1478 2465 miracula,
1509 2419 1642 2470 vulga-

171 2482 350 2520 tissimam
370 2495 413 2520 ac
435 2471 539 2532 paene
559 2482 678 2519 solam
704 2482 818 2519 fuisse
839 2495 915 2520 non
943 2483 978 2520 in
1002 2483 1148 2520 Graecia
1170 2491 1313 2520 tantum
1328 2511 1338 2530 ,
1367 2483 1431 2521 sed
1462 2487 1572 2521 etiam
1603 2484 1640 2521 in

172 2546 294 2591 ltalia,
317 2558 414 2595 eam,
448 2559 564 2596 quam
586 2546 799 2584 Aristotelis
821 2546 986 2584 diximus
1006 2560 1086 2585 esse
1102 2548 1327 2585 sententiam
1344 2575 1354 2593 ,
1374 2561 1450 2598 qua
1474 2549 1640 2587 Cumana

170 2609 315 2660 Sibylla
356 2609 528 2659 Erythris
557 2609 833 2649 accersebatur.
871 2612 973 2649 lianc
1000 2620 1151 2650 secutus
1178 2620 1234 2649 est
1272 2613 1390 2648 multo
1417 2612 1527 2649 etiam
1556 2623 1643 2664 post

171 2677 370 2728 Virgilium
409 2677 617 2714 Martianus
650 2678 823 2728 Capella,
855 2678 902 2716 de
933 2679 1049 2730 Nupt.
1091 2678 1232 2718 Philol.
1264 2678 1333 2717 lib.
1374 2679 1430 2726 ll,
1463 2679 1534 2719 loc.
1560 2680 1638 2730 jam

171 2742 237 2779 cit.
263 2753 272 2779 ε
294 2757 308 2774 α
325 2739 488 2790 Sibylla,
520 2741 661 2791 inquit,
684 2742 880 2791 Erythraea
908 2755 1068 2793 quaeque
1088 2744 1257 2782 Cumana
1276 2751 1343 2789 est,
1361 2761 1375 2775 ι»
1394 2751 1431 2781 et
1448 2745 1561 2794 paulo
1581 2744 1640 2781 in-

173 2806 228 2843 sra
247 2819 256 2844 :
275 2823 292 2838 ι
311 2805 591 2855 Symmachiam
613 2819 694 2844 eam
724 2801 820 2856 quae,
846 2808 1036 2857 Erythram
1055 2808 1275 2859 progenita,
1307 2809 1417 2846 etiam
1436 2809 1564 2846 Cumis
1583 2819 1638 2846 est

171 2889 186 2905 ι
216 2870 455 2908 vaticinata.»
487 2870 655 2908 tiriliano
681 2871 866 2922 interpres
895 2873 974 2923 ipse
992 2873 1137 2922 Virgilii
1163 2873 1318 2910 Servius
1345 2872 1381 2910 in
1410 2882 1640 2911 commenta-
