1752 3495
198 230 285 275 150
349 197 351 199 ¹
571 226 650 269 Ao
685 225 1024 272 sinYLLmos
1059 227 1264 271 numos

189 325 266 368 τοὺς
279 323 456 377 περιόντας
470 324 539 360 τῶν
553 324 723 374 χρησμῶν
741 322 873 362 laeso.
895 322 938 363 Ἡ
956 323 1017 375 μὲν
1034 317 1090 362 οὖν
1109 322 1193 374 γυνὴ
1212 322 1272 365 τὰς
1292 320 1429 371 βίῦλους
1453 323 1570 374 δοῦσα,
1585 330 1642 368 χαὶ

189 388 348 442 φράσασα
359 394 474 440 τηρεῖν
487 388 674 438 ἐπιμελῶς,
692 387 725 432 ἐξ
740 388 926 440 ἀνθρώπων
943 387 1123 441 ἠφανίσθη.
1142 389 1228 426 llaec
1244 384 1465 437 Dionysius,
1481 390 1545 438 qui
1561 403 1642 441 post

186 454 258 491 ulia
276 453 446 503 quaedam
467 454 554 490 item
574 453 621 490 ad
642 453 846 503 Sibyllinos
874 452 989 490 libros
1008 451 1254 504 pertinentia,
1274 459 1469 489 auctorem
1490 453 1574 503 'ipse
1592 458 1645 495 ci-

190 526 240 556 tat
262 518 469 557 Varronem
489 532 496 555 :
517 517 620 569 Λέγω
644 517 679 556 δὲ
705 518 726 554 ἂ
749 517 926 570 Τερέντιος
946 516 1109 568 Οὐάῤῥων
1131 514 1310 565 ἱστόρηκεν
1331 516 1366 553 ἐν
1396 518 1439 568 τῇ
1469 518 1643 573 θεολογικῇ

187 581 427 635 πραγματείᾳ,
448 582 566 620 libros
584 582 684 620 haud
705 582 820 619 dubie
839 582 891 619 sic
913 593 1048 617 vocans
1067 578 1387 616 >celebratissimos
1412 580 1497 618 illos
1512 584 1639 622 lterum

186 648 413 692 Divinarum,
436 660 532 697 quos
552 646 600 684 de
620 646 747 684 eadem
769 660 808 682 re
830 652 936 681 testes
958 642 1094 680 adduci
1115 655 1208 683 mox,
1223 642 1434 680 videbimus
1451 658 1474 681 a
1490 644 1643 684 Lactan-

187 710 238 748 tio
257 719 295 748 et
313 711 459 749 Servio.

238 776 424 814 pauciora
446 775 683 819 Lactantius,
709 773 771 811 sed
806 772 901 810 idem
935 772 1012 808 sere
1045 771 1238 818 sonantia,
1271 772 1404 820 refert,
1435 772 1521 811 niv.
1552 773 1640 816 lnst.

185 839 250 878 lib.
282 841 319 890 l,
349 854 436 892 cap.
464 841 510 886 6,
542 839 606 877 ubi
633 841 669 876 in
695 838 760 876 illo
783 837 1011 887 Sibyllarum
1040 836 1215 887 catalogo
1242 849 1341 887 saepe
1368 850 1390 874 a
1416 836 1527 874 nobis
1553 839 1640 877 alias

184 904 358 949 laudato,
383 905 578 955 septimam
608 916 630 942 a
651 904 818 941 Varrone
844 901 933 952 poni
959 900 1035 939 ait:
1057 917 1072 932 κ
1093 900 1300 938 Cumanam
1329 901 1483 940 nomine
1512 905 1640 942 Amal-

183 986 198 1002 ι
223 969 346 1006 theam
360 996 370 1014 ,
388 982 473 1019 quae
492 967 538 1005 ab
563 967 644 1005 aliis
668 965 889 1016 Demophile
913 964 968 1001 vel
990 965 1195 1015 llerophile
1214 966 1431 1004 nominetur
1452 979 1461 1005 t
1483 980 1638 1019 eamque

183 1050 198 1066 ιι
221 1046 357 1071 novem
379 1033 494 1070 libros
517 1032 681 1069 attulisse
702 1030 747 1067 ad
769 1043 889 1080 regem
909 1029 1158 1079 Tarquinium
1181 1031 1352 1069 Priscum
1372 1029 1457 1085 [sic]
1472 1061 1483 1081 ‚
1504 1046 1547 1070 ac
1574 1047 1641 1085 pro

184 1115 200 1130 n
223 1098 279 1136 his
306 1107 493 1135 trecentos
517 1097 730 1148 philippeos
757 1095 985 1146 postulasse3
1017 1107 1221 1146 regemque
1254 1105 1499 1147 aspernatum
1532 1101 1640 1150 pretii

185 1181 200 1195 a
223 1162 513 1213 magnitudinem
526 1189 536 1207 ,
557 1160 729 1198 derisisse
752 1159 917 1196 mulieris
936 1159 1121 1196 insaniam
1139 1174 1148 1197 ε
1167 1160 1268 1197 illam
1294 1161 1331 1198 in
1351 1171 1559 1212 conspectu
1578 1178 1637 1203 re-

185 1246 200 1259 ·
221 1229 277 1279 gis
299 1237 372 1265 tres
387 1227 652 1272 combussisse,
670 1240 712 1263 ae
728 1238 797 1276 pro
817 1225 970 1274 reliquis
990 1224 1088 1262 idem
1114 1226 1277 1277 pretium
1299 1229 1530 1277 poposcisse.
1552 1229 1640 1267 Tar·

186 1311 201 1325 κ
223 1292 391 1343 quinium
414 1291 528 1329 multo
549 1291 662 1341 magis
688 1289 848 1327 insanire
870 1288 1063 1327 mulierem
1085 1290 1289 1341 putavisse.
1317 1294 1410 1338 Quae
1429 1292 1555 1331 denuo
1580 1296 1638 1333 tri-

183 1373 199 1390 «
222 1356 292 1394 bus
310 1357 388 1394 aliis
413 1356 567 1403 exustis,
588 1368 706 1406 quum
730 1354 766 1391 in
787 1353 916 1391 eodem
944 1354 1067 1405 pretio
1092 1365 1371 1406 perseveraret.
1393 1367 1536 1395 motum
1563 1372 1639 1398 esse

184 1439 199 1454 n
222 1434 344 1471 regem
366 1434 408 1457 ac
428 1420 593 1457 residuos
610 1419 785 1456 trecentis
800 1419 923 1456 aureis
942 1419 1089 1457 emisse.
1109 1437 1123 1452 ν

233 1485 382 1523 Servius
404 1484 437 1521 iu
460 1483 644 1535 plerisque
664 1483 857 1529 consentit,
880 1482 925 1519 ad
942 1484 1026 1522 En.
1049 1483 1110 1530 Vl,
1130 1497 1168 1523 v.
1192 1497 1254 1532 72,
1275 1498 1343 1523 uec
1363 1484 1480 1523 dubie
1501 1486 1636 1525 Varro-

181 1562 265 1586 nem
285 1549 366 1599 ipse
384 1548 492 1586 etiam
514 1548 644 1585 ducem
661 1560 837 1597 sequens3
857 1560 941 1584 nam
963 1541 1080 1598 quum
1095 1548 1176 1599 ejus
1189 1557 1357 1588 auctoris
1376 1549 1423 1587 de
1445 1550 1636 1601 Erythraea

182 1612 323 1663 Sibylla
339 1613 559 1650 sententiam
579 1613 738 1658 citasset,
758 1611 809 1648 ita
830 1611 976 1663 pergit:
994 1629 1009 1644 «ι
1028 1613 1197 1661 Constat,
1214 1622 1398 1665 regnante
1413 1615 1638 1666 Tarquinio,

178 1697 192 1710 ιι
219 1677 417 1729 quamdam
439 1677 631 1714 mulierem
651 1676 801 1714 nomine
820 1676 1073 1723 Amaltheam,
1093 1677 1278 1716 obtulisse
1298 1679 1331 1716 ei
1350 1693 1488 1717 novem
1506 1680 1633 1724 libros,

182 1759 196 1773 a
219 1743 254 1779 in
275 1740 409 1791 quibus
429 1750 535 1779 erant
557 1741 630 1778 sata
650 1750 685 1778 et
705 1740 869 1778 remedia
892 1742 1082 1790 Romana,
1103 1751 1140 1780 et
1164 1756 1235 1794 pro
1261 1743 1319 1781 his
1339 1744 1559 1796 poposcisse
1585 1754 1636 1782 ter

179 1824 194 1838 a·
219 1814 368 1843 centum
389 1805 622 1857 philippeos,
641 1805 705 1857 qui
722 1805 826 1843 aurei
849 1814 926 1843 tum
950 1807 1113 1865 pretiosi
1139 1817 1258 1845 erant.
1289 1809 1383 1855 Quae
1406 1817 1634 1860 contempta,

180 1888 195 1903 tt
214 1870 285 1906 alia
300 1870 374 1917 die,
392 1868 512 1907 tribus
528 1870 690 1907 incensis
705 1882 855 1908 reversa
867 1880 934 1917 est,
948 1880 986 1909 et
1007 1873 1240 1910 tantumdem
1259 1874 1444 1924 poposcit,
1459 1888 1502 1911 ac
1513 1873 1636 1911 denuo

180 1952 195 1967 α
215 1942 427 1984 contempta
449 1942 515 1971 est.
535 1934 626 1972 Item
646 1934 770 1980 tertio,
787 1934 869 1972 aliis
892 1935 1013 1974 tribus
1036 1936 1223 1985 incensis,
1243 1951 1326 1975 cuin
1347 1937 1466 1976 tribus
1495 1947 1632 1976 tantum

179 2017 194 2031 ι
217 2010 360 2035 reversa
388 2006 460 2045 est,
478 2006 514 2035 et
534 1998 678 2050 accepit
701 2008 883 2049 quantum
905 2001 1163 2051 postulaverat
1184 2015 1256 2053 pro
1284 2016 1417 2041 novem
1431 2032 1441 2050 ,
1468 2003 1539 2041 hac
1557 2004 1634 2055 ipsa

181 2080 196 2094 κ
216 2075 256 2099 re
273 2071 457 2099 commoto
478 2076 577 2113 rege,
604 2063 707 2114 quod
734 2065 893 2114 pretium
924 2079 1000 2103 non
1030 2066 1216 2107 mutabat.
1237 2069 1335 2106 'l‘um
1357 2068 1555 2106 mulierem
1574 2081 1634 2106 su-

183 2143 196 2157 ·-
218 2125 298 2162 bito
317 2139 389 2162 non
410 2127 640 2177 apparuisse.
657 2144 671 2160 u
1089 2169 1094 2174 ,

233 2189 324 2227 'l'ria
344 2203 432 2241 ergo
450 2191 527 2228 haec
555 2192 763 2230 testimonia
793 2194 987 2244 Dionysii,
1009 2196 1218 2243 Lactantii,
1243 2197 1387 2247 Servii,
1410 2212 1526 2235 unum
1554 2207 1634 2235 sunt

182 2252 381 2300 Varronis,
399 2267 418 2290 a
438 2268 514 2305 quo
528 2256 664 2307 siquid
684 2256 868 2296 disserunt
888 2268 952 2296 aut
974 2260 1003 2297 si
1024 2260 1116 2310 quid
1138 2261 1236 2299 inter
1252 2275 1306 2308 se,
1330 2262 1368 2299 id
1388 2262 1424 2299 in
1451 2262 1578 2313 paucis
1593 2275 1632 2299 ac

184 2317 329 2355 levibus
344 2318 511 2357 accidere
530 2333 616 2357 mox
636 2320 926 2360 demonstraturi
945 2337 1090 2362 sumus.

235 2382 307 2419 Sed
326 2383 500 2420 Varronis
519 2384 633 2435 ipsius
656 2395 825 2425 auctores
850 2388 1005 2438 quinam
1026 2389 1186 2436 suerint,
1217 2390 1412 2442 inquirere
1437 2392 1467 2429 si
1490 2391 1632 2443 placet,

185 2443 335 2481 videtur
354 2445 453 2496 ipsos
469 2447 576 2485 nobis
596 2449 772 2497 indicare,
789 2451 878 2489 dum
898 2452 944 2490 ad
959 2454 1136 2504 antiquos
1156 2455 1317 2493 Annales
1333 2464 1530 2506 provocat,
1545 2456 1631 2493 asse-

185 2516 307 2544 ctator
329 2509 551 2547 eruditionis
571 2512 751 2551 archn'icae
771 2516 924 2560 Gellius,
943 2516 1007 2555 lib.
1029 2518 1058 2564 1,
1080 2531 1163 2569 cap.
1187 2532 1233 2568 19
1251 2533 1259 2555 τ

235 2590 250 2605 ι
271 2573 311 2610 ln
329 2574 506 2624 antiquis,
525 2575 658 2626 inquit.
673 2580 880 2617 Annalibus
897 2583 1078 2620 memoria
1093 2596 1210 2634 super
1225 2584 1331 2622 libris
1346 2584 1539 2634 Sibyllinis
1559 2584 1631 2622 haec

182 2652 196 2668 ιι
224 2635 372 2686 prodita
389 2645 457 2677 est.
474 2639 575 2676 Anus
590 2640 733 2691 hospita
753 2652 864 2695 atquc
881 2645 1073 2696 incognita
1094 2647 1140 2685 ad
1154 2649 1405 2699 Tarquinium
1421 2648 1630 2700 Superhum

186 2716 200 2732 ι
222 2713 344 2749 regem
365 2701 467 2746 adiit,
488 2716 618 2740 novem
643 2704 758 2743 libros
783 2709 913 2756 serens,
932 2724 1028 2761 quos
1045 2724 1125 2749 esse
1148 2712 1300 2751 dicebat
1322 2713 1453 2752 divina
1470 2714 1632 2755 oracula;

182 2781 197 2795 κ
219 2777 284 2799 eos
303 2765 397 2801 velle
421 2767 657 2805 venumdare.
684 2769 906 2820 quninius
927 2775 1090 2825 pretium
1114 2784 1384 2826 percunctatus
1409 2785 1486 2814 est:
1507 2776 1632 2813 mulier

182 2844 195 2857 a
218 2827 373 2865 nimium
391 2829 609 2867 immensum
626 2835 806 2883 poposcit.
827 2836 920 2882 Rex,
937 2839 1041 2889 quasi
1060 2853 1155 2877 anus
1175 2848 1285 2877 :etate
1307 2841 1514 2893 desiperet,
1535 2838 1630 2877 deri-

187 2891 279 2930 ·sit.
307 2893 403 2932 'l’um
432 2894 491 2930 illa
521 2895 683 2932 l'oenlum
714 2912 834 2936 eoram
863 2915 944 2939 vum
972 2903 1046 2953 igni
1077 2906 1274 2954 apposuit,
1295 2915 1331 2942 et
1355 2915 1428 2943 tres
1449 2905 1565 2942 libros
1590 2916 1632 2940 ex
