<?xml version="1.0" encoding="UTF-8"?>
<!DOCTYPE html PUBLIC "-//W3C//DTD XHTML 1.0 Transitional//EN"
    "http://www.w3.org/TR/xhtml1/DTD/xhtml1-transitional.dtd">
<html xmlns="http://www.w3.org/1999/xhtml" xml:lang="en" lang="en">
 <head>
  <title>
</title>
<meta http-equiv="Content-Type" content="text/html;charset=utf-8" />
  <meta name='ocr-system' content='tesseract 3.04.00' />
  <meta name='ocr-capabilities' content='ocr_page ocr_carea ocr_par ocr_line ocrx_word'/>
</head>
<body>
  <div class='ocr_page' id='page_1' title='image "./excursusadsibyll00alexuoft_0113.png"; bbox 0 0 1752 3495; ppageno 0'>
   <div class='ocr_carea' id='block_1_1' title="bbox 145 168 1219 236">
    <p class='ocr_par' dir='ltr' id='par_1_1' title="bbox 145 168 1219 236">
     <span class='ocr_line' id='line_1_1' title="bbox 145 168 1219 236; baseline 0 -21"><span class='ocrx_word' id='word_1_1' title='bbox 145 172 235 216; x_wconf 63' lang='lat'>104</span> <span class='ocrx_word' id='word_1_2' title='bbox 524 169 602 212; x_wconf 82' lang='lat' dir='ltr'>AD</span> <span class='ocrx_word' id='word_1_3' title='bbox 638 168 979 236; x_wconf 73' lang='lat' dir='ltr'><strong>SIBYLLINOS</strong></span> <span class='ocrx_word' id='word_1_4' title='bbox 1014 170 1219 216; x_wconf 80' lang='lat' dir='ltr'>LIBROS</span> 
     </span>
    </p>
   </div>
   <div class='ocr_carea' id='block_1_2' title="bbox 94 266 1602 2894">
    <p class='ocr_par' dir='ltr' id='par_1_2' title="bbox 94 266 1602 2767">
     <span class='ocr_line' id='line_1_2' title="bbox 142 266 1598 320; baseline -0.003 -13"><span class='ocrx_word' id='word_1_5' title='bbox 142 268 355 320; x_wconf 84' lang='lat' dir='ltr'>pervenire,</span> <span class='ocrx_word' id='word_1_6' title='bbox 377 268 454 305; x_wconf 84' lang='lat' dir='ltr'>sive</span> <span class='ocrx_word' id='word_1_7' title='bbox 472 266 565 304; x_wconf 88' lang='lat' dir='ltr'>illud</span> <span class='ocrx_word' id='word_1_8' title='bbox 583 267 686 317; x_wconf 86' lang='lat' dir='ltr'>quod</span> <span class='ocrx_word' id='word_1_9' title='bbox 706 268 742 305; x_wconf 86' lang='lat' dir='ltr'>in</span> <span class='ocrx_word' id='word_1_10' title='bbox 758 268 948 320; x_wconf 76' lang='lat' dir='ltr'>Sibyllinis</span> <span class='ocrx_word' id='word_1_11' title='bbox 965 271 1103 308; x_wconf 86' lang='lat' dir='ltr'>nostris</span> <span class='ocrx_word' id='word_1_12' title='bbox 1122 270 1270 320; x_wconf 83' lang='lat' dir='ltr'>legitur,</span> <span class='ocrx_word' id='word_1_13' title='bbox 1286 266 1354 307; x_wconf 89' lang='lat' dir='ltr'>lib.</span> <span class='ocrx_word' id='word_1_14' title='bbox 1378 267 1439 314; x_wconf 81' lang='lat' dir='ltr'>lv,</span> <span class='ocrx_word' id='word_1_15' title='bbox 1458 279 1491 303; x_wconf 81' lang='lat' dir='ltr'>v.</span> <span class='ocrx_word' id='word_1_16' title='bbox 1517 279 1598 314; x_wconf 75' lang='lat'>¹²7·</span> 
     </span>
     <span class='ocr_line' id='line_1_3' title="bbox 138 330 1602 386; baseline -0.004 -13"><span class='ocrx_word' id='word_1_17' title='bbox 138 347 222 385; x_wconf 87' lang='lat' dir='ltr'>sqq.</span> <span class='ocrx_word' id='word_1_18' title='bbox 241 333 300 386; x_wconf 85' lang='lat' dir='ltr'>(ex</span> <span class='ocrx_word' id='word_1_19' title='bbox 316 345 394 383; x_wconf 90' lang='lat' dir='ltr'>quo</span> <span class='ocrx_word' id='word_1_20' title='bbox 412 341 533 370; x_wconf 89' lang='lat' dir='ltr'>tamen</span> <span class='ocrx_word' id='word_1_21' title='bbox 546 332 695 370; x_wconf 89' lang='lat' dir='ltr'>urbium</span> <span class='ocrx_word' id='word_1_22' title='bbox 713 334 897 372; x_wconf 89' lang='lat' dir='ltr'>nominaa</span> <span class='ocrx_word' id='word_1_23' title='bbox 915 335 1119 373; x_wconf 84' lang='lat' dir='ltr'>Plutarcho</span> <span class='ocrx_word' id='word_1_24' title='bbox 1135 341 1424 371; x_wconf 83' lang='lat' dir='ltr'>memoratarum</span> <span class='ocrx_word' id='word_1_25' title='bbox 1439 330 1602 383; x_wconf 86' lang='lat' dir='ltr'>absunt),</span> 
     </span>
     <span class='ocr_line' id='line_1_4' title="bbox 138 394 1599 447; baseline -0.003 -12"><span class='ocrx_word' id='word_1_26' title='bbox 138 397 234 441; x_wconf 85' lang='lat' dir='ltr'>sive,</span> <span class='ocrx_word' id='word_1_27' title='bbox 254 396 357 447; x_wconf 89' lang='lat' dir='ltr'>quod</span> <span class='ocrx_word' id='word_1_28' title='bbox 374 396 490 446; x_wconf 83' lang='lat' dir='ltr'>magis</span> <span class='ocrx_word' id='word_1_29' title='bbox 509 396 720 443; x_wconf 83' lang='lat' dir='ltr'>credimus,</span> <span class='ocrx_word' id='word_1_30' title='bbox 748 396 870 434; x_wconf 89' lang='lat' dir='ltr'>simile</span> <span class='ocrx_word' id='word_1_31' title='bbox 886 397 1038 447; x_wconf 79' lang='lat' dir='ltr'>aliquod</span> <span class='ocrx_word' id='word_1_32' title='bbox 1058 413 1079 434; x_wconf 83' lang='lat' dir='ltr'>a</span> <span class='ocrx_word' id='word_1_33' title='bbox 1100 395 1303 447; x_wconf 73' lang='lat' dir='ltr'>gentilibus</span> <span class='ocrx_word' id='word_1_34' title='bbox 1318 395 1540 439; x_wconf 82' lang='lat' dir='ltr'>confictum,</span> <span class='ocrx_word' id='word_1_35' title='bbox 1562 394 1599 430; x_wconf 85' lang='lat' dir='ltr'>in</span> 
     </span>
     <span class='ocr_line' id='line_1_5' title="bbox 138 457 1600 511; baseline -0.003 -13"><span class='ocrx_word' id='word_1_36' title='bbox 138 474 217 511; x_wconf 84' lang='lat' dir='ltr'>quo</span> <span class='ocrx_word' id='word_1_37' title='bbox 245 473 376 498; x_wconf 91' lang='lat' dir='ltr'>recens</span> <span class='ocrx_word' id='word_1_38' title='bbox 406 460 470 498; x_wconf 84' lang='lat' dir='ltr'>illa</span> <span class='ocrx_word' id='word_1_39' title='bbox 490 460 682 498; x_wconf 89' lang='lat' dir='ltr'>calamitas</span> <span class='ocrx_word' id='word_1_40' title='bbox 709 461 909 511; x_wconf 85' lang='lat' dir='ltr'>conjuncta</span> <span class='ocrx_word' id='word_1_41' title='bbox 936 474 1010 497; x_wconf 89' lang='lat' dir='ltr'>non</span> <span class='ocrx_word' id='word_1_42' title='bbox 1039 461 1164 511; x_wconf 88' lang='lat' dir='ltr'>inepte</span> <span class='ocrx_word' id='word_1_43' title='bbox 1192 460 1314 497; x_wconf 85' lang='lat' dir='ltr'>suerat</span> <span class='ocrx_word' id='word_1_44' title='bbox 1332 471 1416 495; x_wconf 90' lang='lat' dir='ltr'>cum</span> <span class='ocrx_word' id='word_1_45' title='bbox 1433 457 1510 496; x_wconf 86' lang='lat' dir='ltr'>Titi</span> <span class='ocrx_word' id='word_1_46' title='bbox 1527 457 1600 495; x_wconf 89' lang='lat' dir='ltr'>im-</span> 
     </span>
     <span class='ocr_line' id='line_1_6' title="bbox 99 521 1599 575; baseline -0.003 -13"><span class='ocrx_word' id='word_1_47' title='bbox 99 554 105 561; x_wconf 93' lang='lat'>.</span> <span class='ocrx_word' id='word_1_48' title='bbox 137 524 323 575; x_wconf 81' lang='lat' dir='ltr'>perator-is</span> <span class='ocrx_word' id='word_1_49' title='bbox 353 533 584 575; x_wconf 78' lang='lat' dir='ltr'>praematuro</span> <span class='ocrx_word' id='word_1_50' title='bbox 603 525 721 573; x_wconf 82' lang='lat' dir='ltr'>exitu,</span> <span class='ocrx_word' id='word_1_51' title='bbox 743 525 882 562; x_wconf 87' lang='lat' dir='ltr'>citante</span> <span class='ocrx_word' id='word_1_52' title='bbox 908 525 1019 574; x_wconf 86' lang='lat' dir='ltr'>paulo</span> <span class='ocrx_word' id='word_1_53' title='bbox 1052 525 1147 561; x_wconf 74' lang='lat' dir='ltr'>insi-a</span> <span class='ocrx_word' id='word_1_54' title='bbox 1166 524 1245 574; x_wconf 76' lang='lat' dir='ltr'>ipso</span> <span class='ocrx_word' id='word_1_55' title='bbox 1269 521 1489 570; x_wconf 80' lang='lat' dir='ltr'>Plutarcho,</span> <span class='ocrx_word' id='word_1_56' title='bbox 1513 530 1599 557; x_wconf 87' lang='lat' dir='ltr'>tan-</span> 
     </span>
     <span class='ocr_line' id='line_1_7' title="bbox 137 588 1028 640; baseline -0.002 -15"><span class='ocrx_word' id='word_1_57' title='bbox 137 601 248 640; x_wconf 84' lang='lat' dir='ltr'>quam</span> <span class='ocrx_word' id='word_1_58' title='bbox 265 588 513 639; x_wconf 82' lang='lat' dir='ltr'>SibyHinum,</span> <span class='ocrx_word' id='word_1_59' title='bbox 530 589 577 627; x_wconf 88' lang='lat' dir='ltr'>de</span> <span class='ocrx_word' id='word_1_60' title='bbox 595 602 641 626; x_wconf 84' lang='lat' dir='ltr'>eo</span> <span class='ocrx_word' id='word_1_61' title='bbox 659 588 830 640; x_wconf 81' lang='lat' dir='ltr'>principe</span> <span class='ocrx_word' id='word_1_62' title='bbox 847 601 997 639; x_wconf 30' lang='lat' dir='ltr'>&#39;versum</span> <span class='ocrx_word' id='word_1_63' title='bbox 1021 606 1028 627; x_wconf 92' lang='lat'>:</span> 
     </span>
     <span class='ocr_line' id='line_1_8' title="bbox 295 651 1250 706; baseline -0.004 -13"><span class='ocrx_word' id='word_1_64' title='bbox 295 653 439 698; x_wconf 74' lang='grc' dir='ltr'>ἘσΟλὸς</span> <span class='ocrx_word' id='word_1_65' title='bbox 460 652 524 691; x_wconf 77' lang='grc' dir='ltr'>ἐὼν</span> <span class='ocrx_word' id='word_1_66' title='bbox 543 653 672 706; x_wconf 82' lang='grc' dir='ltr'>νούσῳ.</span> <span class='ocrx_word' id='word_1_67' title='bbox 690 682 698 690; x_wconf 92' lang='grc'><strong>.</strong></span> <span class='ocrx_word' id='word_1_68' title='bbox 714 682 725 691; x_wconf 91' lang='grc'><strong>.</strong></span> <span class='ocrx_word' id='word_1_69' title='bbox 748 651 929 703; x_wconf 75' lang='grc' dir='ltr'>τυραννίδα</span> <span class='ocrx_word' id='word_1_70' title='bbox 949 651 1071 705; x_wconf 75' lang='grc' dir='ltr'>λείψει.</span> <span class='ocrx_word' id='word_1_71' title='bbox 1245 692 1250 697; x_wconf 62' lang='grc'><em>,</em></span> 
     </span>
     <span class='ocr_line' id='line_1_9' title="bbox 135 714 1601 769; baseline -0.004 -13"><span class='ocrx_word' id='word_1_72' title='bbox 135 718 291 756; x_wconf 84' lang='lat' dir='ltr'>Omissis</span> <span class='ocrx_word' id='word_1_73' title='bbox 310 727 432 756; x_wconf 86' lang='lat' dir='ltr'>tamen</span> <span class='ocrx_word' id='word_1_74' title='bbox 455 732 539 769; x_wconf 87' lang='lat' dir='ltr'>quae</span> <span class='ocrx_word' id='word_1_75' title='bbox 560 718 674 756; x_wconf 84' lang='lat' dir='ltr'>dubia</span> <span class='ocrx_word' id='word_1_76' title='bbox 697 726 802 762; x_wconf 82' lang='lat' dir='ltr'>sunt,</span> <span class='ocrx_word' id='word_1_77' title='bbox 825 725 934 754; x_wconf 84' lang='lat' dir='ltr'>restat</span> <span class='ocrx_word' id='word_1_78' title='bbox 955 716 991 753; x_wconf 88' lang='lat' dir='ltr'>id</span> <span class='ocrx_word' id='word_1_79' title='bbox 1009 717 1112 768; x_wconf 88' lang='lat' dir='ltr'>quod</span> <span class='ocrx_word' id='word_1_80' title='bbox 1131 717 1285 754; x_wconf 83' lang='lat' dir='ltr'>minime</span> <span class='ocrx_word' id='word_1_81' title='bbox 1305 714 1445 765; x_wconf 82' lang='lat' dir='ltr'>ambigi</span> <span class='ocrx_word' id='word_1_82' title='bbox 1465 722 1601 765; x_wconf 73' lang='lat' dir='ltr'>potest,</span> 
     </span>
     <span class='ocr_line' id='line_1_10' title="bbox 136 779 1598 827; baseline -0.004 -8"><span class='ocrx_word' id='word_1_83' title='bbox 136 782 314 821; x_wconf 89' lang='lat' dir='ltr'>mansisse</span> <span class='ocrx_word' id='word_1_84' title='bbox 330 783 366 820; x_wconf 89' lang='lat' dir='ltr'>in</span> <span class='ocrx_word' id='word_1_85' title='bbox 390 782 582 822; x_wconf 78' lang='lat' dir='ltr'>Plutarchi</span> <span class='ocrx_word' id='word_1_86' title='bbox 604 790 746 827; x_wconf 85' lang='lat' dir='ltr'>mente,</span> <span class='ocrx_word' id='word_1_87' title='bbox 768 781 961 818; x_wconf 83' lang='lat' dir='ltr'>confusam</span> <span class='ocrx_word' id='word_1_88' title='bbox 979 780 1084 826; x_wconf 85' lang='lat' dir='ltr'>licet,</span> <span class='ocrx_word' id='word_1_89' title='bbox 1104 781 1314 818; x_wconf 79' lang='lat' dir='ltr'>carminum</span> <span class='ocrx_word' id='word_1_90' title='bbox 1343 779 1496 815; x_wconf 85' lang='lat' dir='ltr'>illorum</span> <span class='ocrx_word' id='word_1_91' title='bbox 1518 790 1598 814; x_wconf 87' lang='lat' dir='ltr'>mc-</span> 
     </span>
     <span class='ocr_line' id='line_1_11' title="bbox 138 842 1602 898; baseline -0.004 -14"><span class='ocrx_word' id='word_1_92' title='bbox 138 848 309 895; x_wconf 84' lang='lat' dir='ltr'>moriam,</span> <span class='ocrx_word' id='word_1_93' title='bbox 331 856 507 898; x_wconf 79' lang='lat' dir='ltr'>tanquam</span> <span class='ocrx_word' id='word_1_94' title='bbox 527 847 622 883; x_wconf 84' lang='lat' dir='ltr'>sacta</span> <span class='ocrx_word' id='word_1_95' title='bbox 644 845 833 896; x_wconf 71' lang='lat' dir='ltr'>praecipue</span> <span class='ocrx_word' id='word_1_96' title='bbox 846 845 1075 891; x_wconf 80' lang='lat' dir='ltr'>calamitosa,</span> <span class='ocrx_word' id='word_1_97' title='bbox 1091 844 1280 896; x_wconf 80' lang='grc' dir='ltr'>ἀγέλαστα,</span> <span class='ocrx_word' id='word_1_98' title='bbox 1296 842 1602 894; x_wconf 76' lang='lat' dir='ltr'>praediceutium3</span> 
     </span>
     <span class='ocr_line' id='line_1_12' title="bbox 135 905 1601 963; baseline -0.005 -13"><span class='ocrx_word' id='word_1_99' title='bbox 135 912 249 963; x_wconf 84' lang='lat' dir='ltr'>idque</span> <span class='ocrx_word' id='word_1_100' title='bbox 271 913 325 950; x_wconf 84' lang='lat' dir='ltr'>vel</span> <span class='ocrx_word' id='word_1_101' title='bbox 349 926 415 963; x_wconf 84' lang='lat' dir='ltr'>per</span> <span class='ocrx_word' id='word_1_102' title='bbox 436 926 474 949; x_wconf 88' lang='lat' dir='ltr'>se</span> <span class='ocrx_word' id='word_1_103' title='bbox 495 911 602 949; x_wconf 81' lang='lat' dir='ltr'>facile</span> <span class='ocrx_word' id='word_1_104' title='bbox 624 909 758 961; x_wconf 85' lang='lat' dir='ltr'>conjici</span> <span class='ocrx_word' id='word_1_105' title='bbox 779 923 822 947; x_wconf 84' lang='lat' dir='ltr'>ac</span> <span class='ocrx_word' id='word_1_106' title='bbox 843 909 1006 947; x_wconf 81' lang='lat' dir='ltr'>divinari</span> <span class='ocrx_word' id='word_1_107' title='bbox 1031 918 1194 961; x_wconf 82' lang='lat' dir='ltr'>poterat,</span> <span class='ocrx_word' id='word_1_108' title='bbox 1221 922 1339 959; x_wconf 87' lang='lat' dir='ltr'>quum</span> <span class='ocrx_word' id='word_1_109' title='bbox 1367 921 1413 945; x_wconf 80' lang='lat' dir='ltr'>ex</span> <span class='ocrx_word' id='word_1_110' title='bbox 1444 905 1601 944; x_wconf 86' lang='lat' dir='ltr'>hnmani</span> 
     </span>
     <span class='ocr_line' id='line_1_13' title="bbox 136 971 1600 1028; baseline -0.004 -15"><span class='ocrx_word' id='word_1_111' title='bbox 136 977 278 1028; x_wconf 81' lang='lat' dir='ltr'>ingenii</span> <span class='ocrx_word' id='word_1_112' title='bbox 298 985 433 1014; x_wconf 83' lang='lat' dir='ltr'>natura</span> <span class='ocrx_word' id='word_1_113' title='bbox 452 975 656 1027; x_wconf 81' lang='lat' dir='ltr'>praescrtim</span> <span class='ocrx_word' id='word_1_114' title='bbox 687 975 722 1011; x_wconf 88' lang='lat' dir='ltr'>in</span> <span class='ocrx_word' id='word_1_115' title='bbox 756 973 869 1011; x_wconf 84' lang='lat' dir='ltr'>rebus</span> <span class='ocrx_word' id='word_1_116' title='bbox 894 974 1061 1012; x_wconf 82' lang='lat' dir='ltr'>adversis</span> <span class='ocrx_word' id='word_1_117' title='bbox 1083 974 1129 1010; x_wconf 91' lang='lat' dir='ltr'>ad</span> <span class='ocrx_word' id='word_1_118' title='bbox 1165 974 1293 1011; x_wconf 86' lang='lat' dir='ltr'>divina</span> <span class='ocrx_word' id='word_1_119' title='bbox 1327 971 1600 1021; x_wconf 74' lang='lat' dir='ltr'>confugientis,</span> 
     </span>
     <span class='ocr_line' id='line_1_14' title="bbox 136 1039 1600 1092; baseline -0.002 -14"><span class='ocrx_word' id='word_1_120' title='bbox 136 1050 216 1080; x_wconf 90' lang='lat' dir='ltr'>tum</span> <span class='ocrx_word' id='word_1_121' title='bbox 237 1043 344 1080; x_wconf 89' lang='lat' dir='ltr'>ctiam</span> <span class='ocrx_word' id='word_1_122' title='bbox 376 1057 421 1080; x_wconf 87' lang='lat' dir='ltr'>ex</span> <span class='ocrx_word' id='word_1_123' title='bbox 443 1042 630 1088; x_wconf 89' lang='lat' dir='ltr'>omnibus,</span> <span class='ocrx_word' id='word_1_124' title='bbox 662 1055 747 1092; x_wconf 86' lang='lat' dir='ltr'>quae</span> <span class='ocrx_word' id='word_1_125' title='bbox 765 1041 919 1091; x_wconf 87' lang='lat' dir='ltr'>quidem</span> <span class='ocrx_word' id='word_1_126' title='bbox 939 1042 985 1079; x_wconf 88' lang='lat' dir='ltr'>ad</span> <span class='ocrx_word' id='word_1_127' title='bbox 1019 1055 1086 1079; x_wconf 89' lang='lat' dir='ltr'>nos</span> <span class='ocrx_word' id='word_1_128' title='bbox 1111 1049 1380 1092; x_wconf 80' lang='lat' dir='ltr'>pervenerunt,</span> <span class='ocrx_word' id='word_1_129' title='bbox 1408 1039 1600 1090; x_wconf 84' lang='lat' dir='ltr'>Sibyllinae</span> 
     </span>
     <span class='ocr_line' id='line_1_15' title="bbox 136 1104 1059 1156; baseline 0.002 -15"><span class='ocrx_word' id='word_1_130' title='bbox 136 1119 292 1156; x_wconf 83' lang='lat' dir='ltr'><strong>poeseos</strong></span> <span class='ocrx_word' id='word_1_131' title='bbox 314 1106 484 1156; x_wconf 79' lang='lat' dir='ltr'>profanis</span> <span class='ocrx_word' id='word_1_132' title='bbox 500 1104 758 1143; x_wconf 81' lang='lat' dir='ltr'>christianisve</span> <span class='ocrx_word' id='word_1_133' title='bbox 778 1105 1059 1156; x_wconf 80' lang='lat' dir='ltr'>speciminibus,</span> 
     </span>
     <span class='ocr_line' id='line_1_16' title="bbox 191 1168 1596 1220; baseline -0.003 -12"><span class='ocrx_word' id='word_1_134' title='bbox 191 1171 274 1208; x_wconf 79' lang='lat' dir='ltr'>Haec</span> <span class='ocrx_word' id='word_1_135' title='bbox 301 1173 428 1208; x_wconf 88' lang='lat' dir='ltr'>omnia</span> <span class='ocrx_word' id='word_1_136' title='bbox 460 1179 635 1220; x_wconf 90' lang='lat' dir='ltr'>tanquam</span> <span class='ocrx_word' id='word_1_137' title='bbox 667 1184 687 1207; x_wconf 91' lang='lat' dir='ltr'>a</span> <span class='ocrx_word' id='word_1_138' title='bbox 710 1170 859 1208; x_wconf 82' lang='lat' dir='ltr'>furente</span> <span class='ocrx_word' id='word_1_139' title='bbox 887 1179 973 1208; x_wconf 87' lang='lat' dir='ltr'>vate</span> <span class='ocrx_word' id='word_1_140' title='bbox 999 1171 1117 1208; x_wconf 78' lang='lat' dir='ltr'>effusa</span> <span class='ocrx_word' id='word_1_141' title='bbox 1148 1171 1184 1208; x_wconf 90' lang='lat' dir='ltr'>in</span> <span class='ocrx_word' id='word_1_142' title='bbox 1215 1170 1380 1207; x_wconf 84' lang='lat' dir='ltr'>medium</span> <span class='ocrx_word' id='word_1_143' title='bbox 1416 1168 1596 1220; x_wconf 86' lang='lat' dir='ltr'>projicie-</span> 
     </span>
     <span class='ocr_line' id='line_1_17' title="bbox 135 1231 1600 1285; baseline -0.002 -14"><span class='ocrx_word' id='word_1_144' title='bbox 135 1234 293 1280; x_wconf 87' lang='lat' dir='ltr'>bantur;</span> <span class='ocrx_word' id='word_1_145' title='bbox 309 1248 420 1272; x_wconf 87' lang='lat' dir='ltr'>nemo</span> <span class='ocrx_word' id='word_1_146' title='bbox 432 1234 529 1272; x_wconf 82' lang='lat' dir='ltr'>enim</span> <span class='ocrx_word' id='word_1_147' title='bbox 549 1247 712 1284; x_wconf 86' lang='lat' dir='ltr'>uuquam</span> <span class='ocrx_word' id='word_1_148' title='bbox 725 1263 737 1284; x_wconf 83' lang='lat'>,</span> <span class='ocrx_word' id='word_1_149' title='bbox 756 1235 924 1284; x_wconf 85' lang='lat' dir='ltr'>exceptis</span> <span class='ocrx_word' id='word_1_150' title='bbox 939 1247 1037 1285; x_wconf 85' lang='lat' dir='ltr'>qnos</span> <span class='ocrx_word' id='word_1_151' title='bbox 1058 1247 1169 1272; x_wconf 78' lang='lat' dir='ltr'>verus</span> <span class='ocrx_word' id='word_1_152' title='bbox 1184 1234 1253 1272; x_wconf 86' lang='lat' dir='ltr'>Dei</span> <span class='ocrx_word' id='word_1_153' title='bbox 1269 1233 1425 1283; x_wconf 81' lang='lat' dir='ltr'>spiritus</span> <span class='ocrx_word' id='word_1_154' title='bbox 1441 1231 1600 1280; x_wconf 73' lang='lat' dir='ltr'>afflavit,</span> 
     </span>
     <span class='ocr_line' id='line_1_18' title="bbox 134 1293 1598 1348; baseline -0.002 -13"><span class='ocrx_word' id='word_1_155' title='bbox 134 1299 214 1336; x_wconf 74' lang='lat' dir='ltr'>sinc</span> <span class='ocrx_word' id='word_1_156' title='bbox 249 1299 387 1336; x_wconf 80' lang='lat' dir='ltr'>suroris</span> <span class='ocrx_word' id='word_1_157' title='bbox 420 1298 630 1336; x_wconf 81' lang='lat' dir='ltr'>imitatione</span> <span class='ocrx_word' id='word_1_158' title='bbox 658 1298 885 1336; x_wconf 82' lang='lat' dir='ltr'>vaticinatus</span> <span class='ocrx_word' id='word_1_159' title='bbox 918 1308 984 1336; x_wconf 88' lang='lat' dir='ltr'>cst.</span> <span class='ocrx_word' id='word_1_160' title='bbox 1016 1298 1125 1337; x_wconf 87' lang='lat' dir='ltr'>Unde</span> <span class='ocrx_word' id='word_1_161' title='bbox 1154 1298 1366 1335; x_wconf 82' lang='lat' dir='ltr'>Heraclitus</span> <span class='ocrx_word' id='word_1_162' title='bbox 1401 1293 1598 1348; x_wconf 82' lang='grc' dir='ltr'>μαινομένῳ</span> 
     </span>
     <span class='ocr_line' id='line_1_19' title="bbox 136 1360 1596 1414; baseline -0.001 -15"><span class='ocrx_word' id='word_1_163' title='bbox 136 1360 283 1412; x_wconf 85' lang='grc' dir='ltr'>στόματι</span> <span class='ocrx_word' id='word_1_164' title='bbox 316 1362 496 1413; x_wconf 86' lang='lat' dir='ltr'>Sibyllam</span> <span class='ocrx_word' id='word_1_165' title='bbox 529 1363 708 1400; x_wconf 85' lang='lat' dir='ltr'>cecinisse</span> <span class='ocrx_word' id='word_1_166' title='bbox 739 1371 964 1410; x_wconf 82' lang='lat' dir='ltr'>notaverat,</span> <span class='ocrx_word' id='word_1_167' title='bbox 1008 1362 1110 1414; x_wconf 84' lang='lat' dir='ltr'>apud</span> <span class='ocrx_word' id='word_1_168' title='bbox 1142 1362 1338 1402; x_wconf 86' lang='lat' dir='ltr'>Plutarch.</span> <span class='ocrx_word' id='word_1_169' title='bbox 1377 1363 1446 1399; x_wconf 82' lang='lat' dir='ltr'>loc.</span> <span class='ocrx_word' id='word_1_170' title='bbox 1476 1362 1538 1398; x_wconf 89' lang='lat' dir='ltr'>cit.</span> <span class='ocrx_word' id='word_1_171' title='bbox 1559 1360 1596 1397; x_wconf 90' lang='lat' dir='ltr'>iu</span> 
     </span>
     <span class='ocr_line' id='line_1_20' title="bbox 138 1426 1600 1478; baseline -0.003 -13"><span class='ocrx_word' id='word_1_172' title='bbox 138 1426 227 1465; x_wconf 77' lang='lat' dir='ltr'>Exc.</span> <span class='ocrx_word' id='word_1_173' title='bbox 265 1427 294 1470; x_wconf 78' lang='lat' dir='ltr'>l.</span> <span class='ocrx_word' id='word_1_174' title='bbox 324 1440 405 1478; x_wconf 80' lang='lat' dir='ltr'>cap.</span> <span class='ocrx_word' id='word_1_175' title='bbox 439 1439 472 1471; x_wconf 75' lang='grc' dir='ltr'>ις</span> <span class='ocrx_word' id='word_1_176' title='bbox 500 1436 536 1464; x_wconf 86' lang='lat' dir='ltr'>et</span> <span class='ocrx_word' id='word_1_177' title='bbox 566 1427 653 1464; x_wconf 83' lang='lat' dir='ltr'>vide</span> <span class='ocrx_word' id='word_1_178' title='bbox 688 1426 896 1465; x_wconf 83' lang='lat' dir='ltr'>concordes</span> <span class='ocrx_word' id='word_1_179' title='bbox 920 1426 967 1464; x_wconf 84' lang='lat' dir='ltr'>de</span> <span class='ocrx_word' id='word_1_180' title='bbox 996 1442 1037 1464; x_wconf 78' lang='lat' dir='ltr'>cu</span> <span class='ocrx_word' id='word_1_181' title='bbox 1069 1440 1108 1464; x_wconf 80' lang='lat' dir='ltr'>re</span> <span class='ocrx_word' id='word_1_182' title='bbox 1139 1427 1334 1464; x_wconf 81' lang='lat' dir='ltr'>Platonem</span> <span class='ocrx_word' id='word_1_183' title='bbox 1372 1433 1600 1475; x_wconf 81' lang='lat' dir='ltr'>ceterosque</span> 
     </span>
     <span class='ocr_line' id='line_1_21' title="bbox 134 1479 1600 1542; baseline -0.001 -14"><span class='ocrx_word' id='word_1_184' title='bbox 134 1491 338 1541; x_wconf 77' lang='lat' dir='ltr'>scriptores</span> <span class='ocrx_word' id='word_1_185' title='bbox 358 1491 498 1529; x_wconf 84' lang='lat' dir='ltr'>ibidem</span> <span class='ocrx_word' id='word_1_186' title='bbox 515 1492 708 1539; x_wconf 85' lang='lat' dir='ltr'>laudatos,</span> <span class='ocrx_word' id='word_1_187' title='bbox 727 1492 867 1542; x_wconf 85' lang='lat' dir='ltr'>quibus</span> <span class='ocrx_word' id='word_1_188' title='bbox 888 1491 1086 1530; x_wconf 86' lang='lat' dir='ltr'>addendus</span> <span class='ocrx_word' id='word_1_189' title='bbox 1106 1479 1332 1539; x_wconf 77' lang='lat' dir='ltr'>Pausanias,</span> <span class='ocrx_word' id='word_1_190' title='bbox 1354 1491 1390 1528; x_wconf 92' lang='lat' dir='ltr'>iu</span> <span class='ocrx_word' id='word_1_191' title='bbox 1408 1490 1600 1535; x_wconf 76' lang='lat' dir='ltr'>Phocicis,</span> 
     </span>
     <span class='ocr_line' id='line_1_22' title="bbox 137 1552 1600 1608; baseline -0.001 -16"><span class='ocrx_word' id='word_1_192' title='bbox 137 1555 186 1592; x_wconf 89' lang='lat' dir='ltr'>de</span> <span class='ocrx_word' id='word_1_193' title='bbox 214 1555 285 1593; x_wconf 88' lang='lat' dir='ltr'>hoc</span> <span class='ocrx_word' id='word_1_194' title='bbox 313 1555 394 1606; x_wconf 88' lang='lat' dir='ltr'>ipso</span> <span class='ocrx_word' id='word_1_195' title='bbox 422 1556 619 1606; x_wconf 78' lang='lat' dir='ltr'>Erythraeo</span> <span class='ocrx_word' id='word_1_196' title='bbox 646 1556 812 1594; x_wconf 78' lang='lat' dir='ltr'>carmine</span> <span class='ocrx_word' id='word_1_197' title='bbox 832 1570 1007 1608; x_wconf 75' lang='lat' dir='ltr'>expresse</span> <span class='ocrx_word' id='word_1_198' title='bbox 1032 1556 1068 1594; x_wconf 87' lang='lat' dir='ltr'>i‹1</span> <span class='ocrx_word' id='word_1_199' title='bbox 1103 1569 1300 1594; x_wconf 83' lang='lat' dir='ltr'>asserens:</span> <span class='ocrx_word' id='word_1_200' title='bbox 1332 1555 1457 1593; x_wconf 79' lang='grc' dir='ltr'>Ταῦτα</span> <span class='ocrx_word' id='word_1_201' title='bbox 1477 1553 1538 1604; x_wconf 85' lang='grc' dir='ltr'>μὲν</span> <span class='ocrx_word' id='word_1_202' title='bbox 1558 1552 1600 1600; x_wconf 77' lang='grc' dir='ltr'>δὴ</span> 
     </span>
     <span class='ocr_line' id='line_1_23' title="bbox 137 1618 1601 1672; baseline -0.001 -15"><span class='ocrx_word' id='word_1_203' title='bbox 137 1619 326 1670; x_wconf 79' lang='grc' dir='ltr'>μαινομένη</span> <span class='ocrx_word' id='word_1_204' title='bbox 352 1635 389 1657; x_wconf 85' lang='grc' dir='ltr'>τε</span> <span class='ocrx_word' id='word_1_205' title='bbox 413 1620 470 1658; x_wconf 75' lang='grc' dir='ltr'>καὶ</span> <span class='ocrx_word' id='word_1_206' title='bbox 491 1620 529 1657; x_wconf 83' lang='grc' dir='ltr'>ἐκ</span> <span class='ocrx_word' id='word_1_207' title='bbox 548 1622 631 1658; x_wconf 75' lang='grc' dir='ltr'>Θεῶν</span> <span class='ocrx_word' id='word_1_208' title='bbox 659 1618 801 1672; x_wconf 71' lang='grc' dir='ltr'>κάτοχος</span> <span class='ocrx_word' id='word_1_209' title='bbox 828 1620 1028 1665; x_wconf 81' lang='grc' dir='ltr'>πεποίηκεν.</span> <span class='ocrx_word' id='word_1_210' title='bbox 1050 1620 1263 1659; x_wconf 76' lang='lat' dir='ltr'>Notandum</span> <span class='ocrx_word' id='word_1_211' title='bbox 1304 1619 1376 1656; x_wconf 84' lang='lat' dir='ltr'>hoc</span> <span class='ocrx_word' id='word_1_212' title='bbox 1407 1618 1601 1657; x_wconf 67' lang='lat' dir='ltr'>Pausania}</span> 
     </span>
     <span class='ocr_line' id='line_1_24' title="bbox 137 1683 1601 1735; baseline -0.002 -12"><span class='ocrx_word' id='word_1_213' title='bbox 137 1685 228 1730; x_wconf 80' lang='lat' dir='ltr'>fuit,</span> <span class='ocrx_word' id='word_1_214' title='bbox 270 1699 316 1722; x_wconf 88' lang='lat' dir='ltr'>nc</span> <span class='ocrx_word' id='word_1_215' title='bbox 352 1686 436 1735; x_wconf 85' lang='lat' dir='ltr'>quis</span> <span class='ocrx_word' id='word_1_216' title='bbox 461 1686 660 1723; x_wconf 86' lang='lat' dir='ltr'>miraretur</span> <span class='ocrx_word' id='word_1_217' title='bbox 687 1685 869 1735; x_wconf 82' lang='lat' dir='ltr'>Sibyllam</span> <span class='ocrx_word' id='word_1_218' title='bbox 904 1686 942 1723; x_wconf 84' lang='lat' dir='ltr'>in</span> <span class='ocrx_word' id='word_1_219' title='bbox 982 1699 1028 1723; x_wconf 77' lang='lat' dir='ltr'>eo</span> <span class='ocrx_word' id='word_1_220' title='bbox 1062 1685 1229 1723; x_wconf 84' lang='lat' dir='ltr'>carmine</span> <span class='ocrx_word' id='word_1_221' title='bbox 1255 1685 1302 1722; x_wconf 77' lang='lat' dir='ltr'>dc</span> <span class='ocrx_word' id='word_1_222' title='bbox 1331 1699 1368 1721; x_wconf 75' lang='lat' dir='ltr'>se</span> <span class='ocrx_word' id='word_1_223' title='bbox 1397 1693 1432 1720; x_wconf 73' lang='lat' dir='ltr'>ct</span> <span class='ocrx_word' id='word_1_224' title='bbox 1455 1683 1601 1733; x_wconf 72' lang='lat' dir='ltr'>origine</span> 
     </span>
     <span class='ocr_line' id='line_1_25' title="bbox 134 1748 1601 1800; baseline -0.001 -12"><span class='ocrx_word' id='word_1_225' title='bbox 134 1764 199 1788; x_wconf 82' lang='lat' dir='ltr'>sua</span> <span class='ocrx_word' id='word_1_226' title='bbox 218 1749 390 1800; x_wconf 83' lang='lat' dir='ltr'>qnaedam</span> <span class='ocrx_word' id='word_1_227' title='bbox 429 1749 590 1787; x_wconf 83' lang='lat' dir='ltr'>obscure</span> <span class='ocrx_word' id='word_1_228' title='bbox 622 1758 687 1787; x_wconf 85' lang='lat' dir='ltr'>aut</span> <span class='ocrx_word' id='word_1_229' title='bbox 720 1763 852 1800; x_wconf 78' lang='lat' dir='ltr'>parum</span> <span class='ocrx_word' id='word_1_230' title='bbox 884 1758 1102 1788; x_wconf 81' lang='lat' dir='ltr'>constanter</span> <span class='ocrx_word' id='word_1_231' title='bbox 1123 1750 1320 1788; x_wconf 83' lang='lat' dir='ltr'>elocutam.</span> <span class='ocrx_word' id='word_1_232' title='bbox 1350 1749 1488 1786; x_wconf 79' lang='lat' dir='ltr'>Verum</span> <span class='ocrx_word' id='word_1_233' title='bbox 1515 1748 1601 1786; x_wconf 88' lang='lat' dir='ltr'>inde</span> 
     </span>
     <span class='ocr_line' id='line_1_26' title="bbox 130 1813 1598 1865; baseline -0.001 -14"><span class='ocrx_word' id='word_1_234' title='bbox 130 1814 244 1851; x_wconf 85' lang='lat' dir='ltr'>ctiam</span> <span class='ocrx_word' id='word_1_235' title='bbox 265 1813 336 1850; x_wconf 84' lang='lat' dir='ltr'>alia</span> <span class='ocrx_word' id='word_1_236' title='bbox 355 1813 526 1863; x_wconf 71' lang='lat' dir='ltr'>quaedam</span> <span class='ocrx_word' id='word_1_237' title='bbox 551 1822 632 1851; x_wconf 83' lang='lat' dir='ltr'>tuto</span> <span class='ocrx_word' id='word_1_238' title='bbox 652 1814 779 1865; x_wconf 70' lang='lat' dir='ltr'>colligi</span> <span class='ocrx_word' id='word_1_239' title='bbox 800 1824 981 1865; x_wconf 79' lang='lat' dir='ltr'>possunt3</span> <span class='ocrx_word' id='word_1_240' title='bbox 1001 1829 1042 1852; x_wconf 88' lang='lat' dir='ltr'>ac</span> <span class='ocrx_word' id='word_1_241' title='bbox 1065 1815 1228 1865; x_wconf 80' lang='lat' dir='ltr'>primum</span> <span class='ocrx_word' id='word_1_242' title='bbox 1257 1813 1414 1850; x_wconf 83' lang='lat' dir='ltr'>multam</span> <span class='ocrx_word' id='word_1_243' title='bbox 1433 1813 1544 1851; x_wconf 81' lang='lat' dir='ltr'>fuisse</span> <span class='ocrx_word' id='word_1_244' title='bbox 1562 1813 1598 1849; x_wconf 90' lang='lat' dir='ltr'>iu</span> 
     </span>
     <span class='ocr_line' id='line_1_27' title="bbox 133 1871 1598 1929; baseline -0.001 -13"><span class='ocrx_word' id='word_1_245' title='bbox 133 1893 180 1916; x_wconf 82' lang='lat' dir='ltr'>eo</span> <span class='ocrx_word' id='word_1_246' title='bbox 202 1879 368 1916; x_wconf 82' lang='lat' dir='ltr'>carmine</span> <span class='ocrx_word' id='word_1_247' title='bbox 405 1891 530 1915; x_wconf 89' lang='lat' dir='ltr'>rerum</span> <span class='ocrx_word' id='word_1_248' title='bbox 556 1878 822 1929; x_wconf 69' lang='lat' dir='ltr'>praedictarum</span> <span class='ocrx_word' id='word_1_249' title='bbox 856 1878 1148 1928; x_wconf 80' lang='lat' dir='ltr'>permixtionem</span> <span class='ocrx_word' id='word_1_250' title='bbox 1166 1871 1291 1928; x_wconf 72' lang='lat' dir='ltr'>⁴atquc</span> <span class='ocrx_word' id='word_1_251' title='bbox 1316 1877 1598 1917; x_wconf 80' lang='lat' dir='ltr'>confusionem.</span> 
     </span>
     <span class='ocr_line' id='line_1_28' title="bbox 94 1939 1598 1995; baseline -0.002 -14"><span class='ocrx_word' id='word_1_252' title='bbox 94 1939 97 1941; x_wconf 39' lang='grc'><strong><em>’</em></strong></span> <span class='ocrx_word' id='word_1_253' title='bbox 133 1957 248 1995; x_wconf 90' lang='lat' dir='ltr'>quam</span> <span class='ocrx_word' id='word_1_254' title='bbox 269 1942 440 1980; x_wconf 88' lang='lat' dir='ltr'>videmus</span> <span class='ocrx_word' id='word_1_255' title='bbox 465 1955 487 1980; x_wconf 84' lang='lat' dir='ltr'>a</span> <span class='ocrx_word' id='word_1_256' title='bbox 504 1943 712 1981; x_wconf 87' lang='lat' dir='ltr'>Plutarcho</span> <span class='ocrx_word' id='word_1_257' title='bbox 732 1943 815 1994; x_wconf 89' lang='lat' dir='ltr'>ipso</span> <span class='ocrx_word' id='word_1_258' title='bbox 836 1943 988 1994; x_wconf 81' lang='lat' dir='ltr'>agnosci</span> <span class='ocrx_word' id='word_1_259' title='bbox 1006 1974 1016 1989; x_wconf 86' lang='lat'>‚</span> <span class='ocrx_word' id='word_1_260' title='bbox 1044 1957 1114 1980; x_wconf 85' lang='lat' dir='ltr'>ncc</span> <span class='ocrx_word' id='word_1_261' title='bbox 1136 1943 1184 1980; x_wconf 84' lang='lat' dir='ltr'>de</span> <span class='ocrx_word' id='word_1_262' title='bbox 1207 1942 1401 1992; x_wconf 62' lang='lat' dir='ltr'>lirythraea</span> <span class='ocrx_word' id='word_1_263' title='bbox 1423 1950 1568 1979; x_wconf 89' lang='lat' dir='ltr'>tantum</span> <span class='ocrx_word' id='word_1_264' title='bbox 1588 1971 1598 1988; x_wconf 88' lang='lat'><strong><em>‚</em></strong></span> 
     </span>
     <span class='ocr_line' id='line_1_29' title="bbox 133 2006 1598 2059; baseline -0.001 -14"><span class='ocrx_word' id='word_1_265' title='bbox 133 2007 290 2058; x_wconf 79' lang='lat' dir='ltr'>Sibylla,</span> <span class='ocrx_word' id='word_1_266' title='bbox 309 2007 372 2045; x_wconf 80' lang='lat' dir='ltr'>scd</span> <span class='ocrx_word' id='word_1_267' title='bbox 392 2008 440 2045; x_wconf 86' lang='lat' dir='ltr'>de</span> <span class='ocrx_word' id='word_1_268' title='bbox 458 2006 611 2057; x_wconf 74' lang='lat' dir='ltr'>Sibyllis</span> <span class='ocrx_word' id='word_1_269' title='bbox 636 2007 871 2058; x_wconf 85' lang='lat' dir='ltr'>quibuslibet</span> <span class='ocrx_word' id='word_1_270' title='bbox 888 2009 1045 2059; x_wconf 87' lang='lat' dir='ltr'>aliisque</span> <span class='ocrx_word' id='word_1_271' title='bbox 1060 2007 1279 2056; x_wconf 83' lang='lat' dir='ltr'>hujusmodi</span> <span class='ocrx_word' id='word_1_272' title='bbox 1299 2006 1447 2044; x_wconf 85' lang='lat' dir='ltr'>vatibus</span> <span class='ocrx_word' id='word_1_273' title='bbox 1468 2021 1476 2046; x_wconf 94' lang='lat'>:</span> <span class='ocrx_word' id='word_1_274' title='bbox 1494 2007 1598 2044; x_wconf 81' lang='lat' dir='ltr'>locus</span> 
     </span>
     <span class='ocr_line' id='line_1_30' title="bbox 135 2070 1599 2124; baseline -0.001 -13"><span class='ocrx_word' id='word_1_275' title='bbox 135 2083 190 2111; x_wconf 80' lang='lat' dir='ltr'>est</span> <span class='ocrx_word' id='word_1_276' title='bbox 207 2072 254 2110; x_wconf 86' lang='lat' dir='ltr'>(le</span> <span class='ocrx_word' id='word_1_277' title='bbox 266 2073 377 2122; x_wconf 82' lang='lat' dir='ltr'>Pyth.</span> <span class='ocrx_word' id='word_1_278' title='bbox 398 2086 495 2123; x_wconf 81' lang='lat' dir='ltr'>resp.</span> <span class='ocrx_word' id='word_1_279' title='bbox 507 2086 543 2123; x_wconf 88' lang='lat' dir='ltr'>p.</span> <span class='ocrx_word' id='word_1_280' title='bbox 566 2073 638 2109; x_wconf 70' lang='lat'>563</span> <span class='ocrx_word' id='word_1_281' title='bbox 660 2087 667 2110; x_wconf 90' lang='lat'><strong>:</strong></span> <span class='ocrx_word' id='word_1_282' title='bbox 686 2072 857 2111; x_wconf 71' lang='grc' dir='ltr'>Σίίυλλαι</span> <span class='ocrx_word' id='word_1_283' title='bbox 878 2072 912 2110; x_wconf 78' lang='grc' dir='ltr'>δὲ</span> <span class='ocrx_word' id='word_1_284' title='bbox 928 2072 1026 2111; x_wconf 72' lang='grc' dir='ltr'>αὐταὶ</span> <span class='ocrx_word' id='word_1_285' title='bbox 1039 2073 1097 2110; x_wconf 79' lang='grc' dir='ltr'>καὶ</span> <span class='ocrx_word' id='word_1_286' title='bbox 1118 2070 1262 2116; x_wconf 71' lang='grc' dir='ltr'>Βάκιδες</span> <span class='ocrx_word' id='word_1_287' title='bbox 1279 2071 1396 2124; x_wconf 82' lang='grc' dir='ltr'>ὥσπερ</span> <span class='ocrx_word' id='word_1_288' title='bbox 1413 2073 1458 2114; x_wconf 86' lang='grc' dir='ltr'>εἰς</span> <span class='ocrx_word' id='word_1_289' title='bbox 1477 2071 1599 2110; x_wconf 79' lang='grc' dir='ltr'>πόντον</span> 
     </span>
     <span class='ocr_line' id='line_1_31' title="bbox 133 2135 1598 2191; baseline -0.001 -17"><span class='ocrx_word' id='word_1_290' title='bbox 133 2136 354 2189; x_wconf 80' lang='grc' dir='ltr'>ἀτεκμάρτως</span> <span class='ocrx_word' id='word_1_291' title='bbox 375 2136 433 2174; x_wconf 78' lang='grc' dir='ltr'>τὸν</span> <span class='ocrx_word' id='word_1_292' title='bbox 459 2135 581 2188; x_wconf 75' lang='grc' dir='ltr'>χρόνον</span> <span class='ocrx_word' id='word_1_293' title='bbox 611 2136 802 2175; x_wconf 59' lang='grc' dir='ltr'>κατέδαλον</span> <span class='ocrx_word' id='word_1_294' title='bbox 834 2137 892 2175; x_wconf 80' lang='grc' dir='ltr'>καὶ</span> <span class='ocrx_word' id='word_1_295' title='bbox 921 2137 1204 2191; x_wconf 14' lang='lat' dir='ltr'>&amp;domninus-(513</span> <span class='ocrx_word' id='word_1_296' title='bbox 1223 2137 1335 2189; x_wconf 74' lang='grc' dir='ltr'>ἔτυχε,</span> <span class='ocrx_word' id='word_1_297' title='bbox 1369 2137 1598 2174; x_wconf 72' lang='grc' dir='ltr'>παντοδαπῶν</span> 
     </span>
     <span class='ocr_line' id='line_1_32' title="bbox 135 2200 1599 2252; baseline 0 -13"><span class='ocrx_word' id='word_1_298' title='bbox 135 2200 286 2250; x_wconf 82' lang='grc' dir='ltr'>ὀνόματα</span> <span class='ocrx_word' id='word_1_299' title='bbox 316 2200 374 2238; x_wconf 70' lang='grc' dir='ltr'>καὶ</span> <span class='ocrx_word' id='word_1_300' title='bbox 409 2201 547 2252; x_wconf 75' lang='grc' dir='ltr'>ῥήματα</span> <span class='ocrx_word' id='word_1_301' title='bbox 573 2202 693 2238; x_wconf 76' lang='grc' dir='ltr'>παθῶν</span> <span class='ocrx_word' id='word_1_302' title='bbox 723 2201 781 2238; x_wconf 76' lang='grc' dir='ltr'>καὶ</span> <span class='ocrx_word' id='word_1_303' title='bbox 809 2200 1090 2252; x_wconf 57' lang='grc' dir='ltr'>συμπτωμάτων.</span> <span class='ocrx_word' id='word_1_304' title='bbox 1121 2202 1229 2249; x_wconf 87' lang='lat' dir='ltr'>Quod</span> <span class='ocrx_word' id='word_1_305' title='bbox 1265 2202 1361 2239; x_wconf 68' lang='lat' dir='ltr'>idem</span> <span class='ocrx_word' id='word_1_306' title='bbox 1392 2202 1429 2238; x_wconf 90' lang='lat' dir='ltr'>in</span> <span class='ocrx_word' id='word_1_307' title='bbox 1463 2202 1599 2239; x_wconf 69' lang='lat' dir='ltr'>nostris</span> 
     </span>
     <span class='ocr_line' id='line_1_33' title="bbox 134 2264 1598 2316; baseline 0 -14"><span class='ocrx_word' id='word_1_308' title='bbox 134 2279 285 2316; x_wconf 78' lang='lat' dir='ltr'>quoque</span> <span class='ocrx_word' id='word_1_309' title='bbox 310 2264 473 2315; x_wconf 79' lang='lat' dir='ltr'>judaicis</span> <span class='ocrx_word' id='word_1_310' title='bbox 493 2265 753 2304; x_wconf 76' lang='lat' dir='ltr'>christianisve</span> <span class='ocrx_word' id='word_1_311' title='bbox 768 2265 974 2316; x_wconf 84' lang='lat' dir='ltr'>Sibyllinis,</span> <span class='ocrx_word' id='word_1_312' title='bbox 999 2266 1046 2303; x_wconf 89' lang='lat' dir='ltr'>ad</span> <span class='ocrx_word' id='word_1_313' title='bbox 1076 2267 1325 2316; x_wconf 75' lang='lat' dir='ltr'>profanorum</span> <span class='ocrx_word' id='word_1_314' title='bbox 1350 2266 1598 2303; x_wconf 82' lang='lat' dir='ltr'>imitationem</span> 
     </span>
     <span class='ocr_line' id='line_1_34' title="bbox 136 2329 1599 2382; baseline -0.001 -14"><span class='ocrx_word' id='word_1_315' title='bbox 136 2330 336 2375; x_wconf 70' lang='lat' dir='ltr'>consectis,</span> <span class='ocrx_word' id='word_1_316' title='bbox 364 2329 556 2367; x_wconf 74' lang='lat' dir='ltr'>observari</span> <span class='ocrx_word' id='word_1_317' title='bbox 588 2339 732 2380; x_wconf 82' lang='lat' dir='ltr'>potest.</span> <span class='ocrx_word' id='word_1_318' title='bbox 759 2340 913 2368; x_wconf 84' lang='lat' dir='ltr'>uotautc</span> <span class='ocrx_word' id='word_1_319' title='bbox 941 2332 1018 2379; x_wconf 84' lang='lat' dir='ltr'>jam</span> <span class='ocrx_word' id='word_1_320' title='bbox 1045 2332 1134 2368; x_wconf 86' lang='lat' dir='ltr'>olim</span> <span class='ocrx_word' id='word_1_321' title='bbox 1153 2331 1343 2382; x_wconf 87' lang='lat' dir='ltr'>Procopio</span> <span class='ocrx_word' id='word_1_322' title='bbox 1372 2331 1462 2368; x_wconf 89' lang='lat' dir='ltr'>alias</span> <span class='ocrx_word' id='word_1_323' title='bbox 1489 2329 1599 2367; x_wconf 77' lang='lat' dir='ltr'>nobis</span> 
     </span>
     <span class='ocr_line' id='line_1_35' title="bbox 136 2394 1598 2445; baseline -0.001 -12"><span class='ocrx_word' id='word_1_324' title='bbox 136 2394 300 2433; x_wconf 83' lang='lat' dir='ltr'>citando.</span> <span class='ocrx_word' id='word_1_325' title='bbox 321 2394 450 2445; x_wconf 83' lang='lat' dir='ltr'>Neque</span> <span class='ocrx_word' id='word_1_326' title='bbox 478 2394 570 2431; x_wconf 87' lang='lat' dir='ltr'>illud</span> <span class='ocrx_word' id='word_1_327' title='bbox 607 2395 741 2432; x_wconf 89' lang='lat' dir='ltr'>vitium</span> <span class='ocrx_word' id='word_1_328' title='bbox 769 2395 843 2432; x_wconf 88' lang='lat' dir='ltr'>ullo</span> <span class='ocrx_word' id='word_1_329' title='bbox 872 2394 1023 2432; x_wconf 70' lang='lat' dir='ltr'>‹liccnili</span> <span class='ocrx_word' id='word_1_330' title='bbox 1056 2395 1215 2433; x_wconf 77' lang='lat' dir='ltr'>artificio</span> <span class='ocrx_word' id='word_1_331' title='bbox 1235 2395 1511 2433; x_wconf 83' lang='lat' dir='ltr'>dissimulatum</span> <span class='ocrx_word' id='word_1_332' title='bbox 1547 2394 1598 2432; x_wconf 90' lang='lat' dir='ltr'>ibi</span> 
     </span>
     <span class='ocr_line' id='line_1_36' title="bbox 136 2458 1598 2510; baseline 0 -14"><span class='ocrx_word' id='word_1_333' title='bbox 136 2460 262 2505; x_wconf 82' lang='lat' dir='ltr'>fuisse,</span> <span class='ocrx_word' id='word_1_334' title='bbox 282 2459 346 2497; x_wconf 89' lang='lat' dir='ltr'>sed</span> <span class='ocrx_word' id='word_1_335' title='bbox 387 2459 448 2496; x_wconf 86' lang='lat' dir='ltr'>vix</span> <span class='ocrx_word' id='word_1_336' title='bbox 486 2458 587 2496; x_wconf 87' lang='lat' dir='ltr'>alind</span> <span class='ocrx_word' id='word_1_337' title='bbox 635 2460 867 2497; x_wconf 77' lang='lat' dir='ltr'>transitionis</span> <span class='ocrx_word' id='word_1_338' title='bbox 899 2473 1015 2510; x_wconf 74' lang='lat' dir='ltr'>genus</span> <span class='ocrx_word' id='word_1_339' title='bbox 1048 2469 1268 2510; x_wconf 86' lang='lat' dir='ltr'>usurpatum</span> <span class='ocrx_word' id='word_1_340' title='bbox 1290 2468 1465 2510; x_wconf 80' lang='lat' dir='ltr'>putamus</span> <span class='ocrx_word' id='word_1_341' title='bbox 1485 2472 1598 2509; x_wconf 87' lang='lat' dir='ltr'>quam</span> 
     </span>
     <span class='ocr_line' id='line_1_37' title="bbox 136 2523 1597 2572; baseline -0.001 -10"><span class='ocrx_word' id='word_1_342' title='bbox 136 2525 227 2562; x_wconf 90' lang='lat' dir='ltr'>illud</span> <span class='ocrx_word' id='word_1_343' title='bbox 251 2524 361 2562; x_wconf 85' lang='lat' dir='ltr'>toties</span> <span class='ocrx_word' id='word_1_344' title='bbox 383 2524 418 2561; x_wconf 90' lang='lat' dir='ltr'>in</span> <span class='ocrx_word' id='word_1_345' title='bbox 439 2524 602 2561; x_wconf 83' lang='lat' dir='ltr'>oraculis</span> <span class='ocrx_word' id='word_1_346' title='bbox 619 2523 769 2570; x_wconf 85' lang='lat' dir='ltr'>tritum,</span> <span class='ocrx_word' id='word_1_347' title='bbox 789 2524 864 2562; x_wconf 80' lang='grc' dir='ltr'>ἀλλ’</span> <span class='ocrx_word' id='word_1_348' title='bbox 878 2524 971 2572; x_wconf 76' lang='grc' dir='ltr'>ὅταν,</span> <span class='ocrx_word' id='word_1_349' title='bbox 988 2524 1064 2563; x_wconf 84' lang='grc' dir='ltr'>ἀλλ’</span> <span class='ocrx_word' id='word_1_350' title='bbox 1075 2523 1219 2570; x_wconf 82' lang='grc' dir='ltr'>ὁπόταν,</span> <span class='ocrx_word' id='word_1_351' title='bbox 1240 2524 1331 2563; x_wconf 82' lang='grc' dir='ltr'>ἔνθεν</span> <span class='ocrx_word' id='word_1_352' title='bbox 1349 2524 1442 2572; x_wconf 83' lang='grc' dir='ltr'>ὅταν,</span> <span class='ocrx_word' id='word_1_353' title='bbox 1462 2539 1493 2562; x_wconf 80' lang='grc' dir='ltr'>κ.</span> <span class='ocrx_word' id='word_1_354' title='bbox 1509 2540 1539 2565; x_wconf 86' lang='grc' dir='ltr'>τ.</span> <span class='ocrx_word' id='word_1_355' title='bbox 1553 2525 1597 2570; x_wconf 89' lang='grc' dir='ltr'>λ.,</span> 
     </span>
     <span class='ocr_line' id='line_1_38' title="bbox 134 2580 1108 2638; baseline -0.001 -12"><span class='ocrx_word' id='word_1_356' title='bbox 134 2597 175 2626; x_wconf 90' lang='lat' dir='ltr'>ut</span> <span class='ocrx_word' id='word_1_357' title='bbox 195 2589 233 2626; x_wconf 90' lang='lat' dir='ltr'>in</span> <span class='ocrx_word' id='word_1_358' title='bbox 254 2588 401 2626; x_wconf 84' lang='lat' dir='ltr'>Bacidis</span> <span class='ocrx_word' id='word_1_359' title='bbox 423 2588 633 2638; x_wconf 76' lang='lat' dir='ltr'>fragmento</span> <span class='ocrx_word' id='word_1_360' title='bbox 655 2601 664 2626; x_wconf 76' lang='grc' dir='ltr'>ε</span> <span class='ocrx_word' id='word_1_361' title='bbox 1103 2580 1108 2584; x_wconf 73' lang='lat'>,</span> 
     </span>
     <span class='ocr_line' id='line_1_39' title="bbox 344 2650 1192 2704; baseline -0.002 -14"><span class='ocrx_word' id='word_1_362' title='bbox 344 2650 434 2690; x_wconf 79' lang='grc' dir='ltr'>Ἀλλ’</span> <span class='ocrx_word' id='word_1_363' title='bbox 451 2650 532 2689; x_wconf 78' lang='grc' dir='ltr'>ὅταν</span> <span class='ocrx_word' id='word_1_364' title='bbox 553 2650 747 2702; x_wconf 78' lang='grc' dir='ltr'>Ἀρτέμιδος</span> <span class='ocrx_word' id='word_1_365' title='bbox 766 2651 955 2702; x_wconf 77' lang='grc' dir='ltr'>χρυσάορον</span> <span class='ocrx_word' id='word_1_366' title='bbox 973 2652 1064 2704; x_wconf 71' lang='grc' dir='ltr'>ἱερὸν</span> <span class='ocrx_word' id='word_1_367' title='bbox 1086 2651 1192 2698; x_wconf 75' lang='grc' dir='ltr'>ἀκτὴν</span> 
     </span>
     <span class='ocr_line' id='line_1_40' title="bbox 343 2713 900 2767; baseline 0.002 -14"><span class='ocrx_word' id='word_1_368' title='bbox 343 2714 456 2762; x_wconf 73' lang='grc' dir='ltr'>Νηυσὶ</span> <span class='ocrx_word' id='word_1_369' title='bbox 473 2713 698 2767; x_wconf 58' lang='grc' dir='ltr'>γεφυρώσωσι</span> <span class='ocrx_word' id='word_1_370' title='bbox 711 2747 722 2764; x_wconf 90' lang='lat'><em>,</em></span> <span class='ocrx_word' id='word_1_371' title='bbox 743 2730 779 2753; x_wconf 83' lang='grc' dir='ltr'>κ.</span> <span class='ocrx_word' id='word_1_372' title='bbox 800 2731 832 2754; x_wconf 85' lang='grc' dir='ltr'>τ.</span> <span class='ocrx_word' id='word_1_373' title='bbox 848 2716 900 2765; x_wconf 83' lang='grc' dir='ltr'>λ.,</span> 
     </span>
    </p>

    <p class='ocr_par' dir='ltr' id='par_1_3' title="bbox 134 2778 956 2894">
     <span class='ocr_line' id='line_1_41' title="bbox 134 2778 840 2831; baseline 0 -14"><span class='ocrx_word' id='word_1_374' title='bbox 134 2789 171 2818; x_wconf 80' lang='lat' dir='ltr'>et</span> <span class='ocrx_word' id='word_1_375' title='bbox 185 2780 222 2818; x_wconf 91' lang='lat' dir='ltr'>in</span> <span class='ocrx_word' id='word_1_376' title='bbox 237 2781 312 2817; x_wconf 85' lang='lat' dir='ltr'>alio</span> <span class='ocrx_word' id='word_1_377' title='bbox 332 2778 501 2831; x_wconf 89' lang='lat' dir='ltr'>ejusdem</span> <span class='ocrx_word' id='word_1_378' title='bbox 523 2779 619 2816; x_wconf 86' lang='lat' dir='ltr'>vatis</span> <span class='ocrx_word' id='word_1_379' title='bbox 639 2793 840 2830; x_wconf 83' lang='lat' dir='ltr'>responso:</span> 
     </span>
     <span class='ocr_line' id='line_1_42' title="bbox 342 2842 956 2894; baseline -0.005 -12"><span class='ocrx_word' id='word_1_380' title='bbox 342 2842 433 2882; x_wconf 82' lang='grc' dir='ltr'>Ἀλλ’</span> <span class='ocrx_word' id='word_1_381' title='bbox 451 2842 578 2882; x_wconf 79' lang='grc' dir='ltr'>ὁπόταν</span> <span class='ocrx_word' id='word_1_382' title='bbox 599 2842 780 2894; x_wconf 69' lang='grc' dir='ltr'>Τιθορεὺς,</span> <span class='ocrx_word' id='word_1_383' title='bbox 801 2859 834 2882; x_wconf 81' lang='grc' dir='ltr'>κ.</span> <span class='ocrx_word' id='word_1_384' title='bbox 856 2858 889 2883; x_wconf 81' lang='grc' dir='ltr'>τ.</span> <span class='ocrx_word' id='word_1_385' title='bbox 911 2844 956 2889; x_wconf 83' lang='grc' dir='ltr'>λ.,</span> 
     </span>
    </p>
   </div>
  </div>
 </body>
</html>
