1686 3500
544 144 546 146 ’
571 134 884 182 EXCURSUS
914 133 991 180 v1.
1112 140 1115 145 ’
1429 135 1520 180 497

104 236 260 278 Plurimi
293 245 419 285 tamen
450 248 537 274 eum
562 234 625 272 illa
644 232 871 273 Antichristi
900 232 1187 284 exspectatione
1215 231 1393 271 diffusam
1421 233 1524 285 apud

47 303 149 355 ipsos
171 301 331 354 gentiles
350 301 513 342 Neronis
532 298 693 337 redituri
718 296 884 335 fabulam
903 297 1141 342 confundere
1155 297 1372 347 malebant,
1391 310 1437 336 eo
1458 298 1521 335 in-

49 367 156 407 ducti
186 367 395 419 praesertim
431 364 716 417 Apocalypseos
745 362 831 399 loeo
862 360 1137 410 celeberrimo,
1162 360 1209 400 (le
1229 361 1350 400 bestia
1376 370 1523 414 septem

50 433 175 485 capita
197 441 234 471 et
263 433 393 471 decem
417 442 564 470 cornua
591 427 786 474 habente,
815 428 926 476 cujus
948 439 1066 463 unum
1087 434 1211 477 caput
1225 427 1394 466 occisum
1414 441 1527 466 rena·

32 497 184 548 scitur,
208 497 346 549 Apoc.,
373 509 459 547 cap.
494 496 555 533 13.
587 492 710 540 Quam
728 492 890 542 figuram
912 490 1028 542 paulo
1049 498 1135 542 post
1155 489 1236 542 ipse
1255 491 1308 530 sic
1337 491 1527 544 iuterpre-

51 570 153 601 tatur
170 562 345 614 angelus,
363 559 478 611 ibid„
501 572 584 610 cap.
617 572 676 607 17,
696 570 730 596 v.
749 558 785 606 8,
804 569 891 607 sqq.
916 569 925 594 z
944 573 958 590 «
981 555 1120 603 Bestia,
1141 568 1256 606 quam
1273 555 1422 607 vidisti,
1453 559 1526 597 suit

51 645 65 662 ι
83 635 120 666 et
137 641 214 665 non
229 635 284 665 est
295 626 392 679 [sive
406 633 461 663 est
471 624 549 676 jam
561 623 669 675 quasi
688 635 764 660 non
779 620 903 673 esset],
914 629 952 659 et
966 634 1166 658 ascensura
1180 628 1237 659 est
1253 620 1302 659 de
1317 620 1471 673 abysso,
1487 632 1526 662 et

50 711 65 727 n
79 692 119 730 in
139 691 336 730 interitum
349 690 438 730 ibit.
456 717 467 729 .
483 717 492 728 .
510 690 664 741 Septem
688 687 813 739 capita
833 693 978 738 septem
998 694 1143 724 montes
1162 693 1274 735 sunt,
1294 699 1409 738 super
1432 701 1528 739 quos

50 758 218 797 «mulier
245 757 346 810 [quae
364 757 472 808 prius
497 756 576 794 visa
600 753 739 805 suerat]
765 752 893 799 sedet;
916 760 952 789 et
977 765 1084 803 reges
1112 760 1256 804 septem
1276 761 1364 790 sunt
1379 753 1434 806 [id
1452 762 1529 799 est,

49 843 63 857 ·
79 823 237 862 totidem
251 823 501 875 imperatores
517 819 712 872 Romani].
733 819 915 869 Quinque
934 817 1158 855 ceciderunt
1173 817 1398 869 [Augustus,
1411 817 1530 857 Tibe-

49 907 64 924 «
81 889 173 936 rius,
195 888 322 935 Caius,
343 887 540 933 Claudius,
556 884 687 937 Ner0],
703 897 802 922 unus
815 892 871 921 est
889 881 1057 935 [Galba],
1073 890 1110 920 et
1125 882 1221 920 alius
1236 882 1408 921 nondum
1425 885 1531 923 venit

51 972 66 987 .
82 951 216 1008 [Otho]
228 962 286 1001 ,et
302 967 387 991 cum
404 951 730 1002 venerit,0portet
743 949 851 987 illum
866 947 984 986 breve
1002 956 1151 998 tempus
1167 960 1332 986 manere.
1347 948 1395 986 Et
1408 947 1530 988 bestia

49 1037 64 1053 «ι
81 1026 259 1070 quaeerat
275 1028 315 1057 et
329 1031 406 1056 non
423 1026 480 1056 est
494 1015 640 1069 [Nero],
653 1024 692 1053 et
708 1014 791 1065 ipsa
811 1020 943 1051 octava
956 1021 1026 1062 est,
1044 1020 1082 1049 et
1103 1009 1150 1049 de
1163 1020 1307 1063 septem
1323 1012 1532 1065 est[resur·

50 1104 64 1119 α
80 1093 142 1136 get
161 1098 299 1136 nempe
315 1085 353 1122 in
366 1093 506 1122 octavo
519 1080 767 1133 Vespasiano,
781 1087 963 1130 tauquam
984 1078 1103 1115 altero
1119 1077 1302 1130 NeroneJ,
1318 1087 1356 1117 et
1372 1079 1410 1138 in
1433 1080 1532 1119 inte·

51 1169 64 1184 n
82 1150 198 1189 ritum
217 1149 321 1188 vadit
340 1148 493 1201 [nempe
511 1154 599 1199 post
616 1153 763 1184 ceteros
776 1143 975 1193 interibit}
989 1143 1035 1181 Et
1055 1141 1186 1181 decem
1203 1156 1361 1189 cornua,
1379 1146 1532 1196 quaevi-

51 1233 64 1249 τι
79 1214 187 1262 disti,
208 1214 339 1253 decem
360 1224 471 1264 reges
488 1219 577 1250 sunt
601 1210 669 1262 qui
691 1222 852 1261 regnum
872 1209 1044 1245 nondum
1066 1216 1317 1259 acceperunt,
1335 1209 1400 1248 sed
1418 1219 1531 1262 pote.

51 1298 67 1315 «
81 1287 214 1318 statem
230 1287 408 1331 tanquam
426 1290 534 1329 reges
548 1289 625 1314 una
637 1275 735 1313 hora
750 1274 941 1325 accipient
956 1281 1043 1324 post
1055 1272 1216 1311 bestiam
1232 1273 1379 1325 [decem
1394 1289 1532 1328 nempe

51 1354 168 1397 «post
187 1344 463 1397 Vespasianum
489 1343 742 1394 imperatores
762 1353 848 1377 cum
863 1338 954 1390 'ipso
982 1337 1173 1376 numerati
1197 1351 1318 1388 usque
1340 1338 1387 1376 ad
1408 1348 1534 1379 extre-

52 1423 186 1448 «mum
205 1407 477 1460 Commodum]
486 1434 602 1447 .....
615 1406 662 1444 Et
693 1405 831 1442 mulier
858 1416 973 1455 quam
999 1402 1130 1440 vidisti
1159 1411 1215 1442 est
1242 1403 1378 1443 civitas
1397 1418 1531 1457 magna

53 1493 68 1509 «ι
82 1474 247 1527 [Roma],
267 1488 352 1526 quae
368 1473 486 1512 habet
500 1485 659 1524 regnum
673 1483 790 1522 super
807 1482 912 1521 reges
929 1477 1074 1508 terrae».
1088 1468 1188 1514 Quid
1205 1467 1264 1506 his
1281 1468 1447 1519 planius,
1466 1480 1533 1510 aut

54 1539 251 1592 quomodo
275 1552 440 1591 unquam
458 1536 585 1590 potuit
602 1535 649 1574 de
666 1534 786 1573 sancti
807 1532 1003 1585 scriptoris
1024 1540 1151 1570 mente
1169 1531 1364 1572 dubitari?
1385 1534 1534 1574 Scimus

57 1615 182 1644 tamen
201 1618 271 1644 nos
291 1618 312 1643 a
332 1604 485 1655 vulgata
513 1602 699 1640 sententia
718 1598 936 1647 discedere,
959 1597 1050 1636 dum
1070 1597 1151 1635 haec
1172 1599 1297 1635 omnia
1318 1597 1390 1637 sub
1411 1599 1534 1639 Galba

58 1673 288 1724 imperatore
307 1669 399 1722 visa,
419 1667 490 1707 sub
511 1665 744 1718 Vespasiano
761 1665 903 1715 scripta
916 1663 1134 1702 credimus:
1157 1662 1195 1702 id
1211 1677 1303 1705 vero
1326 1664 1444 1704 velex
1460 1665 1534 1704 hoc

53 1736 242 1776 loco-satis
260 1744 379 1788 patet,
399 1742 435 1772 et
459 1731 633 1783 pluribus
647 1730 880 1782 argumentis
895 1728 1228 1767 demonstrabitur
1243 1728 1356 1777 infra,
1373 1743 1458 1783 cap.
1472 1732 1534 1770 32.

58 1803 156 1854 Ergo
174 1801 254 1840 lieri
271 1814 346 1838 non
365 1799 492 1851 potuit
511 1798 603 1850 quin
616 1796 693 1848 jam
715 1795 763 1834 ab
779 1795 862 1847 ipsa
880 1795 1165 1846 Apocalypseos
1180 1794 1340 1846 origine,
1358 1808 1476 1847 quum
1496 1805 1535 1836 et

55 1866 256 1920 prophetia
275 1864 402 1903 adhuc
418 1877 550 1901 recens
570 1869 668 1900 esset
687 1868 725 1899 et
739 1860 837 1898 sacta
858 1859 1035 1906 recentia,
1058 1857 1165 1896 multi
1185 1857 1359 1897 viderent
1375 1859 1412 1897 id
1429 1860 1534 1911 quod

53 1943 147 1981 erat,
161 1941 199 1970 et
217 1930 266 1969 ad
282 1932 472 1970 Neronem
494 1929 686 1966 referrent
706 1926 744 1963 id
763 1924 867 1976 quod
887 1937 1021 1961 revera
1040 1924 1088 1961 de
1108 1923 1193 1974 ipso
1219 1924 1404 1975 scriptum
1424 1935 1505 1964 erat
1524 1942 1533 1965 ε

55 2018 70 2033 ιι
89 2000 137 2038 Et
158 1998 278 2036 bestia
297 2009 383 2048 quae
398 2004 478 2034 erat
498 2003 534 2033 et
552 2007 631 2031 non
657 2000 727 2040 est,
751 2000 788 2030 et
815 1991 896 2041 ipsa
917 1998 1053 2028 octava
1072 1998 1127 2027 ost
1154 1998 1191 2027 et
1207 1989 1254 2028 de
1274 1999 1416 2042 septem
1433 2000 1502 2030 est.
1518 2009 1533 2026 u

55 2066 247 2104 Mortuum
267 2075 405 2113 nempe
424 2060 532 2098 illum
554 2058 611 2096 vel
635 2071 706 2110 pro
725 2065 875 2094 mortuo
897 2054 1065 2112 habitum
1092 2054 1327 2093 revicturum
1345 2069 1411 2094 seu
1427 2057 1534 2095 redi-

56 2136 183 2165 turum
199 2124 477 2176 intelligebant,
503 2123 712 2176 praesertim
733 2119 799 2159 ubi
821 2121 945 2158 locum
968 2119 1070 2157 hunc
1087 2118 1337 2158 conserebant
1356 2134 1442 2159 cum
1460 2122 1535 2161 alio

55 2192 268 2244 superiore,
289 2204 374 2242 cap.
398 2190 460 2237 13,
482 2202 518 2229 v.
542 2191 592 2228 3:
616 2206 631 2221 a
653 2188 701 2226 Et
721 2186 802 2224 vidi
827 2199 943 2224 unum
964 2184 1011 2223 de
1026 2183 1218 2237 capitibus
1239 2185 1317 2224 suis
1335 2186 1444 2237 quasi
1464 2200 1536 2242 oc-

56 2273 71 2289 ‹=
88 2256 208 2294 cisum
227 2254 266 2291 in
286 2260 468 2300 mortem,
482 2260 520 2289 et
549 2251 658 2301 plaga
681 2249 816 2287 mortis
837 2248 918 2299 ejus
932 2256 1064 2285 curata
1085 2255 1140 2284 est
1162 2266 1189 2295 u,
1210 2261 1252 2285 ac
1275 2249 1391 2299 paulo
1411 2249 1534 2298 insi-a,

56 2333 95 2359 v.
131 2323 174 2363 14
197 2332 205 2355 ς
230 2335 244 2351 n
264 2317 314 2356 Ut
343 2315 481 2354 faciant
513 2315 715 2366 imaginem
744 2312 876 2351 bestiae
904 2326 988 2363 quae
1021 2310 1135 2350 habet
1164 2312 1316 2363 plagam
1349 2313 1464 2364 gladii
1494 2324 1533 2354 et

56 2400 71 2416 οι
92 2382 199 2421 vixit.
214 2399 229 2415 υ
246 2382 341 2427 Quae
357 2379 488 2418 omnia
503 2378 550 2417 de
570 2380 723 2418 Nerone
744 2377 900 2428 scripta,
917 2385 958 2414 ut
972 2375 1150 2423 diximus,
1165 2376 1388 2427 accipienda
1409 2386 1532 2416 tamen

55 2455 163 2486 erant
183 2447 230 2484 de
251 2447 404 2486 Nerone
424 2444 536 2482 simul
554 2452 590 2481 et
611 2442 657 2481 de
678 2442 925 2494 Vespasiano,
949 2450 1126 2492 tanquam
1149 2454 1251 2479 novo
1271 2443 1442 2491 Nerone,
1468 2446 1535 2495 qui

57 2512 196 2551 bellum
215 2510 395 2549 adversus
411 2509 565 2549 Judaeos
585 2508 746 2548 Neronis
763 2506 940 2558 auspiciis
960 2506 1172 2557 inceptum,
1192 2505 1270 2543 suis
1291 2506 1536 2546 confecturus

58 2585 166 2615 esset.
182 2578 278 2615 Vere
291 2585 449 2614 octavus
466 2575 675 2626 imperator
690 2573 753 2610 ille
772 2572 842 2609 suit
857 2571 1014 2623 (omisso
1028 2571 1192 2619 Vitellio,
1210 2571 1275 2622 qui
1292 2572 1414 2610 necin
1425 2573 1533 2624 Syria

59 2656 127 2680 nec
147 2642 184 2680 in
208 2642 373 2694 AEgypto
392 2641 576 2679 salutatus
591 2639 744 2689 fuerat),
758 2647 794 2676 et
807 2651 895 2676 vere
912 2636 1042 2675 decem
1060 2649 1193 2688 regum
1208 2637 1345 2676 seriem
1362 2651 1534 2690 magnam

61 2708 299 2759 (Flaviorum
329 2721 468 2759 nempe
497 2715 534 2744 et
560 2703 867 2756 Antoninorum)
905 2704 1131 2754 incepturus
1159 2702 1403 2755 praedicitur,
1435 2704 1535 2744 sicut

60 2782 197 2812 eventu
219 2774 353 2826 patuit.
380 2774 422 2811 ln
450 2773 523 2811 illis
542 2781 668 2810 autem
688 2770 816 2809 decem
839 2768 993 2820 regibus
1015 2768 1189 2806 consistit
1216 2782 1322 2807 sacer
1355 2777 1476 2818 vate5‚
1495 2779 1534 2809 et
1588 2763 1593 2769 ¹

61 2840 183 2878 statim
214 2838 262 2876 ad
285 2847 454 2877 extrema
485 2837 616 2876 mundi
637 2845 810 2887 tempora
838 2834 1023 2882 transilit,
1052 2834 1232 2885 quonian:
1257 2842 1343 2885 post
1368 2835 1534 2874 Antoni·

190 2906 275 2950 111.
476 2908 479 2912 ’
1313 2898 1368 2944 32
