1737 3495
181 221 288 267 --320
579 219 658 262 AD
690 217 1036 262 SlBYLLlNOS
1072 214 1284 259 LIBROS

183 316 306 367 ,hujus
329 315 427 365 loci,
448 323 488 353 et
515 322 640 353 cetera
668 328 754 366 quae
780 315 908 354 adhuc
939 327 960 351 a
994 311 1105 350 nobis
1124 311 1299 362 exposita
1320 318 1435 360 sunt,
1456 311 1505 348 in.
1523 314 1664 354 nullum

193 380 327 418 melius
347 391 462 430 quam
491 378 529 416 in
546 379 726 417 Antiochi
756 388 793 416 et
810 376 1115 418 Machubaeorum
1138 383 1289 425 tempus
1308 374 1526 415 convenire.

245 445 421 484 Ceterum
451 456 499 481 ne
522 452 658 481 auctor
681 443 834 494 quidem
866 442 1000 480 hurum
1021 440 1187 491 partium
1208 440 1256 477 de
1282 447 1391 476 oetate
1417 451 1483 476 sun
1502 439 1667 483 dubitari

192 509 327 548 voluit.
351 507 435 546 Non
457 508 557 545 euim
583 508 699 546 inodo
717 507 919 559 septimum
936 505 1092 557 AEgypti
1115 518 1243 555 regem
1269 502 1328 541 bis
1349 503 1575 555 designavit,
1602 509 1664 545 sed

191 562 229 610 et
246 585 434 610 annorum
454 573 761 624 supputationem
781 570 948 617 addidit,
967 583 1085 620 quum
1105 582 1256 618 nempe,
1275 568 1595 617 adiudicandum,
1615 572 1664 610 uti

192 637 372 685 diximus,
395 637 565 688 prosanae
599 637 701 687 apud
731 637 887 675 Graecos
917 633 1112 685 religionis
1143 633 1346 684 originem,
1380 633 1434 671 ita
1469 632 1660 685 scriberet,

194 715 229 743 v.
252 702 343 747 551,
360 715 444 753 sqq.
467 715 477 741 :

349 765 455 804 Χίλια
471 766 501 804 δ’
517 764 586 803 ἔστ’
607 763 683 802 ἔτεα
700 763 759 802 καὶ
777 762 872 801 πένο’
887 763 1111 806 ἑκατοντάδες
1124 762 1248 808 ἄλλαι,

353 830 413 876 Ἰίξ
432 824 471 869 οὗ
490 829 530 876 δὴ
549 828 760 880 paestanum
777 827 985 881 ὑπερφίαλοι
1005 827 1171 878 βασιλῆες

347 894 541 941 Ἑλλήνων,
560 893 593 932 οἳ
611 896 734 945 πρῶτα
753 895 888 946 βροτοῖς
907 892 1000 930 κακὰ
1018 891 1271 943 ἡγεμόνευσαν,

347 958 469 998 Πολλὰ
489 960 574 996 θεῶν
597 957 725 997 εἴδωλα
738 986 750 1004 ,
772 972 805 996 κ.
825 972 858 996 τ.
873 957 908 995 λ.

190 1025 341 1077 Quippe
353 1023 431 1075 jam
452 1023 542 1060 olim
563 1022 848 1069 annotavimus,
871 1021 901 1060 si
924 1034 946 1060 n
967 1020 1099 1059 mediis
1120 1020 1413 1060 Ptolemaeorum
1436 1019 1662 1071 temporibus

190 1090 277 1128 anni
297 1089 400 1126 mille
418 1088 615 1139 quingenti
649 1088 904 1133 deducantur,
930 1095 1066 1138 sponte
1085 1085 1202 1124 incidi
1227 1085 1264 1123 in
1286 1085 1448 1136 Argivos
1469 1098 1574 1135 reges
1594 1085 1662 1125 Ce-

189 1168 305 1206 crope
336 1153 572 1203 antiquiores
601 1161 638 1191 et
668 1153 704 1190 in
733 1161 905 1203 tempora
941 1164 1043 1189 merc
1073 1150 1267 1200 sabulosa,
1297 1149 1344 1187 ud
1374 1162 1458 1200 quae
1474 1150 1661 1200 gentilium

188 1217 347 1256 deorum
368 1217 551 1267 originem
576 1216 709 1254 referri
727 1217 826 1254 ratio
845 1214 993 1254 suadet.
1013 1216 1079 1254 Sin
1099 1222 1225 1252 antem
1254 1227 1329 1250 non
1355 1213 1423 1251 illo
1443 1227 1525 1251 aevo
1541 1227 1662 1253 versus

189 1283 226 1320 hi
256 1281 386 1333 scripti
415 1281 577 1324 suerint.
596 1280 660 1319 sed
675 1289 715 1318 ut
743 1290 870 1318 cetera
898 1281 1081 1332 pleraque
1120 1279 1308 1330 Sibyllina
1336 1278 1469 1330 primis
1495 1279 1663 1318 Ecclesiae

188 1347 352 1394 saeculis,
371 1345 524 1384 deducti
550 1344 635 1383 inde
663 1346 736 1384 Mt)
757 1345 846 1383 anni
868 1343 1095 1395 cadentjum
1118 1344 1155 1381 in
1185 1352 1334 1381 :etatem
1367 1342 1579 1394 proximum
1607 1344 1661 1382 hi-

187 1410 338 1449 storicis
362 1409 621 1462 temporibus,
641 1410 973 1460 recentioreuiquc
997 1421 1122 1459 -quain
1151 1408 1210 1446 cui
1246 1407 1444 1458 gentilium
1477 1422 1661 1447 sacrorum

188 1476 298 1527 origo
326 1475 507 1526 assignari
529 1475 660 1526 possit.
683 1474 784 1521 Quid
807 1474 924 1524 igitur
950 1482 1128 1525 putemus
1143 1472 1219 1510 nisi
1240 1472 1356 1510 fuisse
1371 1473 1450 1523 jum
1472 1472 1661 1510 Philome-

190 1540 280 1577 toris
300 1538 536 1591 temporibus
563 1538 719 1577 Judaeos
756 1537 995 1577 Alexandrian
1015 1551 1091 1575 non
1113 1537 1336 1587 illiteratos,
1362 1550 1486 1587 neque
1512 1538 1661 1575 omnino

190 1606 356 1642 metricae
385 1604 437 1642 rei
467 1604 685 1654 imperitos,
704 1616 868 1653 quorum
890 1603 1051 1653 aliquis,
1080 1602 1210 1640 andita
1237 1602 1372 1655 patriae
1406 1615 1483 1640 suae
1514 1602 1661 1642 calami-

189 1677 265 1706 tate
280 1681 364 1719 quae
391 1665 463 1705 sub
490 1666 681 1704 Antiocho
703 1667 905 1718 Epiphane
928 1675 1122 1705 exarserat
1139 1696 1149 1716 ,
1171 1680 1259 1705 suos
1278 1679 1366 1717 erga
1389 1667 1508 1704 Deum
1529 1680 1572 1704 ac
1600 1680 1662 1717 pa-

188 1733 298 1770 trium
332 1732 493 1770 affectus
518 1731 555 1769 in
582 1731 653 1769 hos
679 1745 810 1769 versus
842 1732 1036 1770 effuderit.
1058 1732 1192 1770 Statim
1214 1732 1428 1779 succurrit,
1465 1745 1574 1782 posse
1602 1732 1662 1769 hos

189 1798 408 1838 Aristobulo
427 1798 561 1837 Judaeo
581 1797 716 1844 tribui,
743 1812 854 1849 quein
879 1798 1089 1849 livet-getae,
1110 1797 1235 1836 fratris
1255 1796 1550 1841 Philometor-is,
1576 1809 1662 1848 prae-

186 1872 381 1915 ceptorem
410 1861 523 1901 fuisse
546 1875 755 1914 magnaque
772 1862 872 1914 apud
893 1863 994 1901 cives
1014 1875 1103 1900 suos
1122 1863 1242 1914 gratia
1264 1862 1436 1900 floruisse
1455 1870 1600 1899 constat
1622 1873 1661 1899 ex

186 1929 346 1980 epistola
383 1929 537 1980 praelixa
564 1928 873 1967 Machubaeorum
899 1927 999 1966 libro
1019 1928 1079 1976 ll,
1103 1941 1187 1979 cap.
1213 1928 1247 1975 l,
1268 1941 1307 1967 v.
1334 1942 1403 1976 xo,
1434 1941 1516 1979 sqq.
1544 1929 1659 1974 Quum

187 1994 298 2032 etiam
319 1994 461 2031 citetur
482 1992 652 2043 ejusdem
684 1992 894 2032 Aristobuli
915 1992 1010 2031 liber
1029 1992 1076 2030 ad
1105 1993 1403 2032 philometorem
1418 2023 1428 2041 ,
1450 1993 1610 2044 scriptus
1628 1992 1659 2029 in

186 2060 374 2098 honorem
394 2059 534 2098 Jmlaeae
549 2059 694 2110 gentis,
728 2059 903 2097 laudatus
926 2072 1018 2097 vcro
1040 2074 1059 2097 a
1081 2059 1277 2097 Clemente
1299 2060 1406 2098 Alex.
1432 2060 1552 2097 stom.
1580 2059 1608 2105 l,
1628 2066 1660 2095 et

187 2124 236 2162 ab
259 2124 420 2164 Eusebio
448 2125 571 2175 Praep.
608 2124 673 2163 Ev.
710 2123 774 2162 lib.
804 2123 905 2171 Vlll,
930 2138 1014 2175 cap.
1039 2138 1088 2175 9,
1109 2113 1176 2175 qiii
1201 2122 1316 2162 umbo
1338 2123 1520 2161 nonnulla
1545 2136 1590 2161 ex
1620 2134 1659 2159 eo

188 2189 405 2241 proferunt,
431 2189 548 2240 inque
566 2188 611 2226 iis
641 2188 731 2227 salsa
750 2189 896 2240 Orphei
918 2190 1129 2240 sragnwuta
1152 2189 1295 2239 pariter
1313 2188 1457 2227 Judaeis
1484 2187 1656 2232 faventia,

188 2263 396 2306 aperteque
423 2252 600 2291 coulicta.
621 2253 766 2300 Quidni
798 2253 915 2304 igitur
936 2253 1136 2304 Sibyllinae
1158 2267 1314 2304 qnoque
1337 2252 1575 2291 confictionis
1601 2264 1659 2288 su·

188 2327 338 2370 spectus
359 2317 456 2355 idem
478 2316 695 2355 habeatur?
712 2316 825 2363 Quod
847 2317 960 2355 etium
993 2316 1102 2355 nobis
1143 2317 1332 2368 placeret,
1353 2317 1424 2354 nisi
1448 2315 1495 2354 dc
1519 2315 1658 2354 Aristo-

188 2382 280 2421 bulo
298 2382 377 2432 illo,
399 2382 435 2420 in
454 2395 568 2433 quein
591 2381 829 2420 Valckenarii
849 2383 1039 2433 exquisita
1058 2391 1114 2420 est
1131 2382 1360 2427 dissertatio,
1379 2395 1569 2432 quemque
1588 2393 1660 2417 om·

192 2457 256 2486 nes
275 2462 360 2485 cuin
386 2447 551 2486 Eusebio
573 2446 844 2498 philosophum
867 2448 1159 2499 peripateticum
1181 2447 1349 2494 fuciunt,
1371 2449 1489 2485 altum
1518 2455 1658 2484 cetero-

190 2517 282 2564 quin
309 2521 404 2550 esset
432 2512 670 2563 antiquitatis
698 2513 914 2560 silentium,
938 2525 983 2550 ac
1016 2512 1086 2550 nisi
1112 2525 1202 2550 vero
1237 2513 1358 2550 simile
1388 2520 1503 2557 esset,
1533 2510 1659 2549 librum

191 2577 258 2627 qui
275 2576 458 2615 Clementi
488 2585 525 2613 et
559 2575 723 2614 Eusebio
754 2578 881 2614 sucum
918 2577 1025 2623 fecit,
1060 2577 1181 2614 serius
1200 2576 1249 2613 ab
1279 2577 1408 2627 aliquo
1441 2576 1576 2616 Judaeo
1597 2573 1660 2611 snb
1704 2613 1709 2618 ,

191 2641 274 2692 ejus
310 2641 463 2679 nomine
489 2641 729 2692 suppositum
760 2655 852 2680 esse.
887 2643 982 2688 Quae
1013 2642 1112 2678 enim
1138 2650 1240 2679 tanta
1275 2641 1404 2679 suisset
1435 2641 1516 2692 ejus
1546 2641 1661 2690 impu-

191 2706 336 2753 dentia,
357 2713 398 2742 ut
418 2705 475 2741 v'n·
495 2705 532 2741 in
555 2705 640 2742 aula
661 2707 868 2756 gratiosus,
891 2714 930 2743 ct
952 2705 1110 2744 sortasse
1127 2706 1292 2743 duorum
1313 2706 1502 2757 regiorum
1527 2703 1661 2756 princi-

191 2783 306 2822 pum,
334 2769 445 2806 unins
468 2777 571 2806 certe
603 2770 795 2820 magister,
830 2771 936 2808 lictos
965 2784 983 2807 a
1005 2784 1043 2808 se
1075 2783 1206 2808 versus
1231 2783 1274 2808 ac
1304 2770 1412 2808 facile
1446 2769 1587 2808 fraudis
1606 2780 1661 2804 zu·-

192 2833 380 2886 guendos,
413 2832 485 2870 sub
514 2840 619 2870 tanto
647 2834 794 2885 Orphei
832 2835 986 2872 nominc
1017 2833 1200 2873 adversus
1232 2834 1425 2886 publicam
1453 2834 1660 2884 religionem

193 2899 377 2950 scriptos,
408 2897 487 2948 regi
523 2911 566 2935 ac
599 2898 760 2937 sortasse
789 2899 978 2951 discipulo
1010 2910 1085 2949 suo·
1111 2901 1289 2947 offerret,
1321 2899 1464 2938 oblitus
1500 2897 1661 2935 videlicet
