1686 3500
587 193 589 197 Α
644 156 948 204 exemistis
976 159 1032 204 V.
1346 220 1349 222 q
1489 161 1580 207 353

273 251 527 305 Σπασσᾶμενος
544 252 714 305 μεγάλως.
735 252 861 307 ἑτέροις
884 253 1003 293 δώσειε
1024 254 1216 302 πάσασθαι,

269 314 385 355 Ὥστε
407 321 528 369 φαγεῖν
545 315 675 368 σᾶρὲας
696 316 824 368 γονέων
842 320 1010 370 βασιλῆας
1031 318 1214 370 ἀθέσμους»

120 386 203 431 Quo
219 380 266 419 de
286 381 370 419 loco
388 395 464 420 non
484 390 540 419 est
558 380 620 419 hic.
641 382 771 421 multis
790 384 996 434 agendum,
1013 383 1103 435 quia
1118 381 1250 422 rursus
1268 385 1582 439 commodiusque

120 445 343 485 discutietur
362 445 570 496 infra,cap.
593 458 649 497 sq.

167 509 326 560 Scripsit
353 509 471 559 igitur
503 509 643 547 Noster
674 508 795 548 tribus
826 510 1107 562 imperantibus
1138 511 1368 550 Antoninis:
1399 526 1500 564 ergo,
1531 514 1584 553 uti

114 576 188 626 jam
208 572 386 621 diximus,
407 572 750 624 postconsulatum
779 575 942 625 primum
968 575 1010 614 ¹⁴.
1030 575 1119 613 Veri
1149 583 1185 614 et
1211 583 1298 613 ante
1317 562 1378 614 Pii
1401 586 1581 626 mortem;

117 650 204 689 ergo
228 637 327 675 inter
350 649 469 675 annos
496 637 566 682 154
589 646 626 676 et
646 638 730 677 161.

165 702 236 742 Sed
253 702 407 753 quidam
437 702 693 741 differendum
712 712 945 755 putaverunt
971 703 1088 755 liujus
1108 703 1193 743 libri
1222 713 1347 743 ortum
1373 706 1482 744 annis
1507 706 1586 745 sere

119 768 275 819 triginta,
292 776 454 819 propter
473 767 566 806 illud
583 767 630 806 de
646 768 834 807 exstincto
852 769 937 820 igne
953 770 1085 817 Vestae,
1104 782 1142 809 v.
1160 770 1248 820 394,
1269 782 1375 822 sqq.:

267 831 396 870 Οὐκέτι
413 831 481 884 γὰρ
497 832 591 885 παρὰ
610 837 682 870 σεῖο
701 830 740 870 τὸ
758 835 819 880 τ’ἦς
835 830 1111 886 φιλοθρὲμμονος
1125 831 1209 880 ὕλης

268 896 483 947 Παρθενικαὶ
498 899 621 950 κοῦραι
638 899 706 949 πῦρ
730 894 843 934 ἔνθεον
860 895 1078 949 εὑρήσουσιν.

266 958 461 999 Ἔσὸεσται
479 960 574 1014 παρὰ
591 966 662 999 σεῖο
680 960 790 999 πάλαι
808 959 1048 1011 πεποθημένος
1067 953 1161 1007 οἶκος
1171 990 1184 1008 ,

265 1023 392 1063 ‘liviam
410 1024 566 1077 δεύτερον
585 1019 675 1063 εἶδον
691 1023 760 1077 ἐγὼ
781 1023 1005 1079 ῥιπτούμενον
1023 1018 1133 1076 οἶκον,
1206 1021 1208 1023 ’

267 1083 377 1128 Οἶκον
393 1089 445 1128 ἀεὶ
461 1089 632 1128 θάλλοντα
649 1121 660 1141 ,
677 1105 710 1129 κ.
729 1105 763 1130 τ.
784 1091 818 1129 λ.

116 1154 223 1202 Quod
242 1153 305 1192 isti
327 1155 520 1205 pertinere
541 1154 719 1194 arbitrati
750 1163 840 1193 sunt
865 1155 912 1193 ad
935 1147 1153 1194 incendium
1187 1156 1317 1208 templi
1340 1157 1495 1207 Vestae,¹
1511 1156 1585 1196 sub

115 1218 324 1259 Commodo
345 1220 502 1266 sactum,
523 1228 616 1258 teste
636 1219 882 1268 Herodiano,
900 1220 939 1268 1,
959 1216 1172 1271 §45,'anno
1189 1221 1268 1267 sene
1283 1230 1371 1273 post
1390 1221 1479 1262 Chr.
1500 1235 1586 1273 ¹9¹·

117 1286 201 1323 item
221 1283 344 1329 istud,
362 1297 397 1324 v.
416 1283 504 1330 305,
523 1298 577 1335 sq.
602 1298 611 1321 ε

265 1345 369 1393 Ἥξει
389 1346 454 1402 γὰρ
475 1348 534 1387 καὶ
552 1347 699 1401 Σμύρνα
717 1347 771 1387 ἑὸν
789 1348 959 1388 κλαίουσα
981 1347 1166 1403 Σάμαρνον

267 1413 330 1456 Εἰς
347 1412 512 1466 Ἐφέσοιο
528 1413 662 1461 πύλας,
686 1429 722 1452 κ.
743 1428 779 1454 τ.
805 1414 839 1452 λ.
854 1442 865 1462 ,

116 1476 265 1528 quidam
286 1486 372 1515 ante
393 1490 477 1523 nos,
498 1486 535 1515 et
551 1491 620 1516 nos
647 1478 718 1530 ipsi
739 1478 943 1530 aliqnando
966 1478 1112 1517 referre
1133 1479 1360 1528 volebamus
1375 1479 1424 1518 ad
1448 1473 1586 1532 ingen·-¹

117 1552 183 1580 tem
200 1542 372 1592 Smyrnae
394 1543 648 1581 calamitatem
669 1544 759 1581 anni
776 1552 862 1595 post
875 1544 967 1584 Clir.
989 1545 1075 1592 178,
1092 1544 1138 1583 de
1156 1558 1231 1596 qua
1243 1545 1360 1583 multa
1373 1544 1475 1596 apud
1495 1544 1580 1584 Ari-

116 1607 255 1655 stidem,
269 1607 393 1646 Serm.
410 1607 490 1655 XX,
505 1621 587 1659 sqq.
604 1616 641 1646 et
657 1608 778 1648 serm.
793 1622 888 1647 sacr.
910 1609 985 1656 111,
1008 1608 1072 1647 ubi
1090 1609 1171 1648 liaec
1186 1610 1285 1648 inter
1308 1610 1379 1649 alia
1395 1625 1403 1648 :
1421 1608 1579 1664 Ἐφέσιοι

115 1670 166 1709 καὶ
189 1673 380 1724 Σμυρναῖοι
395 1671 481 1723 πρὸς
497 1672 666 1719 ἀλλήλους
684 1673 774 1712 ἔθεον
796 1673 1039 1726 θορυῧούμενοι
1059 1689 1068 1714 :
1090 1675 1224 1713 confer
1243 1684 1373 1713 notata
1393 1674 1439 1713 ad
1462 1674 1502 1716 h.
1528 1674 1552 1713 l.

161 1736 229 1775 Sed
251 1737 359 1788 prior
377 1737 486 1776 locus
504 1737 552 1776 de
574 1737 717 1790 templo
737 1738 857 1776 Vestae
875 1738 1042 1790 pertinet
1060 1738 1108 1777 ad
1134 1739 1292 1778 Neronis
1314 1747 1484 1791 tempus,
1500 1752 1578 1791 quo

114 1802 202 1840 aedes
231 1803 295 1841 illa
327 1817 413 1841 cum
443 1804 589 1855 reliqua
619 1804 714 1842 urbe
733 1804 1006 1855 conflagravit,
1044 1803 1145 1842 a‘nno
1176 1805 1246 1852 643
1274 1813 1312 1844 et
1335 1818 1413 1855 quo
1439 1805 1579 1844 Noster

113 1867 227 1918 ignem
254 1881 408 1918 quoque
441 1869 561 1907 Vestae
590 1869 817 1907 exstinctum
846 1869 968 1914 canit,
1002 1868 1097 1907 nihil
1129 1869 1203 1907 tale
1230 1868 1402 1908 tradente
1422 1870 1578 1918 Tacito,

114 1932 205 1971 Anu.
225 1931 304 1983 XV,
325 1932 346 1982 §
370 1939 433 1983 4¹,
454 1932 519 1971 sed
545 1932 766 1981 itajubente
784 1931 989 1983 Sibyllistae
1010 1932 1190 1970 adversus
1209 1932 1398 1970 Romanos
1415 1932 1517 1980 odio,
1537 1942 1579 1972 ut

114 1997 198 2034 illud
226 1998 353 2035 nomm
382 1997 493 2034 fatale
513 2010 624 2035 omen
646 1997 951 2048 conjungeretur
975 2009 1061 2034 cnm
1085 1996 1217 2046 templi
1246 1996 1579 2047 Hierosolymitani

114 2060 294 2101 incendio.
317 2061 547 2099 lllumeuim
569 2060 724 2114 δεύτερον
742 2059 966 2115 ῥιπτούμενον
987 2054 1079 2099 οἶκον
1097 2060 1266 2112 intellige
1286 2060 1334 2099 de
1359 2061 1577 2100 Judaeorum

115 2126 247 2176 templo
271 2126 410 2165 iterum
442 2135 529 2178 post
551 2126 723 2177 Assyrios
752 2139 772 2163 a
791 2125 969 2163 Romanis
999 2138 1193 2172 eversum,
1219 2138 1333 2176 quam
1351 2125 1495 2163 cladem
1518 2122 1579 2164 Si-

115 2187 204 2238 bylla
226 2190 363 2229 iterum
388 2205 427 2229 se
451 2190 571 2228 oculis
582 2190 718 2228 vidisse
747 2190 818 2236 ait,
847 2190 992 2241 quippe
1008 2189 1327 2242 πολυχρονιωτάτη.
1349 2189 1460 2238 Quod
1480 2189 1510 2228 si
1530 2190 1598 2228 de'

114 2254 280 2293 incendio
301 2255 500 2294 Commodi
526 2255 763 2307 temporibus
786 2256 888 2293 sacto
912 2268 1013 2293 nunc
1033 2264 1227 2306 ageretur,
1254 2268 1459 2294 commune
1483 2255 1576 2294 nibil

117 2331 196 2357 sane
215 2320 285 2358 hoc
303 2320 462 2359 liaberet
478 2334 564 2358 cum
584 2320 761 2359 inccndio
782 2321 1130 2371 ”ierosolymitano
1150 2322 1260 2359 annis
1279 2321 1470 2360 anteriore
1488 2335 1578 2369 cxx,

115 2395 152 2419 ar
172 2397 215 2421 ne
231 2398 314 2422 cum
334 2384 465 2436 templi
483 2384 635 2435 quidem
659 2383 860 2422 ruderibus
877 2383 926 2422 ab
951 2383 1120 2423 Adriano
1141 2383 1330 2423 subversis
1350 2394 1438 2423 ante
1457 2398 1577 2423 annos

116 2446 184 2485 sere
204 2462 274 2486 nvi.
297 2450 420 2487 Porro
448 2448 513 2499 qui
534 2448 582 2486 de
608 2448 821 2486 Commodo
841 2448 919 2502 llaec
940 2448 1252 2499 interpretantur,
1271 2462 1425 2488 necesse
1445 2457 1501 2488 est
1528 2448 1576 2488 de

115 2510 173 2547 illo
196 2512 362 2563 principe
389 2513 572 2562 scriptum
595 2520 730 2562 putent
750 2512 844 2550 illud
864 2525 1020 2562 quoque
1035 2525 1163 2564 supra,
1181 2526 1215 2550 v.
1235 2512 1278 2550 51
1301 2527 1310 2549 :

262 2575 305 2615 'O
325 2575 360 2614 δὲ
376 2576 533 2629 τρίτατος
553 2577 648 2629 σφῶν
667 2575 729 2629 ὀψὲ
754 2575 943 2628 κρατήσει,

117 2647 152 2674 nt
167 2638 236 2689 jain
258 2649 331 2679 tres
351 2641 555 2688 Antonini,
580 2642 647 2692 qui
665 2642 776 2679 simul
796 2641 993 2692 regnaturi
1010 2639 1248 2679 canebantur
1261 2670 1271 2688 ,
1293 2645 1382 2693 τρεῖς
1401 2639 1576 2691 ἄρξουσιν,

118 2715 187 2739 non
207 2704 312 2742 simul
336 2718 535 2757 regnasse,
564 2705 630 2744 sed
653 2705 726 2743 sibi
748 2706 974 2744 successisse
999 2713 1242 2752 censeantur,
1265 2713 1409 2743 mutata
1440 2704 1577 2744 verl)0-.

116 2776 190 2802 rum
211 2769 414 2818 sententia,
440 2778 477 2807 et
497 2770 636 2807 omisso
658 2769 701 2809 L.
732 2769 818 2808 Veri
849 2769 1083 2821 principatu.
1106 2770 1196 2807 Esto
1220 2778 1365 2807 tamen:
1387 2777 1426 2806 at
1445 2769 1498 2805 sic
1519 2769 1576 2807 sa-

56 2877 64 2885 ·
118 2836 231 2868 temur
255 2832 495 2884 minimejam
518 2848 536 2872 a
561 2833 672 2872 nobis
693 2834 776 2885 capi
799 2848 909 2886 posse
928 2834 1013 2872 illos
1033 2848 1148 2885 supra
1170 2843 1402 2872 memoratos
1422 2847 1573 2881 versus,

269 2903 337 2949 lll.
1353 2904 1412 2950 23
