1752 3495
221 169 310 214 ⁴90
365 163 367 166 ’
602 170 681 213 ΑΙ)
715 169 1063 214 SlBYLLINOS
1100 169 1308 214 LIBROS

219 267 307 305 libri
323 275 475 318 oportet
494 274 580 305 aute
593 267 814 306 Stilichonis
833 281 958 306 veram
980 267 1158 306 falsamve
1176 268 1444 318 proditionem,
1465 254 1503 309 id
1517 283 1582 320 est,
1596 290 1670 317 am„

217 343 349 381 pacem
369 343 455 368 cum
480 330 661 369 'Alaricho
680 331 815 369 saetam
832 344 933 369 anno
949 330 997 368 ad
1014 343 1202 368 summum
1223 337 1309 378 407.
1327 332 1375 371 Ut
1392 341 1434 370 ut
1447 334 1507 381 sit,
1520 337 1670 382 abolitos

216 394 330 432 fuisse
349 407 502 432 necesse
517 404 600 452 est,
627 396 814 446 simulque
839 408 1085 447 suppressum
1112 395 1452 446 quimlecimvirale
1469 399 1667 454 collegium,

215 458 314 496 inter
327 472 448 496 annos
464 464 536 505 404
553 469 591 497 et
606 462 692 507 408,
706 469 904 512 postquam
923 473 943 497 a
960 460 1174 511 'ran-quinio
1193 460 1372 510 Superbo
1390 461 1549 511 primum
1564 480 1603 503 ea
1619 482 1668 508 re-

217 521 307 572 ligio
327 521 480 560 condita
501 531 604 570 erat,
624 523 732 561 annis
749 522 948 573 plusquam
967 523 1184 572 nongentis.

266 585 460 624 Credibile
475 596 532 624 est
553 587 690 625 sactum
710 587 783 624 hoc
798 595 931 624 contra
954 595 1106 624 senatus
1122 595 1230 643 vota,
1253 587 1410 624 ll‹›n0rii
1434 590 1663 642 potiusjussu

213 663 326 700 quam
336 650 570 702 Stilichonis,
582 652 648 702 qui
662 665 730 702 per
744 651 871 688 decem
887 664 1006 688 annos
1029 652 1258 689 toleraverat
1275 651 1376 689 intra
1388 654 1502 690 curiae
1522 658 1665 705 parietes

211 714 316 752 eludi
332 728 554 766 supremum
572 715 778 752 Theodosii
792 714 974 763 edictum,
993 729 1071 752 non
1089 728 1243 766 paganae
1262 715 1453 765 religionis
1470 730 1592 758 amore
1611 733 1663 761 aut

211 792 277 829 spe
295 778 376 829 ejus
394 779 599 830 aliquando
619 778 863 817 restituendae
884 780 973 830 (quo
996 779 1156 817 erimine
1177 778 1278 830 apud
1308 780 1543 818 Christianos
1569 799 1662 834 quos.

210 843 295 880 dam
318 842 524 893 scriptores
540 870 551 886 ,
572 842 748 881 Orosium
778 843 987 893 praesertim
1007 842 1071 880 lib.
1096 843 1183 889 Vll,
1208 856 1294 893 cap.
1327 844 1388 888 33,
1417 844 1597 884 immerito
1617 850 1660 887 la-

212 906 361 957 horat),
379 907 443 945 sed
464 920 512 945 ne
531 907 649 944 initiis
667 907 757 944 novi
775 907 1012 958 principatus
1033 907 1184 945 obesset
1211 906 1437 945 nobilissimi
1457 909 1598 949 ordinis
1616 914 1663 950 in-

209 970 326 1010 vidia.
347 971 488 1010 Adulto
506 984 635 1022 regno,
654 970 826 1009 sublatus
840 980 896 1009 est
917 979 1057 1018 metus;
1073 980 1110 1009 et
1124 971 1321 1010 adnitente
1339 971 1436 1022 (quis
1448 973 1547 1010 enim
1567 975 1660 1015 dubi.

212 1044 264 1073 tet
278 1036 309 1088 ?)
324 1036 625 1075 Christianorum
641 1037 746 1082 odio,
766 1045 1070 1074 consummatum
1082 1036 1232 1074 tandein
1254 1037 1416 1074 estillud
1435 1039 1658 1081 novissimum

209 1113 365 1151 paganae
382 1100 576 1151 religionis
590 1100 858 1152 opprobrium.
877 1103 962 1148 Quo
978 1101 1135 1139 sortasse
1153 1099 1380 1152 respiciebat
1396 1103 1565 1141 Aurelius
1581 1106 1658 1144 Pru.

208 1164 385 1214 dentius,
414 1178 531 1215 quum
549 1165 648 1202 inter
667 1165 821 1202 oracula
842 1173 927 1216 post
946 1165 1084 1204 Christi
1109 1165 1316 1203 adventum
1338 1174 1464 1203 tacere
1481 1166 1597 1216 jussa,
1613 1171 1658 1209 Si.

207 1228 319 1279 byllae
348 1242 504 1279 quoque
530 1227 647 1266 libros
672 1238 709 1267 et
730 1229 918 1267 Cumanas
947 1237 1068 1267 sortes
1094 1238 1333 1276 recenseret,
1362 1230 1566 1281 Apotheos.
1588 1234 1656 1274 adv.

202 1292 298 1331 Jud.
321 1305 357 1331 v.
379 1306 392 1330 ι
407 1306 466 1343 19,
482 1305 590 1344 sqq.:

365 1358 448 1396 Non
470 1357 640 1408 tripodas
667 1359 815 1395 cortina
835 1357 948 1408 tegit3
973 1371 1050 1396 non
1068 1367 1220 1409 spumat
1242 1358 1401 1397 anhelus

364 1423 452 1460 Fata
473 1421 672 1473 Sibyllinis
695 1422 883 1460 fanaticus
903 1421 1007 1460 edita
1027 1421 1154 1468 libris;

363 1487 531 1526 Perdidit
548 1489 702 1526 insanos
723 1486 885 1525 mendax
905 1487 1270 1538 Dodonavapore53

361 1554 513 1590 Mortua
527 1552 605 1603 jam
625 1562 739 1589 mutae
755 1553 886 1602 lugent
902 1553 1056 1590 oracula
1074 1554 1214 1591 Cumae.
1651 1591 1655 1594 ,

202 1617 264 1656 Sic
281 1617 446 1655 victores
466 1616 754 1667 triumphabant
771 1617 859 1654 :sed
883 1616 977 1667 quid
997 1617 1143 1655 interea
1165 1615 1511 1654 victi?ll1ultumne
1532 1617 1652 1655 scilicet

203 1682 345 1719 Rutilio
372 1681 702 1727 succensebitnus,
720 1681 873 1719 ethnico
890 1682 1050 1729 homini,
1069 1681 1285 1720 effundenti
1312 1682 1410 1719 circa
1433 1694 1570 1719 annum
1590 1688 1647 1729 4¹7

201 1746 373 1784 dolorem
393 1759 522 1794 suum,
542 1747 684 1784 recenti
709 1746 860 1797 jactura
876 1748 1064 1784 crudum?
1083 1760 1200 1797 quum
1221 1760 1268 1784 ne
1295 1760 1365 1783 nos
1390 1746 1541 1797 quidem
1560 1748 1651 1785 Chri-

199 1811 308 1849 stiani
321 1819 409 1861 post
425 1819 568 1849 tantum
586 1812 767 1863 temporis
783 1811 1023 1849 intervallum
1036 1826 1057 1849 a
1071 1812 1183 1849 sim'ili
1199 1812 1341 1862 gemitu
1358 1821 1566 1863 temperare
1579 1826 1650 1863 pos-

199 1877 331 1924 simus,
347 1877 521 1927 quamvis
542 1877 650 1914 aliam
668 1876 718 1914 ob
736 1890 901 1915 causam.
925 1878 1075 1916 Utinam
1095 1877 1196 1915 enim
1218 1878 1310 1915 istos
1327 1876 1446 1916 libros
1472 1886 1648 1928 antequam

200 1949 464 1979 cremarentur
484 1941 639 1993 inspici,
657 1950 695 1980 et
714 1942 816 1993 quo'd
841 1941 878 1979 in
896 1941 942 1979 iis
963 1951 1155 1992 repertum
1183 1950 1302 1988 esset,
1337 1942 1465 1980 saltem
1483 1955 1549 1993 per
1572 1943 1649 1979 ludi·

198 2004 323 2042 brium
344 2005 730 2056 divulgarijussisset,
748 2006 982 2057 posteritatis
1000 2020 1133 2053 eausa,
1150 2006 1332 2053 Stilicho,
1352 2007 1430 2044 sive
1451 2008 1570 2044 verior
1584 2007 1647 2057 ejus

197 2070 327 2109 damni
349 2080 495 2116 auctor,
526 2071 750 2112 Honorius:
777 2070 1308 2125 quemadmodunrveterum
1343 2070 1501 2110 deornm
1532 2073 1646 2121 templa
1697 2090 1699 2092 ·

199 2137 383 2188 signaque
396 2136 514 2174 multa
535 2136 684 2174 decoris
696 2137 754 2174 sui
767 2149 882 2174 causa
898 2130 1188 2188 supersuera‘nt3
1204 2145 1270 2174 aut
1289 2136 1600 2187 quemadmodum
1617 2137 1645 2173 in

198 2201 291 2240 soris
321 2201 530 2253 plateisque
560 2215 670 2239 novae
699 2203 827 2241 Romae
864 2215 885 2239 a
916 2215 955 2240 se
979 2201 1142 2240 conditae
1172 2212 1349 2253 prostare
1382 2201 1544 2252 jusserat
1580 2202 1644 2252 ipse

195 2267 469 2306 Constantinus
487 2267 691 2305 clarissima
711 2267 903 2318 religionis
924 2267 1113 2319 simulque
1135 2267 1227 2305 artis
1257 2267 1425 2319 antiquae
1445 2266 1642 2319 specimina.

192 2331 268 2370 Sed
285 2340 362 2368 tum
380 2331 537 2369 sortasse
554 2340 673 2369 metus
690 2331 806 2369 subiit
824 2345 871 2369 ne
884 2333 1072 2383 sacrilegii
1093 2341 1295 2382 augeretur
1311 2333 1453 2370 invidia
1468 2332 1562 2383 apud
1576 2343 1643 2380 gen-

195 2398 302 2446 tiles,
332 2410 374 2434 ac
399 2398 608 2448 praesertitn
642 2398 744 2448 apud
773 2407 970 2443 senatum3
1002 2407 1066 2436 aut
1090 2410 1137 2436 ne
1166 2397 1306 2436 diffusa
1337 2399 1375 2436 in
1406 2398 1537 2448 vulgus
1569 2408 1642 2432 ora-

193 2462 304 2509 cula,
328 2462 568 2513 credulisque
591 2463 781 2501 mentibus
800 2472 983 2514 excepta,
1006 2463 1120 2501 salsos
1142 2477 1316 2501 rumores
1338 2470 1597 2514 propagarent.

246 2528 356 2574 Quod
378 2536 500 2566 tamen
526 2530 684 2566 omnino
706 2530 910 2580 praecaveri
931 2544 1006 2567 non
1036 2531 1176 2580 potuit.
1208 2532 1302 2569 Nam
1331 2531 1525 2580 aliquanto
1546 2534 1639 2578 post,

192 2605 308 2642 quum
323 2593 402 2643 jam
431 2593 707 2642 Sibyllinorum
740 2593 925 2632 librorum
955 2594 1116 2632 confusa
1144 2594 1210 2631 vix
1242 2595 1424 2631 memoria
1443 2597 1640 2645 supererat,

191 2656 289 2693 adeo
310 2665 362 2703 nt,
380 2671 454 2707 qua
481 2658 607 2707 lingna
632 2659 766 2709 scripti
795 2660 976 2705 fuissent,
1010 2660 1180 2710 plerique
1210 2659 1451 2709 ignorarent,
1490 2655 1638 2708 qusedam

191 2718 389 2759 etiamtum
408 2723 575 2772 oracula,
597 2732 816 2772 tanquame
839 2725 1032 2762 veteribus
1048 2725 1305 2763 Romanorum
1329 2723 1533 2775 Sibyllinis,
1553 2718 1637 2771 apud

189 2786 327 2836 vulgus
350 2785 543 2823 indoctum
576 2787 834 2838 cursitabant,
855 2802 976 2839 eaque
997 2789 1111 2827 latina
1127 2818 1138 2834 ,
1161 2803 1236 2827 non
1266 2802 1410 2840 graeca,
1436 2800 1511 2838 quo
1540 2782 1637 2833 magis

190 2858 415 2899 argueretur
435 2849 622 2899 imperitia
645 2851 896 2892 falsariorum.
