<?xml version="1.0" encoding="UTF-8"?>
<!DOCTYPE html PUBLIC "-//W3C//DTD XHTML 1.0 Transitional//EN"
    "http://www.w3.org/TR/xhtml1/DTD/xhtml1-transitional.dtd">
<html xmlns="http://www.w3.org/1999/xhtml" xml:lang="en" lang="en">
 <head>
  <title>
</title>
<meta http-equiv="Content-Type" content="text/html;charset=utf-8" />
  <meta name='ocr-system' content='tesseract 3.04.00' />
  <meta name='ocr-capabilities' content='ocr_page ocr_carea ocr_par ocr_line ocrx_word'/>
</head>
<body>
  <div class='ocr_page' id='page_1' title='image "./excursusadsibyll00alexuoft_0397.png"; bbox 0 0 1686 3500; ppageno 0'>
   <div class='ocr_carea' id='block_1_1' title="bbox 157 135 1242 185">
    <p class='ocr_par' dir='ltr' id='par_1_1' title="bbox 157 135 1242 185">
     <span class='ocr_line' id='line_1_1' title="bbox 157 135 1242 185; baseline -0.001 -2"><span class='ocrx_word' id='word_1_1' title='bbox 157 138 249 185; x_wconf 84' lang='lat'>388</span> <span class='ocrx_word' id='word_1_2' title='bbox 410 135 412 137; x_wconf 60' lang='grc'><strong><em>’</em></strong></span> <span class='ocrx_word' id='word_1_3' title='bbox 539 137 619 181; x_wconf 77' lang='lat' dir='ltr'>AD</span> <span class='ocrx_word' id='word_1_4' title='bbox 653 136 998 183; x_wconf 81' lang='lat' dir='ltr'>SlBYLLINOS</span> <span class='ocrx_word' id='word_1_5' title='bbox 1032 137 1242 183; x_wconf 84' lang='lat' dir='ltr'>LIBROS</span> 
     </span>
    </p>
   </div>
   <div class='ocr_carea' id='block_1_2' title="bbox 105 233 1642 2871">
    <p class='ocr_par' dir='ltr' id='par_1_2' title="bbox 112 233 1621 546">
     <span class='ocr_line' id='line_1_2' title="bbox 152 233 1620 288; baseline 0.003 -14"><span class='ocrx_word' id='word_1_6' title='bbox 152 234 217 274; x_wconf 87' lang='lat' dir='ltr'>ubi</span> <span class='ocrx_word' id='word_1_7' title='bbox 237 243 328 285; x_wconf 73' lang='lat' dir='ltr'>nota</span> <span class='ocrx_word' id='word_1_8' title='bbox 345 233 474 274; x_wconf 86' lang='lat' dir='ltr'>Coelen</span> <span class='ocrx_word' id='word_1_9' title='bbox 493 235 641 286; x_wconf 86' lang='lat' dir='ltr'>Syriam</span> <span class='ocrx_word' id='word_1_10' title='bbox 667 234 861 287; x_wconf 77' lang='lat' dir='ltr'>designari</span> <span class='ocrx_word' id='word_1_11' title='bbox 880 236 1063 275; x_wconf 85' lang='lat' dir='ltr'>Phoenicii</span> <span class='ocrx_word' id='word_1_12' title='bbox 1085 235 1222 282; x_wconf 84' lang='lat' dir='ltr'>litoris,</span> <span class='ocrx_word' id='word_1_13' title='bbox 1245 243 1422 287; x_wconf 80' lang='lat' dir='ltr'>tanquam</span> <span class='ocrx_word' id='word_1_14' title='bbox 1441 238 1620 288; x_wconf 76' lang='lat' dir='ltr'>notioris,</span> 
     </span>
     <span class='ocr_line' id='line_1_3' title="bbox 150 297 1619 355; baseline 0.001 -18"><span class='ocrx_word' id='word_1_15' title='bbox 150 298 340 346; x_wconf 76' lang='lat' dir='ltr'>confini03</span> <span class='ocrx_word' id='word_1_16' title='bbox 361 307 398 338; x_wconf 91' lang='lat' dir='ltr'>et</span> <span class='ocrx_word' id='word_1_17' title='bbox 421 297 542 347; x_wconf 79' lang='lat' dir='ltr'>adde,</span> <span class='ocrx_word' id='word_1_18' title='bbox 564 299 595 338; x_wconf 86' lang='lat' dir='ltr'>si</span> <span class='ocrx_word' id='word_1_19' title='bbox 612 298 726 345; x_wconf 81' lang='lat' dir='ltr'>libet,</span> <span class='ocrx_word' id='word_1_20' title='bbox 750 300 862 338; x_wconf 78' lang='lat' dir='ltr'>uliam</span> <span class='ocrx_word' id='word_1_21' title='bbox 881 299 1078 340; x_wconf 81' lang='lat' dir='ltr'>Phoenices</span> <span class='ocrx_word' id='word_1_22' title='bbox 1108 299 1422 347; x_wconf 48' lang='lat' dir='ltr'>mentionemffir.</span> <span class='ocrx_word' id='word_1_23' title='bbox 1444 302 1514 349; x_wconf 80' lang='lat'>62,</span> <span class='ocrx_word' id='word_1_24' title='bbox 1531 316 1587 355; x_wconf 80' lang='lat' dir='ltr'>sq.</span> <span class='ocrx_word' id='word_1_25' title='bbox 1611 320 1619 343; x_wconf 63' lang='grc' dir='ltr'><em>ς</em></span> 
     </span>
     <span class='ocr_line' id='line_1_4' title="bbox 363 362 918 416; baseline 0.004 -12"><span class='ocrx_word' id='word_1_26' title='bbox 363 362 478 416; x_wconf 81' lang='grc' dir='ltr'>Τῦρε,</span> <span class='ocrx_word' id='word_1_27' title='bbox 501 363 543 403; x_wconf 76' lang='grc' dir='ltr'>σὺ</span> <span class='ocrx_word' id='word_1_28' title='bbox 563 363 592 403; x_wconf 82' lang='grc' dir='ltr'>δ’</span> <span class='ocrx_word' id='word_1_29' title='bbox 607 364 757 413; x_wconf 79' lang='grc' dir='ltr'><strong>ἥκιστα,</strong></span> <span class='ocrx_word' id='word_1_30' title='bbox 776 381 809 404; x_wconf 87' lang='grc' dir='ltr'>κ.</span> <span class='ocrx_word' id='word_1_31' title='bbox 825 379 859 403; x_wconf 89' lang='grc' dir='ltr'>τ.</span> <span class='ocrx_word' id='word_1_32' title='bbox 882 364 918 406; x_wconf 63' lang='grc' dir='ltr'><strong>λ</strong></span> 
     </span>
     <span class='ocr_line' id='line_1_5' title="bbox 112 427 1621 482; baseline 0.003 -14"><span class='ocrx_word' id='word_1_33' title='bbox 112 459 119 468; x_wconf 93' lang='grc'><strong><em>.</em></strong></span> <span class='ocrx_word' id='word_1_34' title='bbox 144 428 218 468; x_wconf 85' lang='lat' dir='ltr'>Sed</span> <span class='ocrx_word' id='word_1_35' title='bbox 245 428 310 467; x_wconf 86' lang='lat' dir='ltr'>illa</span> <span class='ocrx_word' id='word_1_36' title='bbox 331 436 459 467; x_wconf 82' lang='lat' dir='ltr'>tamen</span> <span class='ocrx_word' id='word_1_37' title='bbox 479 429 658 482; x_wconf 80' lang='lat' dir='ltr'>Phrygiae</span> <span class='ocrx_word' id='word_1_38' title='bbox 678 428 940 481; x_wconf 85' lang='lat' dir='ltr'>compellatio.</span> <span class='ocrx_word' id='word_1_39' title='bbox 961 427 1030 469; x_wconf 90' lang='lat' dir='ltr'>lib.</span> <span class='ocrx_word' id='word_1_40' title='bbox 1050 428 1117 468; x_wconf 87' lang='lat' dir='ltr'>Vll</span> <span class='ocrx_word' id='word_1_41' title='bbox 1133 458 1144 476; x_wconf 84' lang='lat'>,</span> <span class='ocrx_word' id='word_1_42' title='bbox 1166 442 1204 470; x_wconf 86' lang='lat' dir='ltr'>v.</span> <span class='ocrx_word' id='word_1_43' title='bbox 1232 442 1289 476; x_wconf 74' lang='grc' dir='ltr'>η,</span> <span class='ocrx_word' id='word_1_44' title='bbox 1309 441 1408 482; x_wconf 63' lang='lat' dir='ltr'>sqq„</span> <span class='ocrx_word' id='word_1_45' title='bbox 1430 443 1517 482; x_wconf 82' lang='lat' dir='ltr'>quae</span> <span class='ocrx_word' id='word_1_46' title='bbox 1534 432 1621 472; x_wconf 86' lang='lat' dir='ltr'>inde</span> 
     </span>
     <span class='ocr_line' id='line_1_6' title="bbox 145 490 1397 546; baseline 0.002 -16"><span class='ocrx_word' id='word_1_47' title='bbox 145 491 184 530; x_wconf 86' lang='lat' dir='ltr'>in</span> <span class='ocrx_word' id='word_1_48' title='bbox 206 490 345 531; x_wconf 88' lang='lat' dir='ltr'>librum</span> <span class='ocrx_word' id='word_1_49' title='bbox 366 492 397 540; x_wconf 81' lang='lat' dir='ltr'>l,</span> <span class='ocrx_word' id='word_1_50' title='bbox 415 506 449 530; x_wconf 84' lang='lat' dir='ltr'>v.</span> <span class='ocrx_word' id='word_1_51' title='bbox 476 495 565 545; x_wconf 79' lang='lat'>196,</span> <span class='ocrx_word' id='word_1_52' title='bbox 585 507 669 546; x_wconf 86' lang='lat' dir='ltr'><strong>sqq.</strong></span> <span class='ocrx_word' id='word_1_53' title='bbox 689 493 852 544; x_wconf 82' lang='lat' dir='ltr'>transiit,</span> <span class='ocrx_word' id='word_1_54' title='bbox 868 492 1001 531; x_wconf 86' lang='lat' dir='ltr'>iisdem</span> <span class='ocrx_word' id='word_1_55' title='bbox 1017 492 1225 545; x_wconf 74' lang='lat' dir='ltr'>utrobique</span> <span class='ocrx_word' id='word_1_56' title='bbox 1244 493 1397 532; x_wconf 88' lang='lat' dir='ltr'>verbis:</span> 
     </span>
    </p>

    <p class='ocr_par' dir='ltr' id='par_1_3' title="bbox 136 550 1617 1063">
     <span class='ocr_line' id='line_1_7' title="bbox 161 550 1458 612; baseline 0 -14"><span class='ocrx_word' id='word_1_57' title='bbox 161 595 164 598; x_wconf 94' lang='lat'>.</span> <span class='ocrx_word' id='word_1_58' title='bbox 350 550 399 597; x_wconf 78' lang='grc' dir='ltr'>Ὦ</span> <span class='ocrx_word' id='word_1_59' title='bbox 415 557 556 612; x_wconf 74' lang='grc' dir='ltr'>Φρυγίη</span> <span class='ocrx_word' id='word_1_60' title='bbox 570 588 580 607; x_wconf 88' lang='grc'><strong><em>,</em></strong></span> <span class='ocrx_word' id='word_1_61' title='bbox 601 557 723 612; x_wconf 81' lang='grc' dir='ltr'>πρώτη</span> <span class='ocrx_word' id='word_1_62' title='bbox 745 557 774 596; x_wconf 81' lang='grc' dir='ltr'>δ’</span> <span class='ocrx_word' id='word_1_63' title='bbox 794 556 1010 611; x_wconf 78' lang='grc' dir='ltr'>ἀναλάμψεις</span> <span class='ocrx_word' id='word_1_64' title='bbox 1028 556 1149 601; x_wconf 77' lang='grc' dir='ltr'>ὕδατος</span> <span class='ocrx_word' id='word_1_65' title='bbox 1166 557 1289 610; x_wconf 80' lang='grc' dir='ltr'>ἄκρου,</span> <span class='ocrx_word' id='word_1_66' title='bbox 1308 574 1342 597; x_wconf 80' lang='grc' dir='ltr'>κ.</span> <span class='ocrx_word' id='word_1_67' title='bbox 1358 573 1393 599; x_wconf 83' lang='grc' dir='ltr'>τ.</span> <span class='ocrx_word' id='word_1_68' title='bbox 1409 559 1458 610; x_wconf 86' lang='grc' dir='ltr'>λ.,</span> 
     </span>
     <span class='ocr_line' id='line_1_8' title="bbox 140 621 1617 674; baseline 0.002 -15"><span class='ocrx_word' id='word_1_69' title='bbox 140 621 320 661; x_wconf 87' lang='lat' dir='ltr'>libentius</span> <span class='ocrx_word' id='word_1_70' title='bbox 341 622 454 661; x_wconf 88' lang='lat' dir='ltr'>nobis</span> <span class='ocrx_word' id='word_1_71' title='bbox 472 623 692 674; x_wconf 79' lang='lat' dir='ltr'>persuadet,</span> <span class='ocrx_word' id='word_1_72' title='bbox 710 622 824 660; x_wconf 81' lang='lat' dir='ltr'>fnisse</span> <span class='ocrx_word' id='word_1_73' title='bbox 851 623 1031 661; x_wconf 86' lang='lat' dir='ltr'>Nostrum</span> <span class='ocrx_word' id='word_1_74' title='bbox 1044 650 1055 667; x_wconf 91' lang='lat'>‚</span> <span class='ocrx_word' id='word_1_75' title='bbox 1073 622 1173 660; x_wconf 86' lang='lat' dir='ltr'>sicut</span> <span class='ocrx_word' id='word_1_76' title='bbox 1193 631 1370 661; x_wconf 82' lang='lat' dir='ltr'><strong>auctores</strong></span> <span class='ocrx_word' id='word_1_77' title='bbox 1390 622 1579 663; x_wconf 88' lang='lat' dir='ltr'>librorum</span> <span class='ocrx_word' id='word_1_78' title='bbox 1605 627 1617 666; x_wconf 84' lang='grc' dir='ltr'>Ι</span> 
     </span>
     <span class='ocr_line' id='line_1_9' title="bbox 139 687 1616 741; baseline 0.003 -16"><span class='ocrx_word' id='word_1_79' title='bbox 139 695 177 725; x_wconf 85' lang='lat' dir='ltr'>et</span> <span class='ocrx_word' id='word_1_80' title='bbox 195 688 228 726; x_wconf 86' lang='lat' dir='ltr'>ll</span> <span class='ocrx_word' id='word_1_81' title='bbox 250 700 341 726; x_wconf 88' lang='lat' dir='ltr'>mox</span> <span class='ocrx_word' id='word_1_82' title='bbox 360 688 548 735; x_wconf 78' lang='lat' dir='ltr'>citandos,</span> <span class='ocrx_word' id='word_1_83' title='bbox 566 703 586 726; x_wconf 91' lang='lat' dir='ltr'>e</span> <span class='ocrx_word' id='word_1_84' title='bbox 601 688 765 738; x_wconf 73' lang='lat' dir='ltr'>Phrygia</span> <span class='ocrx_word' id='word_1_85' title='bbox 783 688 1014 734; x_wconf 82' lang='lat' dir='ltr'>oriundum,</span> <span class='ocrx_word' id='word_1_86' title='bbox 1029 687 1094 726; x_wconf 89' lang='lat' dir='ltr'>ubi</span> <span class='ocrx_word' id='word_1_87' title='bbox 1110 688 1328 740; x_wconf 81' lang='lat' dir='ltr'><strong>complures</strong></span> <span class='ocrx_word' id='word_1_88' title='bbox 1342 689 1616 741; x_wconf 82' lang='lat' dir='ltr'>sectasjudaeo-</span> 
     </span>
     <span class='ocr_line' id='line_1_10' title="bbox 140 751 1614 806; baseline 0.003 -17"><span class='ocrx_word' id='word_1_89' title='bbox 140 751 367 790; x_wconf 79' lang='lat' dir='ltr'>christianas</span> <span class='ocrx_word' id='word_1_90' title='bbox 384 752 572 791; x_wconf 80' lang='lat' dir='ltr'>exstitisse</span> <span class='ocrx_word' id='word_1_91' title='bbox 586 751 835 789; x_wconf 85' lang='lat' dir='ltr'>certissimum</span> <span class='ocrx_word' id='word_1_92' title='bbox 853 760 931 799; x_wconf 88' lang='lat' dir='ltr'>est,</span> <span class='ocrx_word' id='word_1_93' title='bbox 951 752 1238 804; x_wconf 80' lang='lat' dir='ltr'>Cataphrygum</span> <span class='ocrx_word' id='word_1_94' title='bbox 1264 754 1493 803; x_wconf 83' lang='lat' dir='ltr'>praesertim,</span> <span class='ocrx_word' id='word_1_95' title='bbox 1514 769 1614 806; x_wconf 87' lang='lat' dir='ltr'>quo-</span> 
     </span>
     <span class='ocr_line' id='line_1_11' title="bbox 139 815 1614 869; baseline 0.004 -16"><span class='ocrx_word' id='word_1_96' title='bbox 139 829 224 854; x_wconf 84' lang='lat' dir='ltr'>rum</span> <span class='ocrx_word' id='word_1_97' title='bbox 243 817 472 856; x_wconf 75' lang='lat' dir='ltr'>mentionem</span> <span class='ocrx_word' id='word_1_98' title='bbox 489 815 576 853; x_wconf 80' lang='lat' dir='ltr'>facit</span> <span class='ocrx_word' id='word_1_99' title='bbox 598 815 849 867; x_wconf 71' lang='lat' dir='ltr'>Epiphanius,</span> <span class='ocrx_word' id='word_1_100' title='bbox 865 818 1004 855; x_wconf 63' lang='grc' dir='ltr'>Περι-63.</span> <span class='ocrx_word' id='word_1_101' title='bbox 1018 817 1227 868; x_wconf 66' lang='lat' dir='ltr'>[08.Siquis</span> <span class='ocrx_word' id='word_1_102' title='bbox 1239 825 1364 855; x_wconf 85' lang='lat' dir='ltr'>tamen</span> <span class='ocrx_word' id='word_1_103' title='bbox 1382 818 1532 869; x_wconf 78' lang='lat' dir='ltr'>Syriam</span> <span class='ocrx_word' id='word_1_104' title='bbox 1550 833 1614 859; x_wconf 89' lang='lat' dir='ltr'>seu</span> 
     </span>
     <span class='ocr_line' id='line_1_12' title="bbox 138 877 1612 934; baseline 0.002 -15"><span class='ocrx_word' id='word_1_105' title='bbox 138 880 344 920; x_wconf 82' lang='lat' dir='ltr'>Phoenicen</span> <span class='ocrx_word' id='word_1_106' title='bbox 369 879 556 924; x_wconf 80' lang='lat' dir='ltr'>maluerit,</span> <span class='ocrx_word' id='word_1_107' title='bbox 576 877 628 916; x_wconf 90' lang='lat' dir='ltr'>ob</span> <span class='ocrx_word' id='word_1_108' title='bbox 654 879 739 917; x_wconf 89' lang='lat' dir='ltr'>illos</span> <span class='ocrx_word' id='word_1_109' title='bbox 762 893 879 930; x_wconf 86' lang='lat' dir='ltr'>supra</span> <span class='ocrx_word' id='word_1_110' title='bbox 901 879 1024 918; x_wconf 88' lang='lat' dir='ltr'>dictos</span> <span class='ocrx_word' id='word_1_111' title='bbox 1045 880 1161 924; x_wconf 81' lang='lat' dir='ltr'>locos,</span> <span class='ocrx_word' id='word_1_112' title='bbox 1183 894 1260 918; x_wconf 93' lang='lat' dir='ltr'>non</span> <span class='ocrx_word' id='word_1_113' title='bbox 1291 881 1612 934; x_wconf 75' lang='lat' dir='ltr'>repugnabimus3</span> 
     </span>
     <span class='ocr_line' id='line_1_13' title="bbox 136 943 1614 997; baseline 0.001 -13"><span class='ocrx_word' id='word_1_114' title='bbox 136 958 261 997; x_wconf 88' lang='lat' dir='ltr'>eoque</span> <span class='ocrx_word' id='word_1_115' title='bbox 290 945 433 991; x_wconf 84' lang='lat' dir='ltr'>minus,</span> <span class='ocrx_word' id='word_1_116' title='bbox 458 943 561 995; x_wconf 82' lang='lat' dir='ltr'>quod</span> <span class='ocrx_word' id='word_1_117' title='bbox 588 944 741 983; x_wconf 87' lang='lat' dir='ltr'>Tatiani</span> <span class='ocrx_word' id='word_1_118' title='bbox 764 944 973 996; x_wconf 82' lang='lat' dir='ltr'>discipulos</span> <span class='ocrx_word' id='word_1_119' title='bbox 1010 944 1249 996; x_wconf 72' lang='lat' dir='ltr'>Encmtitas,</span> <span class='ocrx_word' id='word_1_120' title='bbox 1269 944 1317 983; x_wconf 84' lang='lat' dir='ltr'>ad</span> <span class='ocrx_word' id='word_1_121' title='bbox 1348 958 1445 997; x_wconf 89' lang='lat' dir='ltr'>quos</span> <span class='ocrx_word' id='word_1_122' title='bbox 1463 946 1614 986; x_wconf 84' lang='lat' dir='ltr'>videtur</span> 
     </span>
     <span class='ocr_line' id='line_1_14' title="bbox 137 1007 1106 1063; baseline 0 -14"><span class='ocrx_word' id='word_1_123' title='bbox 137 1010 364 1063; x_wconf 82' lang='lat' dir='ltr'>pertinuisse</span> <span class='ocrx_word' id='word_1_124' title='bbox 384 1010 538 1056; x_wconf 79' lang='lat' dir='ltr'>Noster,</span> <span class='ocrx_word' id='word_1_125' title='bbox 554 1007 592 1046; x_wconf 90' lang='lat' dir='ltr'>in</span> <span class='ocrx_word' id='word_1_126' title='bbox 616 1009 729 1061; x_wconf 85' lang='lat' dir='ltr'>Syria</span> <span class='ocrx_word' id='word_1_127' title='bbox 748 1009 922 1048; x_wconf 82' lang='lat' dir='ltr'>floruisse</span> <span class='ocrx_word' id='word_1_128' title='bbox 941 1018 1106 1050; x_wconf 82' lang='lat' dir='ltr'>constat.</span> 
     </span>
    </p>

    <p class='ocr_par' dir='ltr' id='par_1_4' title="bbox 122 1073 1611 1901">
     <span class='ocr_line' id='line_1_15' title="bbox 189 1073 1611 1126; baseline 0.001 -13"><span class='ocrx_word' id='word_1_129' title='bbox 189 1075 257 1113; x_wconf 83' lang='lat' dir='ltr'>Hic</span> <span class='ocrx_word' id='word_1_130' title='bbox 273 1087 364 1125; x_wconf 81' lang='lat' dir='ltr'>ergo</span> <span class='ocrx_word' id='word_1_131' title='bbox 379 1073 536 1112; x_wconf 79' lang='lat' dir='ltr'>Judaeus</span> <span class='ocrx_word' id='word_1_132' title='bbox 552 1073 720 1124; x_wconf 76' lang='lat' dir='ltr'>origiue,</span> <span class='ocrx_word' id='word_1_133' title='bbox 744 1074 925 1126; x_wconf 77' lang='lat' dir='ltr'>religione</span> <span class='ocrx_word' id='word_1_134' title='bbox 941 1074 1182 1113; x_wconf 79' lang='lat' dir='ltr'>Christianus</span> <span class='ocrx_word' id='word_1_135' title='bbox 1204 1074 1398 1122; x_wconf 79' lang='lat' dir='ltr'>Juda&#39;ista‚</span> <span class='ocrx_word' id='word_1_136' title='bbox 1418 1075 1611 1115; x_wconf 91' lang='lat' dir='ltr'>domicilio</span> 
     </span>
     <span class='ocr_line' id='line_1_16' title="bbox 132 1137 1610 1190; baseline 0 -10"><span class='ocrx_word' id='word_1_137' title='bbox 132 1139 264 1190; x_wconf 84' lang='lat' dir='ltr'>Phryx</span> <span class='ocrx_word' id='word_1_138' title='bbox 292 1147 357 1177; x_wconf 84' lang='lat' dir='ltr'>aut</span> <span class='ocrx_word' id='word_1_139' title='bbox 379 1139 499 1189; x_wconf 87' lang='lat' dir='ltr'>Syrus</span> <span class='ocrx_word' id='word_1_140' title='bbox 522 1148 590 1176; x_wconf 84' lang='lat' dir='ltr'>aut</span> <span class='ocrx_word' id='word_1_141' title='bbox 608 1137 786 1186; x_wconf 69' lang='lat' dir='ltr'>Phoenix,</span> <span class='ocrx_word' id='word_1_142' title='bbox 800 1138 1048 1190; x_wconf 87' lang='lat' dir='ltr'>opinionibus</span> <span class='ocrx_word' id='word_1_143' title='bbox 1067 1140 1262 1178; x_wconf 89' lang='lat' dir='ltr'>nonnullis</span> <span class='ocrx_word' id='word_1_144' title='bbox 1287 1141 1508 1188; x_wconf 85' lang='lat' dir='ltr'>haereticus,</span> <span class='ocrx_word' id='word_1_145' title='bbox 1540 1155 1610 1180; x_wconf 85' lang='lat' dir='ltr'>nec</span> 
     </span>
     <span class='ocr_line' id='line_1_17' title="bbox 134 1202 1610 1253; baseline 0.003 -11"><span class='ocrx_word' id='word_1_146' title='bbox 134 1204 269 1242; x_wconf 89' lang='lat' dir='ltr'>mirum</span> <span class='ocrx_word' id='word_1_147' title='bbox 297 1203 328 1241; x_wconf 89' lang='lat' dir='ltr'>si</span> <span class='ocrx_word' id='word_1_148' title='bbox 355 1202 580 1242; x_wconf 86' lang='lat' dir='ltr'>Christianis</span> <span class='ocrx_word' id='word_1_149' title='bbox 602 1203 809 1242; x_wconf 87' lang='lat' dir='ltr'>hellenistis</span> <span class='ocrx_word' id='word_1_150' title='bbox 829 1212 867 1241; x_wconf 85' lang='lat' dir='ltr'>et</span> <span class='ocrx_word' id='word_1_151' title='bbox 898 1203 1001 1241; x_wconf 91' lang='lat' dir='ltr'>clero</span> <span class='ocrx_word' id='word_1_152' title='bbox 1021 1203 1242 1242; x_wconf 86' lang='lat' dir='ltr'>orthodoxo</span> <span class='ocrx_word' id='word_1_153' title='bbox 1273 1204 1459 1253; x_wconf 86' lang='lat' dir='ltr'>infensus,</span> <span class='ocrx_word' id='word_1_154' title='bbox 1500 1206 1610 1246; x_wconf 88' lang='lat' dir='ltr'>nobis</span> 
     </span>
     <span class='ocr_line' id='line_1_18' title="bbox 132 1266 1609 1320; baseline 0.003 -14"><span class='ocrx_word' id='word_1_155' title='bbox 132 1269 284 1307; x_wconf 87' lang='lat' dir='ltr'>videtur</span> <span class='ocrx_word' id='word_1_156' title='bbox 309 1268 432 1320; x_wconf 87' lang='lat' dir='ltr'>primo</span> <span class='ocrx_word' id='word_1_157' title='bbox 453 1266 524 1306; x_wconf 87' lang='lat' dir='ltr'>sub</span> <span class='ocrx_word' id='word_1_158' title='bbox 547 1267 680 1319; x_wconf 88' lang='lat' dir='ltr'>hymni</span> <span class='ocrx_word' id='word_1_159' title='bbox 704 1268 801 1306; x_wconf 82' lang='lat' dir='ltr'>sacri</span> <span class='ocrx_word' id='word_1_160' title='bbox 824 1268 968 1320; x_wconf 86' lang='lat' dir='ltr'>specie,</span> <span class='ocrx_word' id='word_1_161' title='bbox 993 1276 1030 1307; x_wconf 87' lang='lat' dir='ltr'>et</span> <span class='ocrx_word' id='word_1_162' title='bbox 1059 1268 1144 1319; x_wconf 91' lang='lat' dir='ltr'>quis</span> <span class='ocrx_word' id='word_1_163' title='bbox 1163 1270 1233 1307; x_wconf 83' lang='lat' dir='ltr'>scit</span> <span class='ocrx_word' id='word_1_164' title='bbox 1252 1282 1300 1307; x_wconf 89' lang='lat' dir='ltr'>an</span> <span class='ocrx_word' id='word_1_165' title='bbox 1321 1269 1506 1308; x_wconf 87' lang='lat' dir='ltr'>doctrinae</span> <span class='ocrx_word' id='word_1_166' title='bbox 1532 1284 1609 1310; x_wconf 81' lang='lat' dir='ltr'>suae</span> 
     </span>
     <span class='ocr_line' id='line_1_19' title="bbox 131 1330 1605 1386; baseline 0.001 -16"><span class='ocrx_word' id='word_1_167' title='bbox 131 1331 386 1385; x_wconf 72' lang='lat' dir='ltr'>propagandae</span> <span class='ocrx_word' id='word_1_168' title='bbox 414 1333 554 1370; x_wconf 82' lang='lat' dir='ltr'>causa?</span> <span class='ocrx_word' id='word_1_169' title='bbox 584 1330 724 1380; x_wconf 84' lang='lat' dir='ltr'>librum</span> <span class='ocrx_word' id='word_1_170' title='bbox 747 1339 897 1369; x_wconf 86' lang='lat' dir='ltr'>sextum</span> <span class='ocrx_word' id='word_1_171' title='bbox 917 1334 1202 1384; x_wconf 80' lang='lat' dir='ltr'>comp‘osnisse3</span> <span class='ocrx_word' id='word_1_172' title='bbox 1232 1332 1387 1381; x_wconf 85' lang='lat' dir='ltr'>deinde,</span> <span class='ocrx_word' id='word_1_173' title='bbox 1412 1335 1494 1386; x_wconf 83' lang='lat' dir='ltr'>pari</span> <span class='ocrx_word' id='word_1_174' title='bbox 1512 1349 1605 1372; x_wconf 91' lang='lat' dir='ltr'>con-</span> 
     </span>
     <span class='ocr_line' id='line_1_20' title="bbox 130 1395 1604 1448; baseline 0.003 -13"><span class='ocrx_word' id='word_1_175' title='bbox 130 1398 228 1445; x_wconf 85' lang='lat' dir='ltr'>silio,</span> <span class='ocrx_word' id='word_1_176' title='bbox 250 1396 466 1448; x_wconf 83' lang='lat' dir='ltr'>sibyllizare</span> <span class='ocrx_word' id='word_1_177' title='bbox 496 1397 679 1448; x_wconf 82' lang='lat' dir='ltr'>coepisse,</span> <span class='ocrx_word' id='word_1_178' title='bbox 702 1395 741 1435; x_wconf 89' lang='lat' dir='ltr'>id</span> <span class='ocrx_word' id='word_1_179' title='bbox 765 1404 844 1445; x_wconf 89' lang='lat' dir='ltr'>est,</span> <span class='ocrx_word' id='word_1_180' title='bbox 868 1395 1076 1447; x_wconf 77' lang='lat' dir='ltr'>Sibyllinos</span> <span class='ocrx_word' id='word_1_181' title='bbox 1104 1395 1224 1436; x_wconf 89' lang='lat' dir='ltr'>libros</span> <span class='ocrx_word' id='word_1_182' title='bbox 1243 1407 1394 1436; x_wconf 85' lang='lat' dir='ltr'>nostros</span> <span class='ocrx_word' id='word_1_183' title='bbox 1417 1400 1604 1439; x_wconf 81' lang='lat' dir='ltr'>aemulari:</span> 
     </span>
     <span class='ocr_line' id='line_1_21' title="bbox 128 1461 1603 1514; baseline 0.002 -14"><span class='ocrx_word' id='word_1_184' title='bbox 128 1476 291 1513; x_wconf 88' lang='lat' dir='ltr'>quorum</span> <span class='ocrx_word' id='word_1_185' title='bbox 317 1462 438 1512; x_wconf 86' lang='lat' dir='ltr'>fama,</span> <span class='ocrx_word' id='word_1_186' title='bbox 461 1461 515 1500; x_wconf 90' lang='lat' dir='ltr'>uti</span> <span class='ocrx_word' id='word_1_187' title='bbox 540 1461 708 1499; x_wconf 78' lang='lat' dir='ltr'>fortassis</span> <span class='ocrx_word' id='word_1_188' title='bbox 736 1461 773 1499; x_wconf 91' lang='lat' dir='ltr'>in</span> <span class='ocrx_word' id='word_1_189' title='bbox 799 1461 964 1514; x_wconf 81' lang='lat' dir='ltr'>AEgypto</span> <span class='ocrx_word' id='word_1_190' title='bbox 985 1462 1063 1514; x_wconf 83' lang='lat' dir='ltr'>jam</span> <span class='ocrx_word' id='word_1_191' title='bbox 1097 1471 1182 1507; x_wconf 74' lang='lat' dir='ltr'>,tuin</span> <span class='ocrx_word' id='word_1_192' title='bbox 1211 1463 1453 1514; x_wconf 76' lang='lat' dir='ltr'>elanguerat,</span> <span class='ocrx_word' id='word_1_193' title='bbox 1484 1465 1537 1502; x_wconf 86' lang='lat' dir='ltr'>sic</span> <span class='ocrx_word' id='word_1_194' title='bbox 1568 1467 1603 1504; x_wconf 90' lang='lat' dir='ltr'>in</span> 
     </span>
     <span class='ocr_line' id='line_1_22' title="bbox 129 1526 1604 1578; baseline 0.001 -12"><span class='ocrx_word' id='word_1_195' title='bbox 129 1526 295 1578; x_wconf 81' lang='lat' dir='ltr'>Phrygia</span> <span class='ocrx_word' id='word_1_196' title='bbox 313 1534 350 1564; x_wconf 90' lang='lat' dir='ltr'>et</span> <span class='ocrx_word' id='word_1_197' title='bbox 368 1526 406 1563; x_wconf 90' lang='lat' dir='ltr'>in</span> <span class='ocrx_word' id='word_1_198' title='bbox 424 1526 559 1564; x_wconf 86' lang='lat' dir='ltr'>ceteris</span> <span class='ocrx_word' id='word_1_199' title='bbox 578 1526 676 1564; x_wconf 83' lang='lat' dir='ltr'>Asiae</span> <span class='ocrx_word' id='word_1_200' title='bbox 699 1526 854 1564; x_wconf 78' lang='lat' dir='ltr'>minoris</span> <span class='ocrx_word' id='word_1_201' title='bbox 876 1526 1051 1577; x_wconf 85' lang='lat' dir='ltr'>partibus</span> <span class='ocrx_word' id='word_1_202' title='bbox 1074 1526 1226 1578; x_wconf 82' lang='lat' dir='ltr'>vigebat</span> <span class='ocrx_word' id='word_1_203' title='bbox 1245 1527 1385 1573; x_wconf 85' lang='lat' dir='ltr'>adbuc,</span> <span class='ocrx_word' id='word_1_204' title='bbox 1405 1529 1458 1566; x_wconf 93' lang='lat' dir='ltr'>uti</span> <span class='ocrx_word' id='word_1_205' title='bbox 1478 1530 1604 1568; x_wconf 74' lang='lat' dir='ltr'>credi-</span> 
     </span>
     <span class='ocr_line' id='line_1_23' title="bbox 127 1590 1603 1644; baseline 0.002 -14"><span class='ocrx_word' id='word_1_206' title='bbox 127 1605 226 1639; x_wconf 90' lang='lat' dir='ltr'>mus,</span> <span class='ocrx_word' id='word_1_207' title='bbox 246 1590 460 1629; x_wconf 88' lang='lat' dir='ltr'>incolumis.</span> <span class='ocrx_word' id='word_1_208' title='bbox 480 1590 617 1629; x_wconf 81' lang='lat' dir='ltr'>Differt</span> <span class='ocrx_word' id='word_1_209' title='bbox 633 1604 724 1629; x_wconf 88' lang='lat' dir='ltr'>vero</span> <span class='ocrx_word' id='word_1_210' title='bbox 744 1603 765 1628; x_wconf 83' lang='lat' dir='ltr'>a</span> <span class='ocrx_word' id='word_1_211' title='bbox 782 1592 916 1630; x_wconf 86' lang='lat' dir='ltr'>ceteris</span> <span class='ocrx_word' id='word_1_212' title='bbox 933 1591 1139 1642; x_wconf 86' lang='lat' dir='ltr'>Sibyllistis</span> <span class='ocrx_word' id='word_1_213' title='bbox 1156 1592 1320 1644; x_wconf 88' lang='lat' dir='ltr'>primum</span> <span class='ocrx_word' id='word_1_214' title='bbox 1340 1593 1457 1644; x_wconf 88' lang='lat' dir='ltr'>quod,</span> <span class='ocrx_word' id='word_1_215' title='bbox 1472 1604 1603 1633; x_wconf 88' lang='lat' dir='ltr'>contra</span> 
     </span>
     <span class='ocr_line' id='line_1_24' title="bbox 122 1655 1601 1708; baseline 0.002 -14"><span class='ocrx_word' id='word_1_216' title='bbox 122 1656 276 1694; x_wconf 89' lang='lat' dir='ltr'>illorum</span> <span class='ocrx_word' id='word_1_217' title='bbox 310 1668 483 1706; x_wconf 89' lang='lat' dir='ltr'>morem,</span> <span class='ocrx_word' id='word_1_218' title='bbox 505 1655 742 1707; x_wconf 77' lang='lat' dir='ltr'>praecipuum</span> <span class='ocrx_word' id='word_1_219' title='bbox 764 1655 837 1694; x_wconf 85' lang='lat' dir='ltr'>sibi</span> <span class='ocrx_word' id='word_1_220' title='bbox 861 1656 1218 1708; x_wconf 77' lang='lat' dir='ltr'>videturdogmatis</span> <span class='ocrx_word' id='word_1_221' title='bbox 1236 1656 1396 1708; x_wconf 84' lang='lat' dir='ltr'>alicujus</span> <span class='ocrx_word' id='word_1_222' title='bbox 1415 1658 1601 1698; x_wconf 83' lang='lat' dir='ltr'>suadendi</span> 
     </span>
     <span class='ocr_line' id='line_1_25' title="bbox 125 1713 1601 1772; baseline 0.002 -14"><span class='ocrx_word' id='word_1_223' title='bbox 125 1720 371 1772; x_wconf 85' lang='lat' dir='ltr'>proposuisse</span> <span class='ocrx_word' id='word_1_224' title='bbox 388 1721 524 1770; x_wconf 81' lang='lat' dir='ltr'>fine1n3</span> <span class='ocrx_word' id='word_1_225' title='bbox 546 1720 685 1759; x_wconf 85' lang='lat' dir='ltr'>deinde</span> <span class='ocrx_word' id='word_1_226' title='bbox 710 1721 814 1772; x_wconf 90' lang='lat' dir='ltr'>quod</span> <span class='ocrx_word' id='word_1_227' title='bbox 835 1721 883 1759; x_wconf 86' lang='lat' dir='ltr'>de</span> <span class='ocrx_word' id='word_1_228' title='bbox 906 1722 1078 1759; x_wconf 82' lang='lat' dir='ltr'>canentis</span> <span class='ocrx_word' id='word_1_229' title='bbox 1096 1713 1261 1772; x_wconf 79' lang='lat' dir='ltr'>persona</span> <span class='ocrx_word' id='word_1_230' title='bbox 1282 1731 1522 1761; x_wconf 89' lang='lat' dir='ltr'>commentus</span> <span class='ocrx_word' id='word_1_231' title='bbox 1548 1732 1601 1761; x_wconf 79' lang='lat' dir='ltr'>est</span> 
     </span>
     <span class='ocr_line' id='line_1_26' title="bbox 123 1784 1600 1839; baseline 0 -15"><span class='ocrx_word' id='word_1_232' title='bbox 123 1785 331 1836; x_wconf 79' lang='lat' dir='ltr'>singularia</span> <span class='ocrx_word' id='word_1_233' title='bbox 349 1784 521 1835; x_wconf 63' lang='lat' dir='ltr'>quaedam</span> <span class='ocrx_word' id='word_1_234' title='bbox 539 1794 576 1823; x_wconf 89' lang='lat' dir='ltr'>et</span> <span class='ocrx_word' id='word_1_235' title='bbox 599 1785 782 1834; x_wconf 78' lang='lat' dir='ltr'>enormia,</span> <span class='ocrx_word' id='word_1_236' title='bbox 803 1785 937 1823; x_wconf 85' lang='lat' dir='ltr'>ceteris</span> <span class='ocrx_word' id='word_1_237' title='bbox 954 1794 1039 1824; x_wconf 87' lang='lat' dir='ltr'>ante</span> <span class='ocrx_word' id='word_1_238' title='bbox 1061 1799 1099 1824; x_wconf 87' lang='lat' dir='ltr'>se</span> <span class='ocrx_word' id='word_1_239' title='bbox 1114 1786 1322 1839; x_wconf 80' lang='lat' dir='ltr'>incognita,</span> <span class='ocrx_word' id='word_1_240' title='bbox 1342 1800 1427 1837; x_wconf 87' lang='lat' dir='ltr'>quae</span> <span class='ocrx_word' id='word_1_241' title='bbox 1448 1800 1600 1838; x_wconf 79' lang='lat' dir='ltr'>praeser-</span> 
     </span>
     <span class='ocr_line' id='line_1_27' title="bbox 125 1849 943 1901; baseline -0.001 -12"><span class='ocrx_word' id='word_1_242' title='bbox 125 1851 191 1889; x_wconf 90' lang='lat' dir='ltr'>tim</span> <span class='ocrx_word' id='word_1_243' title='bbox 212 1850 251 1888; x_wconf 90' lang='lat' dir='ltr'>in</span> <span class='ocrx_word' id='word_1_244' title='bbox 273 1850 426 1901; x_wconf 82' lang='lat' dir='ltr'>epilogo</span> <span class='ocrx_word' id='word_1_245' title='bbox 447 1849 535 1888; x_wconf 82' lang='lat' dir='ltr'>libri</span> <span class='ocrx_word' id='word_1_246' title='bbox 555 1849 707 1901; x_wconf 82' lang='lat' dir='ltr'>septimi</span> <span class='ocrx_word' id='word_1_247' title='bbox 725 1849 943 1888; x_wconf 85' lang='lat' dir='ltr'>traduntur.</span> 
     </span>
    </p>

    <p class='ocr_par' dir='ltr' id='par_1_5' title="bbox 123 1913 1598 2098">
     <span class='ocr_line' id='line_1_28' title="bbox 177 1913 1598 1966; baseline -0.001 -11"><span class='ocrx_word' id='word_1_248' title='bbox 177 1916 269 1955; x_wconf 84' lang='lat' dir='ltr'>Nam</span> <span class='ocrx_word' id='word_1_249' title='bbox 301 1927 418 1966; x_wconf 89' lang='lat' dir='ltr'>quum</span> <span class='ocrx_word' id='word_1_250' title='bbox 454 1913 507 1952; x_wconf 89' lang='lat' dir='ltr'>ibi</span> <span class='ocrx_word' id='word_1_251' title='bbox 535 1913 680 1965; x_wconf 86' lang='lat' dir='ltr'>Sibylla</span> <span class='ocrx_word' id='word_1_252' title='bbox 708 1913 866 1953; x_wconf 86' lang='lat' dir='ltr'>dixisset</span> <span class='ocrx_word' id='word_1_253' title='bbox 887 1914 1000 1966; x_wconf 86' lang='lat' dir='ltr'>justis</span> <span class='ocrx_word' id='word_1_254' title='bbox 1032 1915 1156 1953; x_wconf 80' lang='lat' dir='ltr'>affore</span> <span class='ocrx_word' id='word_1_255' title='bbox 1189 1915 1311 1953; x_wconf 89' lang='lat' dir='ltr'>Deum</span> <span class='ocrx_word' id='word_1_256' title='bbox 1344 1915 1381 1953; x_wconf 91' lang='lat' dir='ltr'>in</span> <span class='ocrx_word' id='word_1_257' title='bbox 1417 1915 1598 1954; x_wconf 82' lang='lat' dir='ltr'>Paradiso</span> 
     </span>
     <span class='ocr_line' id='line_1_29' title="bbox 123 1979 1597 2033; baseline -0.001 -13"><span class='ocrx_word' id='word_1_258' title='bbox 123 1999 138 2015; x_wconf 76' lang='lat' dir='ltr'>n</span> <span class='ocrx_word' id='word_1_259' title='bbox 160 1981 262 2020; x_wconf 83' lang='lat' dir='ltr'>bona</span> <span class='ocrx_word' id='word_1_260' title='bbox 277 1989 415 2020; x_wconf 84' lang='lat' dir='ltr'>cuncta</span> <span class='ocrx_word' id='word_1_261' title='bbox 437 1979 659 2029; x_wconf 88' lang='lat' dir='ltr'>docentem,</span> <span class='ocrx_word' id='word_1_262' title='bbox 674 1979 842 2032; x_wconf 89' lang='lat' dir='ltr'>abrupto</span> <span class='ocrx_word' id='word_1_263' title='bbox 863 1982 961 2019; x_wconf 79' lang='lat' dir='ltr'>saltu</span> <span class='ocrx_word' id='word_1_264' title='bbox 984 1981 1119 2019; x_wconf 86' lang='lat' dir='ltr'>transit</span> <span class='ocrx_word' id='word_1_265' title='bbox 1133 1980 1182 2018; x_wconf 87' lang='lat' dir='ltr'>ad</span> <span class='ocrx_word' id='word_1_266' title='bbox 1205 1995 1258 2028; x_wconf 85' lang='lat' dir='ltr'>se,</span> <span class='ocrx_word' id='word_1_267' title='bbox 1275 1981 1434 2032; x_wconf 88' lang='lat' dir='ltr'>pariter,</span> <span class='ocrx_word' id='word_1_268' title='bbox 1454 1982 1597 2033; x_wconf 81' lang='lat' dir='ltr'>inquit,</span> 
     </span>
     <span class='ocr_line' id='line_1_30' title="bbox 123 2045 1421 2098; baseline 0 -13"><span class='ocrx_word' id='word_1_269' title='bbox 123 2059 145 2085; x_wconf 79' lang='lat' dir='ltr'>a</span> <span class='ocrx_word' id='word_1_270' title='bbox 166 2047 249 2084; x_wconf 89' lang='lat' dir='ltr'>Deo</span> <span class='ocrx_word' id='word_1_271' title='bbox 266 2045 441 2084; x_wconf 87' lang='lat' dir='ltr'>edoctam</span> <span class='ocrx_word' id='word_1_272' title='bbox 455 2076 464 2092; x_wconf 85' lang='lat'>,</span> <span class='ocrx_word' id='word_1_273' title='bbox 485 2045 660 2084; x_wconf 84' lang='lat' dir='ltr'>miseram</span> <span class='ocrx_word' id='word_1_274' title='bbox 676 2046 850 2096; x_wconf 88' lang='lat' dir='ltr'>quamvis</span> <span class='ocrx_word' id='word_1_275' title='bbox 869 2055 906 2084; x_wconf 89' lang='lat' dir='ltr'>et</span> <span class='ocrx_word' id='word_1_276' title='bbox 929 2046 1133 2097; x_wconf 82' lang='lat' dir='ltr'>impuram,</span> <span class='ocrx_word' id='word_1_277' title='bbox 1154 2059 1190 2087; x_wconf 82' lang='lat' dir='ltr'>v.</span> <span class='ocrx_word' id='word_1_278' title='bbox 1211 2045 1296 2093; x_wconf 80' lang='lat'>151,</span> <span class='ocrx_word' id='word_1_279' title='bbox 1315 2059 1421 2098; x_wconf 88' lang='lat' dir='ltr'>sqq.:</span> 
     </span>
    </p>

    <p class='ocr_par' dir='ltr' id='par_1_6' title="bbox 280 2108 1278 2163">
     <span class='ocr_line' id='line_1_31' title="bbox 280 2108 1278 2163; baseline -0.002 -14"><span class='ocrx_word' id='word_1_280' title='bbox 280 2109 346 2153; x_wconf 84' lang='grc' dir='ltr'>Ὡς</span> <span class='ocrx_word' id='word_1_281' title='bbox 364 2108 426 2161; x_wconf 82' lang='grc' dir='ltr'>ἐμὲ</span> <span class='ocrx_word' id='word_1_282' title='bbox 445 2108 509 2157; x_wconf 76' lang='grc' dir='ltr'>τὴν</span> <span class='ocrx_word' id='word_1_283' title='bbox 528 2109 674 2163; x_wconf 80' lang='grc' dir='ltr'>λυγρήν.</span> <span class='ocrx_word' id='word_1_284' title='bbox 694 2108 794 2150; x_wconf 70' lang='lat' dir='ltr'><em>‘&#39;0⁶oe</em></span> <span class='ocrx_word' id='word_1_285' title='bbox 808 2109 875 2162; x_wconf 81' lang='grc' dir='ltr'>γὰρ</span> <span class='ocrx_word' id='word_1_286' title='bbox 893 2110 988 2149; x_wconf 77' lang='grc' dir='ltr'><strong>κακὰ</strong></span> <span class='ocrx_word' id='word_1_287' title='bbox 1004 2110 1154 2163; x_wconf 72' lang='grc' dir='ltr'>πρόσθεν</span> <span class='ocrx_word' id='word_1_288' title='bbox 1179 2109 1278 2163; x_wconf 73' lang='grc' dir='ltr'>ἔρεξα</span> 
     </span>
    </p>

    <p class='ocr_par' dir='ltr' id='par_1_7' title="bbox 117 2174 1595 2421">
     <span class='ocr_line' id='line_1_32' title="bbox 281 2174 903 2223; baseline 0.005 -10"><span class='ocrx_word' id='word_1_289' title='bbox 281 2175 406 2223; x_wconf 65' lang='lat' dir='ltr'>Etssut’,</span> <span class='ocrx_word' id='word_1_290' title='bbox 427 2174 517 2213; x_wconf 79' lang='grc' dir='ltr'>ἄλλα</span> <span class='ocrx_word' id='word_1_291' title='bbox 535 2191 573 2213; x_wconf 84' lang='grc' dir='ltr'>τε</span> <span class='ocrx_word' id='word_1_292' title='bbox 595 2175 732 2223; x_wconf 75' lang='grc' dir='ltr'>πολλὰ,</span> <span class='ocrx_word' id='word_1_293' title='bbox 754 2190 790 2215; x_wconf 82' lang='grc' dir='ltr'>κ.</span> <span class='ocrx_word' id='word_1_294' title='bbox 812 2190 845 2216; x_wconf 82' lang='grc' dir='ltr'>τ.</span> <span class='ocrx_word' id='word_1_295' title='bbox 865 2177 903 2216; x_wconf 82' lang='grc' dir='ltr'>λ.</span> 
     </span>
     <span class='ocr_line' id='line_1_33' title="bbox 121 2240 1595 2291; baseline -0.001 -12"><span class='ocrx_word' id='word_1_296' title='bbox 121 2240 315 2291; x_wconf 82' lang='lat' dir='ltr'>Pergitsic</span> <span class='ocrx_word' id='word_1_297' title='bbox 332 2241 416 2279; x_wconf 81' lang='lat' dir='ltr'>vitae</span> <span class='ocrx_word' id='word_1_298' title='bbox 435 2249 617 2278; x_wconf 78' lang='lat' dir='ltr'>anteactae</span> <span class='ocrx_word' id='word_1_299' title='bbox 633 2240 775 2291; x_wconf 72' lang='lat' dir='ltr'>flagitia</span> <span class='ocrx_word' id='word_1_300' title='bbox 789 2240 974 2287; x_wconf 72' lang='lat' dir='ltr'>confiteri,</span> <span class='ocrx_word' id='word_1_301' title='bbox 993 2253 1077 2291; x_wconf 85' lang='lat' dir='ltr'>quae</span> <span class='ocrx_word' id='word_1_302' title='bbox 1092 2253 1222 2291; x_wconf 83' lang='lat' dir='ltr'>supra,</span> <span class='ocrx_word' id='word_1_303' title='bbox 1242 2253 1329 2291; x_wconf 78' lang='lat' dir='ltr'>pag.</span> <span class='ocrx_word' id='word_1_304' title='bbox 1341 2241 1430 2288; x_wconf 75' lang='lat'>381,</span> <span class='ocrx_word' id='word_1_305' title='bbox 1445 2254 1595 2279; x_wconf 85' lang='lat' dir='ltr'>enume-</span> 
     </span>
     <span class='ocr_line' id='line_1_34' title="bbox 117 2302 1594 2356; baseline 0 -14"><span class='ocrx_word' id='word_1_306' title='bbox 117 2305 307 2352; x_wconf 78' lang='lat' dir='ltr'>ravimus3</span> <span class='ocrx_word' id='word_1_307' title='bbox 331 2304 550 2355; x_wconf 82' lang='lat' dir='ltr'>foedumque</span> <span class='ocrx_word' id='word_1_308' title='bbox 568 2302 660 2342; x_wconf 80' lang='lat' dir='ltr'>illud</span> <span class='ocrx_word' id='word_1_309' title='bbox 681 2313 718 2342; x_wconf 87' lang='lat' dir='ltr'>et</span> <span class='ocrx_word' id='word_1_310' title='bbox 736 2313 956 2355; x_wconf 82' lang='lat' dir='ltr'>cruentum,</span> <span class='ocrx_word' id='word_1_311' title='bbox 975 2306 1079 2356; x_wconf 81' lang='lat' dir='ltr'>quod</span> <span class='ocrx_word' id='word_1_312' title='bbox 1101 2303 1155 2342; x_wconf 90' lang='lat' dir='ltr'>ibi</span> <span class='ocrx_word' id='word_1_313' title='bbox 1171 2304 1337 2343; x_wconf 84' lang='lat' dir='ltr'>diximus</span> <span class='ocrx_word' id='word_1_314' title='bbox 1350 2335 1361 2356; x_wconf 82' lang='lat'>,</span> <span class='ocrx_word' id='word_1_315' title='bbox 1379 2305 1512 2344; x_wconf 86' lang='lat' dir='ltr'>mortis</span> <span class='ocrx_word' id='word_1_316' title='bbox 1531 2318 1594 2356; x_wconf 83' lang='lat' dir='ltr'>ge-</span> 
     </span>
     <span class='ocr_line' id='line_1_35' title="bbox 119 2368 1303 2421; baseline 0 -14"><span class='ocrx_word' id='word_1_317' title='bbox 119 2381 190 2407; x_wconf 88' lang='lat' dir='ltr'>nus</span> <span class='ocrx_word' id='word_1_318' title='bbox 217 2369 391 2416; x_wconf 74' lang='lat' dir='ltr'>invocat,</span> <span class='ocrx_word' id='word_1_319' title='bbox 421 2382 467 2407; x_wconf 83' lang='lat' dir='ltr'>ex</span> <span class='ocrx_word' id='word_1_320' title='bbox 498 2383 575 2420; x_wconf 87' lang='lat' dir='ltr'>quo</span> <span class='ocrx_word' id='word_1_321' title='bbox 603 2370 738 2421; x_wconf 87' lang='lat' dir='ltr'>purior</span> <span class='ocrx_word' id='word_1_322' title='bbox 766 2369 813 2407; x_wconf 83' lang='lat' dir='ltr'>ad</span> <span class='ocrx_word' id='word_1_323' title='bbox 843 2382 982 2407; x_wconf 86' lang='lat' dir='ltr'>novam</span> <span class='ocrx_word' id='word_1_324' title='bbox 1012 2368 1128 2406; x_wconf 82' lang='lat' dir='ltr'>vitam</span> <span class='ocrx_word' id='word_1_325' title='bbox 1150 2368 1303 2408; x_wconf 88' lang='lat' dir='ltr'>evolet:</span> 
     </span>
    </p>

    <p class='ocr_par' dir='ltr' id='par_1_8' title="bbox 105 2432 1642 2871">
     <span class='ocr_line' id='line_1_36' title="bbox 275 2432 760 2486; baseline -0.004 -13"><span class='ocrx_word' id='word_1_326' title='bbox 275 2432 381 2473; x_wconf 77' lang='grc' dir='ltr'>Οὕτω</span> <span class='ocrx_word' id='word_1_327' title='bbox 398 2432 465 2486; x_wconf 82' lang='grc' dir='ltr'>γὰρ</span> <span class='ocrx_word' id='word_1_328' title='bbox 483 2433 597 2480; x_wconf 79' lang='grc' dir='ltr'>ζήσω,</span> <span class='ocrx_word' id='word_1_329' title='bbox 617 2449 650 2472; x_wconf 81' lang='grc' dir='ltr'>κ.</span> <span class='ocrx_word' id='word_1_330' title='bbox 667 2449 702 2473; x_wconf 88' lang='grc' dir='ltr'>τ.</span> <span class='ocrx_word' id='word_1_331' title='bbox 727 2434 760 2471; x_wconf 89' lang='grc' dir='ltr'>λ.</span> 
     </span>
     <span class='ocr_line' id='line_1_37' title="bbox 116 2495 1592 2549; baseline -0.001 -14"><span class='ocrx_word' id='word_1_332' title='bbox 116 2498 211 2544; x_wconf 87' lang='lat' dir='ltr'>Quae</span> <span class='ocrx_word' id='word_1_333' title='bbox 229 2498 354 2535; x_wconf 86' lang='lat' dir='ltr'>omnia</span> <span class='ocrx_word' id='word_1_334' title='bbox 375 2498 568 2549; x_wconf 84' lang='lat' dir='ltr'>possintne</span> <span class='ocrx_word' id='word_1_335' title='bbox 582 2511 668 2535; x_wconf 87' lang='lat' dir='ltr'>cum</span> <span class='ocrx_word' id='word_1_336' title='bbox 686 2497 823 2535; x_wconf 86' lang='lat' dir='ltr'>ceteris</span> <span class='ocrx_word' id='word_1_337' title='bbox 849 2497 898 2535; x_wconf 87' lang='lat' dir='ltr'>‹le</span> <span class='ocrx_word' id='word_1_338' title='bbox 918 2496 1065 2548; x_wconf 79' lang='lat' dir='ltr'>Sibylla</span> <span class='ocrx_word' id='word_1_339' title='bbox 1085 2510 1151 2535; x_wconf 90' lang='lat' dir='ltr'>seu</span> <span class='ocrx_word' id='word_1_340' title='bbox 1169 2496 1339 2548; x_wconf 81' lang='lat' dir='ltr'>profanis</span> <span class='ocrx_word' id='word_1_341' title='bbox 1355 2510 1419 2534; x_wconf 88' lang='lat' dir='ltr'>seu</span> <span class='ocrx_word' id='word_1_342' title='bbox 1432 2495 1592 2547; x_wconf 78' lang='lat' dir='ltr'>judaicis</span> 
     </span>
     <span class='ocr_line' id='line_1_38' title="bbox 117 2561 1591 2613; baseline -0.001 -14"><span class='ocrx_word' id='word_1_343' title='bbox 117 2576 185 2600; x_wconf 85' lang='lat' dir='ltr'>seu</span> <span class='ocrx_word' id='word_1_344' title='bbox 210 2561 427 2600; x_wconf 86' lang='lat' dir='ltr'>christianis</span> <span class='ocrx_word' id='word_1_345' title='bbox 451 2562 724 2601; x_wconf 81' lang='lat' dir='ltr'>traditionibus</span> <span class='ocrx_word' id='word_1_346' title='bbox 746 2571 953 2613; x_wconf 80' lang='lat' dir='ltr'>utcumque</span> <span class='ocrx_word' id='word_1_347' title='bbox 984 2562 1203 2613; x_wconf 84' lang='lat' dir='ltr'>conciliari,</span> <span class='ocrx_word' id='word_1_348' title='bbox 1233 2570 1418 2613; x_wconf 67' lang='lat' dir='ltr'>quaerant,</span> <span class='ocrx_word' id='word_1_349' title='bbox 1439 2561 1504 2612; x_wconf 83' lang='lat' dir='ltr'>qui</span> <span class='ocrx_word' id='word_1_350' title='bbox 1522 2573 1591 2598; x_wconf 85' lang='lat' dir='ltr'>no-</span> 
     </span>
     <span class='ocr_line' id='line_1_39' title="bbox 116 2617 1642 2666; baseline -0.002 -2"><span class='ocrx_word' id='word_1_351' title='bbox 116 2626 175 2664; x_wconf 81' lang='lat' dir='ltr'>dis</span> <span class='ocrx_word' id='word_1_352' title='bbox 195 2625 415 2664; x_wconf 84' lang='lat' dir='ltr'>difficilibus</span> <span class='ocrx_word' id='word_1_353' title='bbox 433 2617 625 2665; x_wconf 88' lang='lat' dir='ltr'>solvendis</span> <span class='ocrx_word' id='word_1_354' title='bbox 644 2626 824 2665; x_wconf 81' lang='lat' dir='ltr'>insudare</span> <span class='ocrx_word' id='word_1_355' title='bbox 850 2636 996 2666; x_wconf 85' lang='lat' dir='ltr'>amant.</span> <span class='ocrx_word' id='word_1_356' title='bbox 1017 2627 1171 2665; x_wconf 84' lang='lat' dir='ltr'>Certum</span> <span class='ocrx_word' id='word_1_357' title='bbox 1192 2636 1249 2664; x_wconf 84' lang='lat' dir='ltr'>est</span> <span class='ocrx_word' id='word_1_358' title='bbox 1276 2627 1394 2664; x_wconf 86' lang='lat' dir='ltr'>multa</span> <span class='ocrx_word' id='word_1_359' title='bbox 1414 2640 1459 2663; x_wconf 87' lang='lat' dir='ltr'>ex</span> <span class='ocrx_word' id='word_1_360' title='bbox 1483 2625 1527 2662; x_wconf 86' lang='lat' dir='ltr'>iis</span> <span class='ocrx_word' id='word_1_361' title='bbox 1554 2624 1589 2661; x_wconf 90' lang='lat' dir='ltr'>in</span> <span class='ocrx_word' id='word_1_362' title='bbox 1637 2628 1642 2634; x_wconf 89' lang='lat'>&#39;</span> 
     </span>
     <span class='ocr_line' id='line_1_40' title="bbox 112 2688 1589 2742; baseline -0.001 -14"><span class='ocrx_word' id='word_1_363' title='bbox 112 2690 264 2742; x_wconf 79' lang='lat' dir='ltr'>epilogo</span> <span class='ocrx_word' id='word_1_364' title='bbox 293 2690 395 2728; x_wconf 84' lang='lat' dir='ltr'>tertii</span> <span class='ocrx_word' id='word_1_365' title='bbox 423 2690 512 2728; x_wconf 87' lang='lat' dir='ltr'>libri</span> <span class='ocrx_word' id='word_1_366' title='bbox 540 2704 645 2741; x_wconf 85' lang='lat' dir='ltr'>paene</span> <span class='ocrx_word' id='word_1_367' title='bbox 679 2691 812 2728; x_wconf 87' lang='lat' dir='ltr'>iisdem</span> <span class='ocrx_word' id='word_1_368' title='bbox 842 2690 1001 2728; x_wconf 85' lang='lat' dir='ltr'>vocibus</span> <span class='ocrx_word' id='word_1_369' title='bbox 1028 2703 1208 2742; x_wconf 81' lang='lat' dir='ltr'>expressa</span> <span class='ocrx_word' id='word_1_370' title='bbox 1251 2690 1345 2741; x_wconf 80' lang='lat' dir='ltr'>legi,</span> <span class='ocrx_word' id='word_1_371' title='bbox 1377 2703 1508 2727; x_wconf 77' lang='lat' dir='ltr'>verum</span> <span class='ocrx_word' id='word_1_372' title='bbox 1538 2688 1589 2726; x_wconf 84' lang='lat' dir='ltr'>ibi</span> 
     </span>
     <span class='ocr_line' id='line_1_41' title="bbox 110 2753 1587 2806; baseline -0.001 -14"><span class='ocrx_word' id='word_1_373' title='bbox 110 2755 241 2806; x_wconf 80' lang='lat' dir='ltr'>spuria</span> <span class='ocrx_word' id='word_1_374' title='bbox 259 2763 296 2792; x_wconf 88' lang='lat' dir='ltr'>et</span> <span class='ocrx_word' id='word_1_375' title='bbox 315 2754 680 2805; x_wconf 82' lang='lat' dir='ltr'>interpolationibus</span> <span class='ocrx_word' id='word_1_376' title='bbox 699 2754 932 2799; x_wconf 78' lang='lat' dir='ltr'>adulterata,</span> <span class='ocrx_word' id='word_1_377' title='bbox 954 2755 1008 2792; x_wconf 88' lang='lat' dir='ltr'>uti</span> <span class='ocrx_word' id='word_1_378' title='bbox 1029 2754 1254 2793; x_wconf 79' lang='lat' dir='ltr'>docebimus</span> <span class='ocrx_word' id='word_1_379' title='bbox 1274 2755 1392 2801; x_wconf 78' lang='lat' dir='ltr'>infra,</span> <span class='ocrx_word' id='word_1_380' title='bbox 1412 2768 1494 2805; x_wconf 81' lang='lat' dir='ltr'>cap.</span> <span class='ocrx_word' id='word_1_381' title='bbox 1517 2753 1557 2790; x_wconf 83' lang='lat'>13</span> <span class='ocrx_word' id='word_1_382' title='bbox 1578 2764 1587 2791; x_wconf 89' lang='lat'><strong>:</strong></span> 
     </span>
     <span class='ocr_line' id='line_1_42' title="bbox 105 2818 1486 2871; baseline 0.001 -14"><span class='ocrx_word' id='word_1_383' title='bbox 105 2832 210 2857; x_wconf 68' lang='lat' dir='ltr'>{nunc</span> <span class='ocrx_word' id='word_1_384' title='bbox 229 2818 329 2857; x_wconf 88' lang='lat' dir='ltr'>enim</span> <span class='ocrx_word' id='word_1_385' title='bbox 353 2833 372 2856; x_wconf 81' lang='lat' dir='ltr'>a</span> <span class='ocrx_word' id='word_1_386' title='bbox 398 2818 506 2856; x_wconf 87' lang='lat' dir='ltr'>libris</span> <span class='ocrx_word' id='word_1_387' title='bbox 519 2819 569 2858; x_wconf 90' lang='lat' dir='ltr'>Vl</span> <span class='ocrx_word' id='word_1_388' title='bbox 588 2828 625 2857; x_wconf 86' lang='lat' dir='ltr'>et</span> <span class='ocrx_word' id='word_1_389' title='bbox 649 2819 716 2858; x_wconf 83' lang='lat' dir='ltr'>vn</span> <span class='ocrx_word' id='word_1_390' title='bbox 736 2828 887 2870; x_wconf 87' lang='lat' dir='ltr'>tempus</span> <span class='ocrx_word' id='word_1_391' title='bbox 908 2827 963 2857; x_wconf 84' lang='lat' dir='ltr'>est</span> <span class='ocrx_word' id='word_1_392' title='bbox 986 2818 1031 2856; x_wconf 80' lang='lat' dir='ltr'>nd</span> <span class='ocrx_word' id='word_1_393' title='bbox 1056 2819 1239 2871; x_wconf 86' lang='lat' dir='ltr'>ulteriora</span> <span class='ocrx_word' id='word_1_394' title='bbox 1263 2832 1486 2871; x_wconf 85' lang='lat' dir='ltr'>properare.</span> 
     </span>
    </p>
   </div>
  </div>
 </body>
</html>
