1752 3495
684 224 990 270 Excuasus
1024 226 1058 271 1.
1493 208 1498 214 ’
1537 232 1599 276 43

140 327 240 380 quod
261 326 407 377 Pythia:
424 324 495 364 Dei
525 321 692 368 nomine,
710 321 865 382 Sibyllae
883 334 952 360 suo
983 322 1107 361 futura
1134 325 1354 374 praedicant.
1375 326 1455 367 Etsi
1480 337 1602 379 poetae

138 391 243 430 latini
263 392 380 428 multa
395 385 564 437 Sibyllis,
584 398 668 436 quae
686 386 819 434 melius
837 385 984 436 Pythiae
1003 386 1242 436 conveniant,
1260 389 1437 441 affingere
1456 392 1602 438 solent,

138 465 178 493 ut
196 455 381 494 cortinam
402 449 644 502 Propertius,
658 449 724 488 lib.
740 450 806 498 lv,
827 450 920 501 eleg.
947 463 980 499 1,
998 463 1035 506 y.
1057 443 1394 504 49;δαφνηφαγῖαν,
1413 455 1602 503 Tibullus,

137 518 204 558 lib.
225 519 272 565 ll,
290 518 383 567 eleg.
402 515 438 562 5,
459 526 496 550 v.
519 513 582 552 63.
600 513 696 551 Sunt
711 513 790 551 haec
809 513 932 564 poetis
951 513 1216 560 condonanda,
1233 517 1439 565 praesertim
1456 519 1487 557 si
1503 520 1599 571 Ery·

138 582 253 618 thraea
272 581 343 618 tale
364 576 508 627 aliquid
532 576 579 614 de
597 577 737 628 seipsa
757 576 944 615 cecinerat
970 577 1194 628 Pythiaeque
1218 579 1388 618 habitum
1409 582 1598 630 induerat,

137 652 177 681 ut
197 653 254 682 est
270 641 368 693 apud
387 639 694 691 Constantinum,
713 639 847 678 eodem
868 640 945 679 sere
964 653 1041 691 quo
1063 655 1179 692 supra
1198 642 1304 681 loco:
1328 642 1371 682 ‘H
1395 643 1601 699 Ἐρυθραία,

136 709 272 758 inquit,
301 703 471 754 Σίὸυλλα,
503 703 683 756 φάσκουσα
713 703 907 751 ἑαυτὴν....
936 704 1094 756 γενέσθαι
1118 704 1244 758 ἱέρειαν
1274 710 1334 746 τοῦ
1366 707 1599 758 Ἀπόλλωνος,

136 772 286 820 διάδημα
305 768 425 814 ἐπίσης
445 768 495 821 τῷ
514 767 779 821 θρησκευομένῳ
808 768 865 807 ὑπ’
884 770 991 815 αὐτῆς
1019 771 1084 821 θεῷ
1107 773 1273 822 φοροῦσα,
1294 771 1354 810 καὶ
1379 771 1438 811 τὸν
1458 773 1601 824 τρίποδα

134 835 212 888 περὶ
226 833 262 872 ὃν
282 835 299 871 ὁ
319 831 397 883 ὄφις
416 833 538 871 εἱλεῖτο
553 832 777 885 περιέπουσα.
796 833 942 885 Nempe
958 833 1074 872 fuisse
1093 848 1132 872 se
1148 835 1383 874 sacerdotem
1406 838 1602 888 Apollinis,

135 911 311 937 coronam
338 897 405 934 Dei
426 898 483 935 sui
503 907 688 948 gestasse,
709 896 901 948 tripodem
932 906 1108 949 serpente
1137 901 1386 938 convolutum
1413 901 1602 948 ambiisse,

134 976 209 1013 quo
234 962 280 1000 de
312 961 396 998 loco
415 961 510 1012 quid
532 961 758 1009 sentiamus,
779 961 875 999 infra
896 961 1078 1001 dicemus.
1102 964 1140 1001 Si
1159 963 1239 1002 haec
1259 964 1306 1002 de
1323 978 1362 1003 se
1379 965 1475 1003 dixit
1499 967 1598 1016 Ery-

136 1027 264 1072 thraea‚
282 1026 459 1075 Pythiam
485 1039 523 1063 se
545 1026 647 1073 fecit,
666 1039 741 1063 non
760 1024 959 1075 Sibyllam,
976 1026 1135 1077 aliisque
1164 1027 1264 1065 idem
1282 1028 1329 1067 de
1348 1042 1387 1066 se
1408 1030 1603 1068 tradituris

133 1091 231 1127 viam
263 1089 426 1140 paravit.
457 1089 685 1139 Quanquam
717 1089 787 1127 ista
824 1089 982 1128 sortasse
1015 1093 1126 1128 venia
1157 1091 1328 1130 Diodoro
1368 1093 1460 1131 nihil
1504 1108 1602 1145 opus

133 1162 212 1199 est,
239 1153 306 1203 qui
330 1161 515 1191 sacratam
537 1152 690 1204 quidem
717 1153 755 1191 in
787 1153 929 1204 templo
950 1153 1139 1205 Apollinis
1158 1155 1343 1205 captivam
1364 1155 1497 1201 docet;
1526 1171 1602 1196 non

135 1227 257 1254 tamen
285 1216 391 1254 addit
421 1217 567 1267 Pytbiae
597 1217 697 1255 vices
729 1216 783 1255 ibi
809 1218 984 1267 gessisse,
1021 1216 1084 1255 sed
1115 1218 1245 1268 patriae
1274 1227 1416 1257 tantum
1447 1221 1517 1259 arti
1548 1221 1602 1260 ibi

132 1295 282 1320 vacasse
302 1296 309 1319 :
336 1281 431 1329 Αὐτὴ
452 1281 487 1319 δὲ
507 1280 568 1328 τὴν
589 1281 758 1332 μαντικὴν
783 1284 844 1320 τοῦ
861 1280 990 1334 πατρὸς
1013 1282 1138 1330 εἰδυῖα,
1155 1297 1190 1322 κ.
1209 1297 1241 1321 τ.
1267 1283 1314 1331 λ.,
1333 1283 1385 1322 ita
1412 1293 1452 1322 ut
1472 1298 1517 1323 ex
1541 1286 1602 1324 illa

133 1345 305 1395 Delphici
327 1345 455 1396 templi
486 1345 722 1382 habitatione
748 1345 909 1395 peritior
927 1354 1072 1383 tantum
1092 1348 1253 1384 evaserit
1276 1345 1397 1385 ςΠολὺ
1416 1349 1546 1397 μᾶλλον
1567 1351 1601 1388 ἐν

130 1409 275 1460 Δελφοῖς
294 1409 506 1461 διατρίψασα
523 1407 586 1455 τὴν
603 1407 730 1460 τέχνην
751 1407 955 1456 ἐπηύξησεν.

185 1473 321 1511 Libros
340 1473 505 1524 denique
525 1486 546 1510 a
560 1473 717 1510 Tiresiae
736 1472 809 1509 lilia
825 1472 988 1523 scriptos
1005 1481 1189 1509 memorat
1210 1471 1426 1520 Diodorus,
1444 1474 1517 1513 loc.
1539 1475 1601 1512 cit.

131 1539 211 1576 Hoc
247 1537 400 1587 quidem
421 1539 590 1588 ineptum
604 1566 614 1583 ,
653 1536 770 1574 libros
800 1537 895 1574 ullos
935 1537 1194 1587 Epigonorum
1233 1545 1406 1588 tempore
1441 1539 1604 1589 scriptos

132 1601 351 1640 existimari.
373 1601 515 1638 Credas
545 1609 668 1638 tamen
689 1599 902 1639 Diodorum
927 1600 984 1638 vel
1006 1604 1076 1651 per
1108 1613 1149 1638 se
1178 1600 1269 1637 istos
1293 1600 1411 1639 libros
1430 1602 1602 1653 apprime
1621 1590 1624 1593 ¹

130 1679 242 1704 nosse
263 1666 319 1704 vel
349 1665 443 1703 certi
461 1665 605 1716 aliquid
627 1665 674 1703 de
695 1666 740 1703 iis
759 1664 940 1713 audiisse,
962 1664 1029 1715 qui
1058 1664 1109 1702 ita
1129 1663 1299 1702 scribat:
1325 1663 1440 1703 Φύσει
1459 1663 1495 1702 δὲ
1516 1668 1602 1704 Θαυ-

131 1733 248 1782 μαστῇ
266 1729 548 1783 κεχορηγημένη,
579 1727 760 1782 χρησμοὺς
790 1729 918 1782 ἔγραψε
947 1727 1187 1772 παντοδαποὺς
1221 1728 1401 1782 διαφόρους
1429 1734 1505 1774 ταῖς
1531 1745 1600 1769 πα-

127 1800 328 1847 ρασκευαῖς,
360 1795 494 1842 libros,
516 1794 662 1845 inquit,
680 1794 925 1831 oraculorum
945 1803 1128 1844 apparatu
1150 1793 1339 1841 diversos,
1362 1794 1602 1839 παντοδαποὺς

123 1865 198 1904 ταῖς
216 1865 465 1912 παρασκευαῖς.
489 1860 600 1915 Quod
623 1860 775 1896 interim
795 1859 964 1897 dubitari
986 1867 1110 1909 potest
1126 1859 1321 1909 quomodo
1341 1860 1389 1896 sit
1409 1860 1600 1911 accipien-

124 1924 228 1963 dum.
252 1925 384 1963 Potest
417 1924 518 1961 enim
543 1923 590 1961 de
616 1931 739 1960 metro
766 1923 946 1973 intelligi,
972 1931 1013 1960 ut
1034 1922 1229 1973 Delphicae
1259 1921 1413 1973 Sibyllae
1432 1923 1600 1962 carmina

124 1988 260 2038 partim
294 1987 428 2038 epicis,
458 1987 596 2039 partim
634 1986 764 2036 lyricis
796 1987 964 2024 numeris
998 1986 1210 2036 composita
1240 1987 1394 2024 suerint.
1415 1987 1477 2025 Sic
1514 1989 1601 2037 qui-

57 2088 59 2090 .
124 2052 209 2089 dem
241 2051 395 2102 Sibyllae
416 2052 530 2090 alicui
549 2052 687 2101 lyricos
708 2064 859 2099 versus,
880 2051 969 2101 μελη
985 2080 995 2099 ,
1018 2050 1183 2100 assignat
1206 2050 1359 2100 Suidas,
1385 2064 1419 2088 v.
1443 2050 1599 2090 Σίὸυλλα

125 2115 346 2159 Ἀπόλλωνος.
380 2116 455 2155 Sed
490 2116 628 2153 mirum
665 2116 737 2153 hoc
771 2115 960 2166 valdeque
986 2112 1200 2165 singulare,
1242 2128 1357 2165 quum
1397 2123 1433 2152 et
1457 2129 1597 2154 oracu-

124 2181 244 2218 lorum
282 2189 319 2218 et
350 2181 578 2231 hymnorum
608 2179 956 2230 umiquissimorum
989 2179 1136 2230 epicum
1168 2178 1281 2217 fuisse
1310 2179 1491 2227 sormam,
1529 2194 1598 2217 ne-

125 2244 214 2282 mini
235 2244 282 2282 sit
307 2243 482 2282 dubium.
505 2243 617 2281 Certe
639 2243 834 2294 Delphicae
856 2256 928 2281 sua:
950 2242 1103 2294 Sibyllae
1126 2242 1255 2294 epicos
1273 2250 1439 2289 tuntum,
1460 2242 1498 2280 id
1519 2251 1597 2292 est,

123 2309 363 2346 hexametros
392 2320 522 2346 versus
544 2307 677 2345 tribuit
699 2307 797 2345 idem
822 2307 980 2354 Suidas,
1009 2320 1042 2345 v.
1064 2305 1220 2346 Σίὸυλλα
1243 2305 1393 2359 Δελφίς,
1419 2307 1503 2344 loco
1518 2306 1596 2357 jam

123 2372 185 2409 cit.
201 2387 209 2410 :
229 2370 301 2411 Καὶ
322 2370 482 2425 ἔγραψεν,
498 2371 635 2422 inquit,
652 2369 828 2423 χρησμοὺς
843 2370 885 2409 δι’
904 2371 1008 2409 ἐπῶν.
1025 2371 1158 2421 ltaque
1175 2379 1325 2421 praestat
1345 2369 1500 2408 credere
1519 2384 1594 2408 non

125 2445 285 2474 metrum
300 2466 309 2484 ,
335 2436 399 2473 sed
427 2436 555 2486 operis
580 2436 762 2482 sormam,
781 2435 1020 2486 παρασκευήν,
1046 2448 1065 2472 a
1099 2435 1271 2473 Diodoro
1292 2434 1495 2485 designari.
1518 2434 1596 2473 Nec

125 2502 203 2550 ipse
234 2501 328 2538 alios
346 2513 458 2550 quam
484 2500 725 2537 hexametros
746 2507 783 2536 et
812 2499 1034 2538 Homericos
1060 2500 1098 2536 in
1119 2500 1246 2536 animo
1276 2498 1459 2546 habebat,
1477 2513 1595 2549 quum

123 2565 246 2601 statim
276 2564 434 2602 adderet
454 2564 593 2601 multos
617 2562 665 2600 ab
688 2576 730 2600 ea
751 2562 894 2613 Sibylla
921 2576 1050 2601 versus
1069 2559 1235 2601 Homero
1258 2563 1438 2613 dereptos
1468 2578 1477 2600 :
1504 2562 1598 2614 noep’

122 2621 162 2672 ἧς
183 2641 267 2679 φασι
285 2627 344 2665 καὶ
363 2626 421 2665 τὸν
443 2624 591 2673 ποιητὴν
606 2625 771 2678 ζὈμηρον
791 2625 905 2664 πολλὰ
926 2628 995 2664 τῶν
1015 2627 1107 2664 ἐπῶν
1129 2626 1408 2679 σφετερίσασθαι.
1429 2626 1541 2671 Quod
1560 2636 1596 2664 et

125 2692 296 2730 Bocchus
315 2690 417 2742 apud
435 2691 607 2730 solinum
626 2690 792 2728 affirmat
811 2690 859 2729 de
879 2691 1010 2728 eadem
1029 2690 1187 2740 Sibylla,
1209 2708 1225 2724 «ι
1242 2690 1350 2740 cujus
1368 2691 1595 2741 versusplu-

125 2756 238 2793 timos
255 2756 361 2807 operi
379 2768 447 2794 suo
468 2754 674 2794 Homerum
692 2755 894 2793 inseruisse
911 2755 1138 2800 manifestat,
1159 2773 1174 2788 υ
1189 2755 1241 2792 ait
1258 2754 1425 2802 Solinus,
1443 2769 1529 2806 cap.
1553 2768 1591 2794 α.

125 2811 245 2856 Porro
265 2820 358 2858 illud
378 2820 502 2871 ipsum
532 2828 586 2857 est
604 2820 718 2870 plagii
738 2820 880 2858 crimen
901 2818 1004 2870 quod
1035 2818 1082 2857 ab
1101 2819 1184 2857 aliis
1208 2818 1414 2869 Erythraeae
1441 2818 1593 2868 Sibyllae

125 2881 348 2920 intentatum
385 2885 601 2921 monuimus
630 2896 766 2933 supra,
795 2897 879 2935 cap.
904 2897 943 2930 α,
974 2897 1012 2935 p.
1040 2896 1102 2923 ω.
1136 2876 1260 2933 Atque
1292 2883 1380 2920 inde
1410 2882 1591 2933 suspicari
