1752 3495
575 210 651 252 AD
688 208 1016 254 EXCURSUM
1051 209 1112 252 11.

259 312 382 359 Atque
400 307 517 355 Olea,
534 304 680 355 primus
699 305 838 344 cecinit
850 305 917 356 qui
935 306 1091 343 oracula
1107 305 1266 361 Phoebi,

259 372 434 423 Antiquis
450 369 619 407 numeris
637 369 703 420 qui
718 382 884 420 pangere
900 369 1070 407 carmina
1090 370 1221 419 coepit.

754 455 916 486 BACiDIS.

820 529 848 565 I.

254 597 355 636 Cura
374 595 463 641 tibi,
484 595 638 646 quando
662 596 698 632 in
718 595 979 646 pontumjuga
997 595 1158 647 byblina
1181 597 1303 634 mittet

259 659 467 705 Barbarus,
491 658 632 698 Euboea
650 660 810 710 pingues
830 673 959 697 arcere
977 660 1157 710 capellas.

806 733 854 770 11.

255 799 421 839 Navibus
438 800 502 838 ille·
520 808 644 838 autem
665 814 781 851 quum
800 801 914 838 litora
929 814 1034 838 sacra
1058 801 1188 838 Dianae

251 866 428 904 Junxerit
448 875 485 903 et
506 866 603 903 salso
620 865 857 917 Cynosuram
880 880 968 904 rore
986 865 1221 907 madentem.

252 931 327 981 Spe
345 942 444 967 caeca
464 943 677 980 properans
698 943 851 980 magnas
869 930 1089 979 disperdere
1112 930 1276 968 Athenas
1289 960 1297 974 ,

249 995 388 1033 Sancta
403 994 560 1032 Themis
577 995 693 1032 fastus
708 996 934 1039 animorum,
948 1005 1139 1046 aestusque
1163 1005 1351 1033 tumentes
1411 1008 1415 1012 ·

249 1059 507 1110 Compriinet,
524 1066 561 1096 et
581 1059 697 1096 furias
717 1067 889 1097 evertere
909 1069 1044 1097 cuncta
1065 1068 1228 1111 paratas.

252 1124 403 1162 Scilicet
420 1137 470 1161 aes
493 1124 559 1161 aeri
577 1124 773 1173 confliget3
789 1124 969 1175 sanguine
987 1133 1148 1174 pontum

256 1187 400 1225 inficiet
420 1188 593 1235 Mavor33
613 1195 651 1225 tu
670 1187 809 1235 libera,
830 1187 997 1234 Graeeia,
1018 1201 1148 1238 surges
1161 1220 1172 1236 ,

249 1252 415 1299 Quando
437 1252 561 1290 aderit
582 1251 650 1290 tibi
670 1266 735 1290 rex
755 1253 892 1290 Divum
915 1261 952 1291 et
970 1253 1139 1290 Victoria
1160 1255 1258 1291 Iaeta.

791 1326 862 1362 ΙΙΙ.

233 1394 366 1445 Asopi
388 1393 531 1432 virides
550 1406 594 1430 ac
616 1392 919 1432 Thermodontis
939 1394 987 1431 ad
1007 1407 1094 1431 oras

247 1458 465 1496 Barbaricae
480 1457 624 1496 Graecis
644 1457 743 1495 acies
763 1458 931 1496 clamore
948 1458 1121 1498 coibunt.

249 1523 317 1560 Hic
337 1523 444 1560 multi
461 1531 547 1560 ante
562 1522 661 1560 diem
687 1522 766 1559 sato
786 1522 1004 1573 plectentur
1021 1521 1180 1570 acerbo,
1236 1549 1238 1551 »

246 1587 410 1633 Quando
429 1587 647 1638 sagittiferis
664 1586 791 1624 veniet
811 1586 872 1624 iux
891 1587 1025 1624 ultima
1043 1586 1178 1625 Medis.

785 1658 848 1692 IV.

246 1727 433 1765 Amissum
450 1726 583 1764 florem
601 1725 735 1776 populi
756 1734 833 1762 tum
851 1725 986 1776 Sparta
1007 1725 1153 1764 dolebit
1169 1755 1180 1776 ,

245 1794 369 1842 Atque
388 1792 493 1828 omni
514 1803 646 1827 rursus
665 1792 837 1827 Messene
858 1789 1098 1827 habitabitur
1118 1802 1209 1827 aevo.

794 1862 839 1895 V.

241 1931 436 1969 Messenen
457 1929 648 1979 armisque
667 1938 705 1967 et
722 1927 894 1966 fontibus
910 1929 1165 1966 interitui-ani.

786 2000 851 2036 VI.

777 2207 863 2243 vll.

239 2276 313 2315 Sed
329 2276 485 2328 quando
501 2275 656 2314 inferias
675 2275 896 2313 'l'ithorensi
915 2288 935 2311 a
955 2273 1066 2325 plebe
1087 2287 1296 2324 precesque

1478 210 1567 256 135

143 2072 195 2109 De
213 2071 283 2110 lrae
297 2083 452 2121 quoque
473 2069 779 2120 expugnatione,
801 2082 969 2118 quonam
993 2068 1108 2105 modo
1127 2077 1312 2107 eventura
1344 2077 1462 2118 esset,
1482 2069 1559 2107 Bu-

95 2136 147 2174 cin
164 2149 232 2188 ego
247 2134 484 2187 deprehendi
505 2134 790 2173 vaticinantem.

92 2361 258 2401 traJecturi,
287 2363 431 2392 caveant.
463 2361 554 2392 Patet
581 2368 658 2391 vero
690 2358 780 2391 istud

91 2408 243 2438 oraculum
259 2410 330 2447 post
353 2408 504 2439 eventum
526 2416 544 2438 a
567 2406 646 2438 salso
666 2405 779 2438 Bacide

90 2463 150 2486 esse
165 2455 347 2486 confictum.

126 2505 154 2534 3.
177 2505 218 2533 Ex
236 2501 407 2537 Herodoto,
426 2500 482 2532 lib.
495 2498 623 2540 Vl11‚§
640 2501 692 2532 77.
710 2499 781 2538 Agi-
811 2515 815 2520 ·

90 2548 135 2578 tur
147 2547 183 2579 de
197 2548 306 2588 praeiio
319 2547 421 2579 navali
434 2547 473 2578 ad
489 2546 657 2579 salamina.
673 2545 781 2586 Respi-

90 2594 127 2626 cit
147 2603 220 2627 vero
243 2595 280 2626 ad
301 2595 362 2626 hoc
372 2595 536 2626 oraculum
555 2593 637 2625 idem
648 2593 781 2633 scriptor

89 2640 196 2673 iteruin
213 2643 305 2682 infra,
323 2641 341 2683 §
358 2645 410 2673 96.

125 2692 153 2721 4,
176 2693 216 2721 Ex
233 2690 403 2727 Herodoto,
419 2688 470 2720 lib.
489 2692 545 2727 lx,
557 2688 576 2730 §
590 2691 647 2729 43,
665 2686 703 2719 de
720 2696 779 2728 pu-

88 2744 142 2774 gna
164 2736 201 2767 ad
230 2737 375 2769 Plataeas.
404 2740 507 2775 Longe
532 2735 628 2774 igitur
654 2735 778 2766 diversa

87 2785 287 2816 sumni-acula
299 2782 580 2825 pseudo-Sibyllina
589 2781 639 2814 vei
650 2781 779 2823 pseudo·

89 2830 230 2870 Deiphica
247 2831 286 2863 de
306 2840 409 2871 pugna
436 2830 640 2863 choeronensi
666 2838 684 2860 n
707 2829 778 2860 Plu-

90 2877 192 2909 tarcho
224 2881 254 2909 et
282 2879 435 2911 Plethone
460 2880 605 2916 servata,
638 2875 712 2907 licet
739 2875 780 2907 ab

89 2922 190 2956 iisdem
208 2923 308 2964 [piene
337 2924 441 2956 verbis
472 2922 672 2964 incipientia;
708 2922 780 2954 vide

851 2366 948 2398 supra
968 2360 1034 2388 not.
1054 2357 1094 2388 nd
1112 2357 1243 2389 incertae
1262 2357 1388 2399 Sibyllae
1405 2359 1514 2399 fragm.

892 2411 921 2437 5.
948 2408 969 2436 E
986 2406 1151 2442 Pausania,
1170 2410 1304 2436 Messen.
1325 2414 1396 2446 cap.
1415 2408 1475 2446 ²⁷5
1491 2408 1556 2447 agi-

853 2456 906 2484 tur
925 2451 965 2484 de
985 2452 1178 2483 restituenda
1194 2452 1358 2484 Messeniis
1382 2461 1471 2494 pace,
1490 2461 1554 2485 non

852 2499 1015 2531 Leuctrico
1040 2499 1120 2530 bello
1133 2523 1141 2539 ‚
1165 2499 1219 2531 sed
1239 2503 1309 2540 post
1325 2499 1462 2540 primum
1477 2503 1558 2532 Mes-
1618 2523 1621 2527 -

852 2546 1012 2577 seniacum
1033 2545 1151 2577 helhum
1165 2570 1174 2587 ,
1191 2547 1249 2577 etsi
1267 2550 1375 2586 postea
1394 2546 1424 2578 id
1444 2555 1557 2579 oracu-

851 2592 918 2625 lum
940 2592 1171 2632 Epaminondas
1185 2592 1222 2624 ad
1241 2602 1275 2624 se
1292 2594 1400 2625 traxit.

892 2644 922 2670 0.
947 2643 969 2671 Ε
985 2639 1150 2678 Pausania,
1168 2639 1244 2670 ibid.

892 2689 922 2718 7.
949 2691 968 2718 Ε
985 2687 1149 2725 Pausania,
1165 2686 1242 2717 ibid.
1258 2685 1370 2725 Agitur
1383 2686 1485 2718 detra
1498 2697 1552 2727 op-

849 2736 989 2774 pugnata
1000 2736 1156 2774 captaque
1164 2743 1181 2765 a
1191 2735 1353 2775 Spartanis
1363 2735 1554 2767 Messeniaco

848 2781 931 2814 bello
946 2781 1096 2814 secundo.

892 2832 922 2861 8.
947 2832 968 2860 E
984 2828 1156 2868 Pausania,
1173 2831 1270 2861 smot.
1289 2838 1358 2870 cap.
1379 2833 1429 2872 17,
1445 2829 1484 2862 de
1499 2829 1553 2863 'ri-

849 2875 1057 2908 thorensibus
1075 2875 1222 2907 Phocidis
1242 2879 1273 2908 et
1292 2876 1450 2909 Thebanis
1468 2880 1556 2909 Boeo-

851 2923 903 2954 tim
917 2946 926 2962 ,
949 2923 1033 2954 circa
1052 2922 1202 2961 cespitem
1226 2923 1395 2962 quemdam
1414 2932 1455 2956 ex
1481 2928 1552 2956 Ain·
