1686 3500
651 176 968 231 EXCURSUS
999 180 1081 224 V.»
1122 181 1125 183 ’
1166 215 1167 218 ,
1386 241 1394 252 ⁴
1506 177 1600 224 413

127 287 256 313 versus
279 273 450 326 integros
466 272 670 312 duodecim
692 272 755 311 hic
776 271 927 316 obtinet
950 284 961 311 t
1036 307 1040 313 ,
1154 304 1155 307 ,

282 337 352 378 'Ex
373 337 410 377 δὲ
425 327 660 385 Σεὸαστὴνῶν
679 335 753 383 ἥξει
771 335 899 389 Βελίαρ
920 334 1126 386 μετόπισθεν
1139 345 1156 386 ,·
1183 358 1186 362 ·

290 429 541 444 ..........
551 401 610 440 καὶ
630 399 776 453 σήματα
791 399 905 439 πολλὰ
921 398 1060 447 ποιήσει

228 478 231 483 ’
272 465 510 520 Ἀνθρώποις·
530 465 609 504 ἀλλ’
624 464 703 517 ουχὶ
718 464 934 518 τελεσφόρα,
953 480 987 504 κ.
1005 480 1038 503 τ.
1052 467 1102 511 λ..

126 531 310 582 Agnoscis
326 530 459 570 eadem
484 529 666 581 utrinque
693 528 825 576 verba,
842 528 1096 580 eamdemque
1113 501 1353 578 sententiam,
1368 531 1434 571 sed
1452 530 1516 572 lib
1520 532 1601 582 ΙΙΙ,

125 595 247 646 majus
273 595 310 632 in
330 594 494 646 spatium
523 592 777 646 productam3
799 607 861 638 ac,
884 592 915 630 si
937 593 1099 644 propius
1125 592 1325 643 attendas,
1355 594 1503 634 videbis
1528 596 1602 635 hoc

124 671 282 710 quoque
300 671 462 710 sequens
478 658 783 707 hemistichium,
805 657 870 697 lib.
888 657 964 707 ΙΙΙ,
983 671 1019 700 v
1040 659 1122 709 69.
1114 674 1123 683 ·

284 718 436 763 Πιστούς
449 735 469 758 τ
471 719 676 765 ’ἐκλεκτους
689 718 875 773 Ἑδραίους
888 750 899 768 ,
1621 761 1624 765 ,

124 783 183 822 bis
201 797 423 857 expressum
446 785 561 823 fuisse
583 784 683 823 libro
709 785 757 832 ll,
788 799 825 826 v.
856 786 928 836 169
953 793 991 824 et
1016 785 1112 833 175,
1144 783 1278 823 iisdem
1307 783 1439 836 plane
1449 753 1606 837 syllabis

124 861 209 887 cum
234 849 367 887 eadem
403 849 440 886 in
466 848 642 902 ‘E6p0u‘mv
677 848 812 887 mediae
841 848 999 900 syllabae
1029 848 1274 900 correptione
1296 861 1411 900 quam
1437 848 1605 899 diximus

126 910 269 951 librisl
301 921 338 951 et
367 913 399 951 ll
431 912 660 951 familiarem
687 926 783 953 esse.
814 914 916 961 Quid
949 927 1041 965 ergo
1072 914 1212 964 putes?
1231 913 1304 952 nisi
1325 912 1604 966 huncquoque

125 976 250 1014 locum
275 990 295 1014 e
322 977 493 1015 secundo
523 976 623 1015 libro
651 977 877 1029 decerptum
906 991 986 1016 esse
1015 986 1053 1016 et
1080 977 1156 1017 huc
1182 977 1362 1023 allatum,
1386 978 1528 1017 relictis
1557 991 1604 1018 ex

124 1040 207 1092 ejus
221 1041 334 1080 initio
350 1042 525 1093 pauculis
545 1041 686 1081 verbis.

177 1106 384 1146 Adduntur
411 1107 552 1146 deinde
572 1107 673 1146 libro
693 1108 767 1156 ΙΙΙ,
787 1121 824 1149 v.
849 1107 912 1156 75,
934 1121 1039 1159 sqq„
1056 1107 1104 1147 de
1126 1107 1296 1147 mulieris
1314 1108 1478 1159 imperio
1503 1120 1602 1159 quae·

124 1171 212 1209 dam
241 1171 288 1209 ad
321 1167 409 1210 libri
435 1172 522 1211 Vlll
548 1172 801 1210 imitationem
829 1172 994 1223 scripta,
1022 1186 1109 1224 quae
1135 1172 1235 1211 libro
1265 1173 1298 1211 ΙΙ
1319 1185 1422 1212 nunc
1445 1171 1605 1224 absunt,

124 1235 188 1274 sed
207 1236 297 1274 olim
318 1236 372 1274 ibi
390 1246 601 1288 potuerunt
616 1238 749 1276 inesse.
765 1237 861 1291 ltem
874 1238 991 1276 multa
1005 1237 1053 1276 de
1069 1239 1143 1277 fine
1163 1237 1295 1276 mundi
1310 1251 1355 1277 ac
1375 1237 1423 1276 de
1438 1237 1623 1277 universi

125 1299 231 1339 orbis
257 1301 445 1353 imperio,
465 1315 552 1354 quae
575 1315 748 1353 magnam
777 1310 924 1353 partem
947 1301 1049 1341 libro
1076 1302 1166 1342 Vlll
1195 1316 1296 1341 nunc
1321 1302 1513 1354 leguntur,
1538 1302 1604 1341 sed

124 1364 216 1403 olim
238 1365 399 1404 fortasse
414 1379 503 1417 pars
522 1375 633 1404 erant
656 1367 738 1419 ipsa
760 1379 919 1417 quoque
942 1367 1102 1405 secundi
1122 1366 1223 1405 libri.
1335 1407 1339 1412 ,

178 1428 282 1475 Quid
304 1430 450 1468 multa?
471 1431 610 1469 Totam
631 1438 811 1481 putamus
831 1430 921 1468 libri
944 1430 1045 1469 tertii
1067 1441 1213 1482 partem
1241 1430 1417 1481 primam,
1436 1443 1503 1470 seu
1529 1434 1548 1478 S
1570 1445 1605 1481 1,

125 1493 348 1544 fragmentis
370 1507 452 1533 csse
476 1503 678 1533 consutam
700 1509 721 1533 e
743 1494 846 1533 libro
866 1496 899 1533 ll
920 1494 1113 1542 detractis,
1138 1508 1225 1546 quae
1251 1495 1392 1546 primo,
1415 1508 1534 1547 usque
1557 1495 1605 1534 ad

126 1570 277 1596 versum
308 1560 380 1605 62,
409 1572 452 1596 ea
480 1568 606 1596 mente
637 1559 899 1597 consarcinata
939 1559 1116 1610 fuerant,
1136 1567 1179 1596 ut
1209 1559 1412 1610 prologum
1441 1558 1608 1597 facerent

128 1622 228 1660 tertii
247 1622 336 1661 libri
368 1624 586 1671 retractati3
606 1632 738 1675 postca
756 1632 899 1661 mutata
916 1631 1043 1661 mente
1061 1622 1287 1674 abjectoque
1305 1622 1394 1661 libri
1412 1623 1465 1662 Ill
1488 1632 1607 1663 retra-

128 1687 258 1726 ctandi
279 1688 440 1726 consilio
453 1715 462 1732 ,
481 1689 666 1740 pleraque
685 1689 876 1740 congessit
890 1688 965 1726 huc
979 1688 1213 1739 epitomator
1226 1701 1312 1739 quae
1325 1690 1431 1740 prius
1452 1702 1473 1727 e
1491 1689 1593 1728 libro

124 1752 156 1792 ΙΙ
176 1752 384 1801 reciderat,
403 1753 572 1804 quadam
589 1752 768 1792 videlicet
790 1753 1043 1804 parcimonia,
1058 1767 1106 1791 ne
1128 1754 1288 1791 omnino
1312 1754 1494 1803 perirent.

178 1819 273 1864 Quae
301 1818 333 1855 si
362 1817 414 1855 ita
434 1825 545 1865 sunt,
567 1832 610 1855 ac
631 1819 661 1856 si
691 1826 814 1855 totuin
837 1817 912 1855 hoc
932 1817 1021 1856 libri
1042 1817 1144 1855 tertii
1161 1817 1312 1856 initium
1328 1817 1376 1856 ab
1394 1819 1605 1870 interpola-

125 1890 208 1919 tore
222 1889 470 1920 retractatum
490 1890 568 1929 est,
583 1881 663 1933 jam
688 1882 794 1919 nulla
812 1895 926 1920 causa
947 1890 1004 1920 cst
1019 1882 1227 1932 quominus
1242 1883 1435 1934 epilogum
1451 1896 1623 1935 quoque.
1659 1935 1664 1938 Ι

124 1946 241 1999 hujus
257 1946 345 1985 libri
364 1946 413 1985 ab
431 1946 568 1985 eodem
587 1947 774 1985 resectum
794 1955 831 1984 et
851 1946 999 1997 aliquot
1019 1945 1195 1984 versibus
1213 1956 1366 1985 auctum
1393 1947 1605 1988 credamus.

125 2012 235 2050 Nunc
253 2010 353 2049 enim
377 2012 509 2049 lectori
533 2010 573 2048 in
592 2019 758 2049 mentem
773 2023 955 2048 revocare
972 2009 1084 2047 liceat
1107 2009 1146 2047 id
1166 2009 1271 2060 quod
1293 2024 1430 2063 supra,
1446 2024 1533 2063 cap.
1562 2026 1577 2050 1
1593 2041 1605 2061 ,

128 2088 211 2126 pag.
236 2076 324 2123 323,
340 2074 654 2125 observavimus,
674 2074 827 2113 ultimos
851 2073 966 2123 hujus
985 2073 1072 2112 libri
1093 2086 1224 2112 versus
1253 2074 1430 2113 undecim
1454 2076 1608 2127 spurios

126 2138 247 2176 videri
272 2147 309 2176 et
327 2138 517 2190 posterius
543 2138 709 2177 additos.
728 2138 833 2177 Scias
858 2151 950 2189 ergo
980 2138 1221 2176 Lactantium
1255 2135 1481 2190 ceterosque
1509 2141 1609 2180 nnti—

126 2217 224 2254 quos
247 2204 401 2251 Patres,
430 2217 549 2254 quum
575 2203 770 2254 epilogum
806 2202 908 2241 tertii
939 2201 1026 2240 libri
1056 2202 1106 2240 ob
1132 2203 1265 2240 oculos
1293 2203 1607 2260 haberent‚(La-

127 2267 310 2305 etantium
331 2268 489 2319 quidem
515 2267 562 2307 de
589 2266 745 2317 Assyria
771 2265 929 2318 Sibyllae
948 2266 1097 2318 origine
1127 2274 1248 2304 totum
1273 2280 1380 2319 paene
1397 2269 1606 2320 locum,‚id

127 2339 200 2380 est,
220 2345 351 2370 versus
368 2333 560 2379 808-817,
583 2331 640 2369 vel
663 2338 794 2381 aperte
809 2329 1049 2376 laudantem,
1068 2329 1155 2367 Div.
1178 2329 1290 2378 inst„
1310 2329 1375 2368 lib.
1399 2330 1438 2378 Ι,
1457 2344 1541 2383 cap.
1559 2333 1606 2381 6,

127 2396 187 2435 vel
204 2397 342 2448 partim
371 2397 485 2435 etiam
511 2397 603 2448 ipsis
628 2395 757 2434 verbis
776 2395 975 2442 citantem,
994 2393 1059 2432 lib.
1080 2395 1152 2442 lV,
1176 2407 1262 2446 cap.
1289 2395 1370 2446 15),
1391 2404 1516 2435 tamen
1545 2409 1606 2436 se·

123 2463 282 2513 *quentia
298 2463 452 2514 penitus
473 2463 669 2514 ignorasse
687 2460 821 2509 videri,
842 2461 880 2498 in
898 2460 1040 2511 quibus
1065 2459 1211 2511 Sibylla
1229 2473 1334 2498 suam
1351 2475 1439 2500 cum
1459 2463 1606 2503 No'e‘mo

128 2528 394 2579 cognationem
426 2527 646 2579 profitetur,
666 2539 704 2566 v.
721 2527 814 2572 818,
833 2538 919 2576 sqq.
938 2539 945 2562 :

285 2591 353 2634 ⁶0<
368 2590 435 2646 γὰρ
452 2592 529 2642 ἐμοὶ
546 2591 700 2638 δήλωσεν
713 2620 723 2639 ,
742 2589 764 2627 ἃ
780 2588 862 2643 πρὶν
881 2591 1082 2641 γενετῆρσιν
1097 2589 1247 2640 ἐμοῖσιν,

284 2652 405 2695 ’Όσσα
420 2671 458 2694 τε
476 2655 587 2709 πρῶτ’
602 2654 758 2707 ἐγένοντο
767 2682 935 2693 .......

294 2748 598 2760 ............
607 2718 665 2758 ὅτε
682 2718 748 2773 γὰρ
765 2717 994 2763 κατεκλύζετο
1010 2716 1140 2767 κόσμος

284 2783 416 2825 ‘ream
430 2814 441 2834 ,
459 2784 519 2823 καί
534 2799 585 2827 τις
607 2782 694 2836 ἀνὴρ
714 2783 816 2835 μόνος
830 2782 1056 2834 εὖδοκίμητος
1077 2782 1254 2836 ἐλείφθη,.
1274 2779 1308 2821 .’.
1327 2811 1336 2821 .
1353 2812 1362 2821 .
1380 2812 1389 2821 .

287 2851 360 2888 Τοῦ
381 2847 443 2900 μὲν
463 2846 531 2898 ἐγὼ
547 2848 665 2901 νύμφη
681 2862 718 2885 τε
732 2877 742 2896 ,
764 2863 797 2886 κ.
814 2862 845 2885 τ.
860 2848 893 2887 λ.
