1686 3500
592 176 896 233 Excessus
933 178 1012 222 v1.
1349 211 1352 214 .
1454 179 1548 225 495

232 270 388 316 Ἄσσίδος
408 272 447 311 ἐκ
463 271 563 323 γαίης
581 270 638 311 ἐπὶ
660 270 821 325 Τρωϊκὸν
837 271 922 325 ἅρμ’
940 271 1128 320 ἐπιὸάντα,

228 326 352 387 Θυμὸν
366 335 478 390 ἔχοντ’
493 335 646 379 αἴθωνος.
660 335 775 375 Ὅταν
789 335 818 373 δ’
835 334 956 386 ἰσθμὸν
973 337 1143 390 διακόψῃ,
1160 352 1193 376 κ.
1211 352 1244 378 τ.
1262 337 1294 375 λ.

127 401 162 439 Is
177 408 234 438 est
251 400 364 438 trium
383 400 569 439 librorum
582 397 736 448 {cetera
756 399 1126 447 diversissimorum,
1141 399 1190 439 cle
1203 413 1245 439 ea
1263 413 1305 441 re
1323 409 1548 453 concentus.

74 466 197 505 Porro
216 463 317 503 liber
337 474 495 516 quartus
523 464 596 503 sub
618 464 707 503 Tito
727 464 786 502 vel
809 464 1033 503 Domitiano
1053 465 1218 515 scriptus
1239 474 1314 512 est;
1342 466 1432 505 libri
1451 467 1483 504 V
1510 475 1550 504 et

73 529 178 578 VIII,
197 530 220 581 5
243 542 273 577 ι,
293 529 366 568 sub
383 529 580 575 Antonino
601 529 685 568 Pio.
707 530 868 568 Constat
890 528 1009 580 igitur
1028 542 1096 581 per
1113 528 1208 567 illud
1229 542 1342 568 omne
1357 531 1547 582 spatium,

72 596 169 633 inter
181 595 336 633 ultimos
350 595 466 647 primi
479 594 610 633 saeculi
622 607 742 632 annos
757 602 794 632 et
810 593 954 632 medios
966 592 1230 643 seresecundi,
1243 604 1433 646 receptam
1446 596 1548 648 apud

69 659 286 711 Sibyllistas
300 660 414 698 fuisse
427 658 649 711 opinionem
665 659 713 697 de
728 660 881 699 Nerone
895 658 1133 697 Antichristo
1147 659 1291 698 futuro.
1306 660 1382 699 Nec
1396 660 1548 713 mirum,

70 738 187 777 quum
205 725 376 763 eamdem
396 725 517 776 ipsam
538 724 604 763 diu
619 724 782 777 viguisse
797 731 946 762 constet
963 723 1078 762 etiam
1094 723 1197 776 apud
1223 725 1355 763 Patres
1375 725 1550 764 ecclesia-

70 790 201 838 sticos,
218 790 430 841 praesertim
448 789 717 838 occidentales,
738 788 792 827 uti
811 802 900 827 mox
925 801 1056 826 sumus
1078 789 1281 828 ostensuri.
1301 792 1349 828 At
1365 789 1466 828 unde
1484 790 1548 828 illa

70 853 266 905 persuasio
279 855 293 891 Ρ
306 853 539 905 Simpliciter
553 853 627 891 hoc
647 852 722 891 diei
744 866 822 892 nou
840 860 989 905 potest,
1007 853 1190 904 quoniam
1205 866 1284 891 non
1307 853 1469 906 simplex
1490 862 1550 893 est

68 917 216 969 opinio,
228 917 294 955 sed
310 930 440 955 revera
458 917 602 969 duplex
620 918 824 969 :primum,
841 918 1031 957 Neronem
1047 930 1130 955 esse
1141 917 1355 967 rediturum
1369 931 1380 965 ;
1393 917 1549 965 deinde,

69 982 261 1021 Neronem
282 981 464 1020 reducem
482 982 608 1034 ipsum
627 983 708 1021 sore
729 982 1024 1022 Antichristum.

122 1046 234 1086 Prior
257 1060 345 1099 pars
374 1046 569 1097 opinionis
592 1046 673 1099 jam
694 1046 744 1085 ab
763 1047 869 1086 exitu
899 1047 1061 1086 Neronis
1082 1046 1298 1085 invaluerat
1316 1045 1418 1098 apud
1443 1047 1549 1099 ipsos

69 1111 251 1163 gentiles,
277 1120 360 1149 orta
386 1112 531 1149 scilicet
560 1125 605 1150 ex
634 1112 773 1150 infimae
803 1110 927 1162 plebis
951 1125 995 1149 ac
1021 1111 1218 1150 deterrimi
1243 1109 1431 1163 cujusque
1457 1126 1548 1164 erga

70 1178 181 1215 istum
203 1176 415 1228 principem
440 1176 645 1215 affectibus
658 1205 668 1223 ,
688 1176 737 1214 de
755 1176 896 1227 quibus
913 1175 1172 1215 conferendus
1187 1176 1363 1225 Tacitus,
1382 1176 1477 1218 Ilist.
1504 1178 1544 1225 1,

69 1246 121 1289 §4
144 1249 183 1280 et
201 1255 261 1292 ιι,
278 1240 343 1280 sed
361 1241 401 1279 in
422 1241 555 1293 primis
578 1242 787 1281 Suetonius
807 1242 844 1279 in
864 1242 1027 1280 Neronis
1046 1241 1125 1280 vita
1145 1240 1218 1280 sub
1238 1241 1351 1280 finem
1376 1242 1430 1280 ita
1451 1243 1549 1281 seri·

67 1307 159 1345 bens
179 1322 216 1345 2«
236 1307 280 1346 Et
299 1315 424 1345 tamen
443 1321 520 1345 non
545 1306 754 1345 defuerunt
773 1306 839 1358 qui
856 1320 925 1357 per
945 1306 1103 1359 longum
1130 1315 1278 1359 tempus
1303 1307 1427 1346 vernis
1446 1308 1548 1346 aesti-

66 1391 79 1405 a
94 1372 229 1423 visque
240 1371 399 1410 ssoribus
413 1372 602 1410 tumulum
614 1371 697 1423 ejus
711 1380 905 1417 ornarent,
921 1385 965 1409 ae
981 1371 1093 1409 modo
1110 1371 1294 1422 imagines
1306 1374 1547 1422 praetextatas

67 1455 82 1472 ι
97 1436 136 1475 in
154 1436 304 1476 Rostris
318 1437 548 1489 proferrent,
562 1436 677 1475 modo
694 1436 816 1474 edicta
835 1436 944 1487 quasi
963 1436 1124 1474 viventis
1139 1445 1176 1473 et
1195 1436 1302 1474 brevi
1316 1450 1454 1488 magno
1471 1436 1549 1474 ini-

66 1521 80 1537 ·
98 1502 286 1540 micorum
307 1503 409 1540 malo
438 1501 643 1540 reversuri.
660 1520 674 1535 »
695 1501 808 1549 Quod
831 1501 1010 1539 ultimum
1030 1501 1195 1540 Tacitus
1211 1501 1425 1550 confirmat,
1449 1500 1546 1541 IIist.

67 1568 140 1607 loc.
162 1567 226 1606 cit.
248 1581 256 1605 :
278 1585 293 1600 κ
313 1567 495 1606 Plurimis
523 1579 609 1606 eum
632 1566 764 1605 vivere
793 1565 1025 1617 lingentibus
1045 1565 1384 1617 credentibusque.
1405 1584 1420 1599 ι»
1436 1561 1560 1604 Adde‘

68 1634 181 1671 Dion.
202 1633 401 1683 Chrysost.
424 1647 484 1672 or.
506 1634 616 1680 XXI,
638 1645 676 1684 p.
698 1631 787 1678 504,
806 1632 866 1670 ed.
886 1631 1013 1670 Reisk.
1037 1645 1046 1671 ς
1074 1631 1146 1670 Καὶ
1173 1634 1232 1669 νῦν
1252 1630 1302 1669 ἔτι
1325 1630 1452 1674 πάντες
1469 1632 1546 1670 ἐπι-

66 1700 211 1749 θυμοῦσι
225 1699 285 1750 ζῇν
300 1725 312 1745 ,
328 1698 358 1736 οἱ
382 1696 417 1736 δὲ
432 1695 555 1735 πολλοὶ
568 1695 630 1735 καὶ
645 1695 789 1736 οἴονται.
810 1695 926 1742 Quod
943 1695 1191 1744 desiderium,
1204 1704 1246 1734 ut
1264 1695 1492 1734 incredibile
1509 1705 1547 1735 et

66 1763 103 1799 in
121 1762 229 1800 malis
245 1762 397 1801 civibus
410 1762 573 1813 impium
589 1771 703 1813 atque
717 1761 992 1809 damnandum,
1009 1770 1091 1799 erat
1105 1761 1288 1799 tamenin
1309 1761 1423 1812 vulgo
1436 1774 1549 1799 excu-

65 1827 212 1866 satione
230 1826 405 1879 ‹lignum‚
424 1826 527 1878 quod
544 1826 701 1864 ultimus
714 1826 923 1873 Caesarum,
940 1834 977 1864 et
996 1829 1173 1878 Auguslae
1190 1826 1310 1877 prolis
1326 1825 1446 1865 haeres
1463 1826 1559 1879 uni-¹

66 1904 154 1936 cus,
171 1890 417 1930 acerbissimo
439 1892 516 1929 sato
538 1899 773 1943 praereptus,
793 1900 959 1929 veterem
979 1891 1132 1943 imperii
1156 1891 1400 1929 traditionem
1416 1904 1545 1930 secum

64 1955 295 1994 abstulisset.
315 1955 481 1994 Favebat
501 1969 594 1993 vero
613 1956 778 2007 vulgatae
790 1955 874 2006 spei
892 1956 1037 1994 incerta
1051 1955 1098 1993 ‹le
1117 1955 1199 2007 ejus
1218 1964 1340 1993 morte
1359 1956 1545 2003 narratio,

66 2021 180 2059 variis
201 2020 440 2069 rumoribus,
457 2029 498 2058 ut
514 2021 566 2058 ait
582 2021 738 2060 Tacitus
751 2049 762 2068 ,
783 2021 881 2058 Ilist.
902 2021 937 2059 II
952 2051 961 2067 ,
982 2021 1003 2071 §
1022 2022 1056 2068 8,
1075 2033 1146 2059 nec
1167 2021 1324 2059 invento
1343 2021 1546 2073 cadavere,

65 2095 108 2124 ut
122 2079 344 2125 Lactantius
362 2086 410 2124 de
426 2086 547 2125 Mort.
566 2098 680 2137 pers.‚
697 2086 719 2135 5
737 2098 773 2132 2,
794 2085 882 2123 licet
899 2085 948 2123 de
959 2087 1038 2137 ejus
1056 2085 1254 2136 sepultura
1268 2085 1442 2137 quaedam
1453 2086 1546 2125 satis

64 2150 181 2190 dubia
213 2151 366 2190 tradant
393 2150 600 2189 Suetonius
628 2158 666 2188 et
694 2149 942 2189 Plutarchus.
976 2150 1067 2188 Inde
1093 2150 1168 2188 orti
1189 2150 1546 2202 pseudo-Nerones,

63 2230 227 2269 quorum
250 2229 348 2256 unus
372 2215 409 2254 in
437 2215 592 2254 Groeciae
621 2215 755 2252 insulis
778 2214 850 2253 sub
878 2214 1003 2253 Galba
1026 2205 1264 2267 interceptus
1288 2215 1543 2268 legiturapud

64 2281 186 2320 Tacit.
207 2280 300 2320 llist.
318 2280 392 2319 loc.
412 2280 477 2318 cit.
496 2280 601 2318 Alius
612 2278 684 2317 sub
699 2281 788 2318 Tito
806 2279 982 2332 principe
999 2280 1046 2318 ad
1067 2280 1302 2332 Euphratem
1325 2281 1492 2330 exstitit,
1514 2280 1546 2320 si

64 2346 224 2384 Zonarae
242 2344 351 2393 fides,
370 2344 434 2383 lib.
451 2345 481 2388 I,
498 2359 538 2396 p.
559 2344 648 2392 578,
670 2344 802 2392 fretus,
819 2354 860 2382 ut
877 2344 1047 2391 aiebant,
1063 2345 1294 2384 Parthorum
1311 2345 1544 2397 patrocinio,

64 2411 165 2449 circa
179 2424 322 2449 annum
343 2411 404 2448 80.
419 2410 527 2448 Alius
544 2409 616 2448 sub
636 2410 857 2448 Domitiano
874 2411 976 2449 circa
996 2423 1140 2448 annum
1158 2410 1228 2461 88,
1243 2408 1344 2458 apud
1363 2408 1544 2459 Parthos,

64 2476 111 2514 de
125 2490 203 2527 quo
218 2476 426 2516 Suetonius
446 2476 482 2513 in
499 2476 577 2514 vita
595 2475 683 2514 Ner.
696 2483 794 2515 extr.
812 2476 928 2528 Atqui
943 2475 991 2513 ab
1009 2475 1208 2526 Euphrate
1225 2474 1463 2525 potissimum
1485 2487 1545 2512 re-

65 2539 215 2579 diturus
230 2540 526 2592 exspectabatur
541 2541 656 2587 Nero,
671 2539 774 2591 quod
791 2540 936 2578 scilicet
950 2549 1057 2578 extra
1068 2538 1201 2577 orbem
1216 2540 1427 2578 Romanum
1442 2538 1545 2590 apud

65 2606 167 2644 solos
184 2606 417 2644 Parthorum
435 2619 543 2657 reges
563 2605 751 2655 refugium
769 2613 806 2642 et
819 2605 960 2643 auxilia
974 2618 1146 2656 quaerere
1163 2604 1368 2655 potuisset3
1384 2612 1421 2642 et
1439 2603 1543 2654 quod

66 2671 165 2709 fama
190 2671 280 2709 satis
308 2679 499 2709 constaret
524 2670 711 2721 cogitasse
734 2682 819 2708 eum
846 2670 885 2708 in
917 2670 1001 2707 vitae
1025 2669 1271 2716 discrimine,
1299 2682 1346 2706 an
1375 2668 1423 2707 ad
1444 2670 1545 2708 Par-

67 2735 152 2773 thos
168 2734 411 2787 confugeret,
432 2735 536 2774 Suet.
564 2734 602 2771 in
621 2735 730 2782 Ner„
747 2734 768 2784 S
786 2740 848 2781 47,
868 2747 946 2785 quo
964 2733 1063 2771 refer
1080 2741 1117 2772 et
1132 2733 1182 2771 ab
1205 2732 1341 2771 eodem
1355 2732 1541 2771 Suetonio

67 2808 219 2839 narrata
240 2800 287 2839 de
313 2798 397 2838 satis
416 2799 507 2837 olim
538 2798 680 2838 Neroni
700 2798 892 2850 praedictis
914 2812 956 2838 ac
978 2798 1026 2837 de
1054 2798 1135 2850 ejus
1164 2798 1292 2836 futuro
1320 2796 1358 2835 in
1381 2797 1542 2835 Oriente
1602 2839 1605 2845 ¹
1624 2846 1630 2853 ·

68 2878 206 2916 regno,
232 2864 324 2904 ibid.
348 2865 369 2915 §
396 2870 458 2910 4ο.
486 2867 537 2902 Ac
564 2877 697 2902 revera
724 2863 840 2902 fuisse
863 2863 918 2902 illi
947 2877 1032 2902 cum
1054 2876 1141 2914 rege
1164 2862 1353 2913 Vologeso
1383 2860 1541 2913 aliquod

1216 3037 1236 3047 ω
