1686 3500
702 209 1006 255 excussus
1039 211 1106 255 v.v
1465 258 1472 268 ,
1539 210 1628 256 39¹

165 306 275 344 aliter
308 305 515 354 sensimus,
535 305 601 344 sed
624 317 738 343 nonae
756 317 822 342 seu
841 304 1034 356 praesentis
1066 305 1321 359 generationis
1337 306 1384 346 ad
1413 305 1525 344 finem
1547 319 1629 351 ver·

163 370 285 420 gentis
304 370 438 410 ultima
455 371 551 416 sata,
573 369 635 407 cui
649 368 729 420 jam
751 369 900 407 decima
913 369 962 407 sit
981 382 1225 416 successura,
1240 369 1338 407 sicut
1352 370 1468 409 modo
1486 370 1642 409 dictum.

163 442 241 482 est,
265 447 303 479 v.
325 434 375 473 25
393 448 402 473 t
419 433 472 481 Δὴ
489 434 568 473 τότε
587 432 647 474 καὶ
667 432 796 481 δεκάτη
816 431 916 483 γενεὴ
934 432 1024 485 μετὰ
1038 435 1149 472 ταῦτα
1172 432 1355 486 φανεῖται).
1370 434 1468 472 Tum
1488 434 1639 486 quippe

157 499 349 549 justorum
379 498 480 536 salus
497 510 518 534 a
540 498 623 535 Deo
641 497 784 543 veniet,
807 509 841 535 v.
863 511 930 545 27,
949 510 1027 548 sq.,
1049 505 1088 535 et
1101 510 1178 548 pax
1197 505 1236 535 et
1254 497 1349 534 mira
1364 497 1534 548 quaedam
1555 499 1635 537 seli·

161 562 254 600 citas
279 562 391 600 terris
409 562 549 600 florere
573 561 753 613 incipiet,
775 574 811 601 v.
830 561 972 602 2833.
992 562 1106 613 (Sane
1131 561 1254 600 simile
1277 561 1351 599 hoc
1371 561 1526 603 videtur
1555 571 1634 601 ter·

162 626 274 664 resti-i
288 625 480 677 justorum
499 639 630 677 regno,
644 626 759 676 quale
778 626 869 666 olim
890 625 1064 669 futurum
1090 634 1176 670 ante
1191 625 1361 680 supremi
1379 625 1518 677 judicii
1535 625 1636 664 diem

161 691 363 730 Millenarii
389 691 464 729 sibi
495 691 701 741 lingebant.
727 691 800 732 Sed
823 692 931 740 juxta
959 691 1072 746 hujtls
1094 691 1248 742 Sibyllae
1271 700 1642 742 mentcm‚regnum
1676 731 1682 741 ,

160 755 261 794 istud
281 764 356 801 est,
377 764 564 807 quantum
585 754 698 795 nobis
717 755 872 805 quidem
894 755 1065 803 videtur,
1084 755 1410 801 Christianorum3
1428 755 1480 797 ita
1506 763 1547 793 ut
1565 755 1637 793 de-

159 820 255 857 cima
276 820 354 868 illa,
378 833 463 871 quae
481 819 597 858 modo
614 819 919 871 praedicebatur,
934 829 1023 860 aetas
1037 833 1115 857 non
1134 820 1206 858 alia
1226 820 1274 857 sit
1288 833 1402 870 quam
1423 819 1640 858 christianae

164 883 340 922 Ecclesiae
354 894 440 935 post
459 898 632 922 eversum
651 884 855 936 imperium
870 883 1084 923 Romanum
1106 885 1143 922 in
1166 884 1276 922 terris
1293 883 1506 923 dominatio
1524 897 1533 924 :
1554 897 1640 935 quae

162 962 219 986 res
239 949 388 1000 plenius
405 963 426 987 a
449 948 558 987 nobis
576 949 804 987 discutietur
819 949 856 987 in
875 950 966 988 Exc.
986 950 1070 1001 Vl).

216 1014 261 1051 Et
284 1022 361 1051 tum
382 1016 419 1051 in
446 1014 537 1052 caelo
557 1013 700 1052 lucebit
721 1028 791 1065 per
812 1014 953 1052 multos
970 1014 1052 1052 dies
1080 1015 1189 1065 ignca
1217 1028 1379 1065 corona,
1401 1028 1436 1056 ν.
1457 1014 1520 1060 34,
1540 1027 1641 1066 sqq„

152 1092 241 1129 qnae
257 1080 380 1131 justos
401 1079 546 1130 praemii
565 1092 634 1131 spe
660 1079 708 1119 ad
730 1087 923 1117 certamen
953 1078 1149 1128 invitabit,
1177 1079 1405 1130 praesidente
1427 1078 1583 1117 Christo
1602 1087 1640 1115 et
1682 1087 1686 1089 “

160 1143 370 1181 victoribus
394 1152 575 1182 zeternam
600 1143 764 1197 palmam
792 1144 1006 1190 offerente,
1025 1143 1261 1196 quicumque
1280 1152 1433 1185 strenue
1457 1143 1640 1181 adversus

159 1207 286 1245 saeeuli
308 1207 399 1245 vitia
419 1208 750 1258 depnguavcrint,
776 1222 811 1248 v.
833 1208 968 1257 37-55.

210 1272 292 1310 lluc
308 1275 450 1314 inserta
465 1274 616 1323 legitur,
630 1287 666 1313 v.
682 1274 844 1320 56-148‚
860 1274 971 1325 longa
984 1274 1100 1311 series
1116 1273 1381 1325 gnomicorum
1396 1286 1417 1310 e
1429 1271 1640 1323 Phoeylide

159 1346 441 1388 praeceptorum
454 1365 465 1384 ,
486 1338 524 1375 id
542 1347 614 1387 est,
632 1338 751 1389 ipsius
771 1338 998 1391 Pliocylidei
1019 1339 1196 1379 carminis
1216 1351 1348 1376 versus
1366 1337 1479 1392 primi
1501 1349 1639 1382 mxxiv,

159 1401 290 1451 paucis
319 1401 507 1453 demptis,
532 1402 715 1441 admixtis
748 1415 843 1440 vero
871 1401 1026 1441 aliunde
1059 1402 1254 1454 pauculiS,
1277 1414 1414 1452 nempe
1439 1399 1592 1439 duobus
1617 1413 1641 1438 e

156 1465 406 1517 'l‘lneognide,
427 1479 463 1506 v.
489 1480 581 1518 109,
602 1480 672 1519 sq.,
694 1475 732 1505 et
749 1467 942 1504 nonnullis
967 1477 1100 1518 aperte
1120 1465 1336 1506 christianis
1356 1465 1599 1516 autjuda'icis
1618 1478 1640 1502 e

156 1537 284 1566 sancta
296 1530 507 1581 Scriptura.
522 1531 636 1576 Quod
652 1531 906 1582 fragmentum
923 1532 960 1569 in
982 1530 1212 1584 quibusdam
1228 1528 1425 1571 codicibus
1439 1529 1637 1578 omissum,

155 1592 256 1643 apud
276 1593 444 1632 editores
468 1602 508 1632 et
540 1594 771 1646 interpretes
799 1596 1110 1648 interpolationis
1137 1595 1357 1647 suspicione
1386 1608 1462 1632 non
1495 1594 1638 1645 caruit,

161 1658 401 1695 tractamlnm
428 1658 540 1696 nobis
557 1661 716 1698 seorsim
744 1660 782 1697 in
813 1660 992 1710 proximo
1014 1673 1096 1710 cap.
1119 1673 1178 1699 12.

206 1723 311 1771 1100,
338 1723 464 1773 inquit
499 1724 668 1775 Sibylla,
700 1733 892 1763 certamen
926 1724 1025 1775 erit3
1053 1724 1117 1764 hic
1149 1723 1275 1773 labor,
1299 1723 1449 1762 aeternis
1472 1723 1637 1777 praemiis

154 1786 418 1831 coronandus,
442 1800 476 1825 v.
503 1789 694 1838 149-153.

205 1850 280 1889 Sed
303 1864 421 1902 quum
444 1852 664 1903 prodigium
694 1851 875 1890 omnibus
897 1852 936 1890 in
968 1852 1078 1891 terris
1103 1852 1312 1901 exstiterit,
1344 1851 1509 1891 infantes
1538 1865 1637 1891 cano
1666 1853 1669 1855 ’

153 1918 257 1954 crine
276 1926 492 1966 nascentes,
514 1930 551 1958 v.
581 1919 664 1968 154,
679 1930 749 1969 sq.,
769 1926 806 1955 et
824 1931 941 1969 quum
961 1918 1108 1956 seniinae
1123 1931 1258 1970 parcre
1272 1917 1467 1967 desierint,
1489 1931 1527 1957 v.
1546 1919 1645 1965 163„

153 1999 220 2035 sq.,
241 1985 336 2023 lien!
360 1999 442 2037 quae
462 1985 525 2022 fiet
551 1985 750 2023 hominum
777 1993 921 2037 strages
949 1998 993 2023 ac
1024 1985 1232 2023 desolatio!
1255 1998 1289 2024 v·
1319 1985 1407 2033 156,
1429 1998 1512 2037 sqq.
1534 1985 1635 2035 'I'um

153 2051 251 2087 euim
279 2050 409 2088 messis
434 2050 556 2088 aderit
576 2059 742 2102 tempus,
761 2063 799 2088 v.
825 2051 911 2098 164,
932 2063 1004 2102 sq.,
1024 2049 1063 2088 id
1086 2058 1163 2097 est,
1183 2063 1362 2101 suprema
1388 2050 1537 2101 generis
1557 2049 1632 2088 hu-

156 2115 253 2152 mani
274 2114 472 2166 pernicies.
492 2115 612 2168 (Ergo
639 2115 859 2167 postillam,
879 2128 965 2166 quae
983 2114 1100 2153 modo
1123 2114 1345 2160 canebatur,
1358 2114 1551 2166 justorum
1571 2117 1631 2155 se-

155 2178 332 2217 licitatem
369 2180 464 2217 mala
483 2180 707 2217 nuntiantur
724 2188 881 2230 repente
900 2189 1060 2217 ventura
1082 2189 1119 2218 et
1146 2179 1290 2218 mundo
1314 2180 1426 2217 finem
1446 2180 1639 2227 allatura3.

153 2243 266 2293 quale
280 2242 423 2294 aliquid
442 2244 547 2281 estin
567 2243 813 2295 Apocalypsi,
833 2256 914 2294 cap.
934 2256 995 2290 20,
1015 2257 1051 2282 v.
1073 2257 1093 2291 7
1117 2257 1158 2281 τοι
1173 2244 1221 2282 Et
1236 2256 1354 2294 quum
1379 2243 1639 2282 consummati

154 2324 167 2337 «ι
193 2306 334 2342 suerint
347 2305 450 2343 mille
469 2305 581 2352 anni,
604 2305 775 2342 solvetur
795 2307 954 2344 Satanas
974 2305 1021 2344 de
1041 2318 1194 2343 carcere
1217 2318 1287 2342 suo
1303 2335 1314 2353 ,
1337 2312 1407 2342 etc.
1426 2309 1468 2354 n)

204 2371 303 2408 'l'um
330 2370 591 2420 praedicuntur
617 2369 700 2408 salsi
733 2370 948 2421 prophetae,
977 2383 1014 2408 v.
1045 2370 1134 2419 165,
1157 2382 1231 2420 sq.;
1263 2368 1399 2416 Belial,
1421 2369 1500 2409 sive
1517 2369 1630 2410 Anti-

153 2434 336 2482 christus,
359 2448 395 2474 V.
424 2435 506 2482 167,
523 2448 622 2487 sqq.;
645 2435 787 2473 reditus
813 2435 942 2473 decem
968 2434 1136 2472 tribuum
1158 2434 1267 2486 (male
1286 2433 1324 2471 in
1353 2443 1455 2472 textu
1479 2433 1632 2473 δωδεκά-

152 2500 250 2552 φυλος
275 2514 345 2551 pro
372 2499 594 2553 δεκάφυλος),
614 2501 861 2551 ipsarumque
880 2513 1077 2538 successus
1102 2500 1286 2551 primum,
1311 2498 1452 2538 deinde
1478 2499 1605 2538 clades
1617 2528 1642 2548 ,⁴

152 2576 188 2602 v.
209 2565 391 2613 170-176.
411 2565 587 2602 Proximi
608 2573 687 2603 tum
709 2564 846 2616 judieii
868 2565 994 2616 signa,
1016 2578 1055 2604 v.
1086 2564 1264 2614 179-186.
1293 2564 1398 2603 Elias
1428 2563 1640 2603 Thesbites·

152 2625 198 2663 de
221 2627 312 2664 caelo
334 2636 531 2674 venturus,
551 2641 587 2666 v.
620 2628 706 2676 187,
739 2641 826 2679 sqq.
855 2629 1030 2679 Denique
1057 2641 1185 2666 rerum
1208 2627 1313 2675 linis,
1329 2642 1365 2666 v.
1395 2628 1574 2678 190-213,
1592 2637 1629 2668 et

146 2689 330 2739 judicium
348 2704 595 2741 supremum,
615 2692 744 2729 multis
774 2691 949 2730 versibus
968 2692 1229 2743 descriptum,
1261 2705 1296 2731 v.
1327 2692 1511 2737 214-256.
1534 2693 1630 2732 Post

151 2753 238 2803 hoc,
262 2754 528 2806 improborum
563 2769 673 2807 poena
712 2756 864 2794 inferno
901 2757 990 2807 igne
1024 2756 1340 2802 cruchndorum,
1367 2769 1402 2795 v.
1434 2756 1641 2804 257·313;·

147 2819 332 2868 justorum
352 2829 479 2858 autem
501 2820 540 2857 in
560 2821 745 2859 Paradiso
766 2821 926 2859 felicitas
945 2830 1109 2869 aetcrna,
1135 2834 1171 2858 v.
1191 2822 1385 2867 314-330.

201 2884 276 2922 Sed
310 2894 411 2922 errat
432 2894 545 2936 poeta
565 2886 670 2937 quod
692 2886 885 2938 justorum
906 2887 1196 2938 intercessione,
1222 2886 1421 2938 improbos
1451 2898 1637 2938 quoque,¹
