1752 3495
474 155 478 159 '
519 149 594 193 AD
629 149 956 195 EXCURSUM
998 150 1051 194 ΙΙ.
1424 152 1513 196 129

730 247 835 283 xiv.
1083 222 1109 293 j
1405 221 1412 232 ⁸

206 318 253 356 Et
272 313 429 354 Rhodiis
448 314 577 353 veniet
591 312 717 352 clades
738 322 948 364 postrema,
969 314 1034 352 sed
1055 313 1200 364 ingenti.

748 387 833 424 XV.

103 459 230 501 Multae
247 455 465 494 eversiones
478 455 805 506 migrationesque
820 454 1018 493 civitatum
1040 467 1272 506 graecarum,
1290 457 1419 495 multae
1433 456 1521 495 bar·

57 525 265 565 lmricorum
285 519 519 557 exercituum
544 519 805 568 incursiones,
825 528 864 557 et
883 519 1131 569 imperiorum
1144 520 1279 561 ruinae.

730 610 833 646 XVI.

104 683 146 721 Et
161 679 253 718 illud
271 679 388 717 fuisse
411 679 632 730 quingentis
653 687 740 717 ante
756 679 866 717 annis
885 692 906 718 a
932 679 1079 731 Sibylla
1098 680 1323 731 praedictum
1341 681 1522 721 Romanis

57 758 218 798 tempus,
237 737 322 796 quo'
335 744 517 782 adversus
545 757 677 783 omncs
705 745 814 782 simul
833 753 965 795 gentes
984 744 1187 792 bellarent3
1205 746 1258 784 ita
1279 747 1423 786 scilicet
1441 761 1520 786 ser-

56 811 122 850 vile
143 808 282 847 bellum
301 807 602 858 significabatur.

714 875 838 913 XVII.

199 942 377 980 Centenis
397 943 530 980 novies
547 942 931 981 circumvertentibus
948 944 1076 991 annis,

200 1005 344 1045 Seditio
359 1006 490 1045 Romae
508 1007 694 1058 pupulum
713 1021 755 1046 ac
776 1007 989 1059 Sybaritica
1012 1009 1144 1059 perdet

201 1074 392 1124 Nequitia.

715 1130 862 1166 XVIII.

199 1196 363 1235 Ultimus
379 1197 589 1235 AEneadum
616 1205 779 1235 matrem
798 1206 910 1236 necat
928 1199 1194 1250 induperator.

728 1271 837 1307 XIX.

100 1337 196 1385 Quid
221 1338 289 1376 has
315 1346 470 1376 ruentes
494 1347 532 1376 et
556 1338 702 1377 subitas
725 1339 851 1377 clades
878 1339 980 1377 circa
1009 1339 1152 1378 Cumas
1178 1348 1216 1378 et
1236 1339 1520 1390 Dicaearchiam,

56 1404 263 1455 eruptiones
276 1404 447 1441 montani
464 1403 563 1454 ignis
576 1433 587 1451 ,
606 1404 777 1442 fervores
800 1405 933 1452 maris,
952 1405 1202 1456 lapidumque
1214 1413 1251 1443 et
1271 1405 1520 1451 flammarum,
1538 1399 1540 1403 ’
1564 1452 1566 1456 .

56 1478 202 1520 urgente
227 1469 265 1506 vi
287 1469 468 1519 spiritus,
492 1469 720 1521 ejectiones,
742 1468 883 1519 quibus
914 1475 971 1508 tot
1000 1479 1037 1508 et
1060 1478 1174 1508 tantae
1204 1469 1319 1509 urbes
1347 1470 1398 1509 ita
1429 1480 1517 1509 sunt

56 1534 208 1579 afflictae,
240 1541 283 1571 ut
309 1532 473 1571 interdiu
503 1533 714 1572 visentibus
754 1533 946 1572 dubitatio
974 1534 1217 1585 suboriatur,
1249 1534 1406 1573 ubinam
1436 1535 1517 1573 sitae

55 1599 116 1636 illae
133 1598 295 1647 suerint,
316 1611 434 1648 quum
458 1606 538 1636 tota
556 1599 718 1636 confusa
738 1599 886 1636 circum
903 1599 1010 1649 regio
1031 1607 1227 1652 appareat.

735 1671 825 1708 XX.

100 1739 229 1778 Aiebat
257 1748 383 1778 autem
403 1740 554 1778 Genius
581 1753 715 1778 vocem
737 1740 837 1778 hanc
866 1753 947 1778 esse
975 1740 1129 1792 Sibyllae
1138 1769 1253 1782 .....
1266 1771 1276 1789 ,
1296 1741 1517 1795 audivitque

55 1818 185 1855 pauca,
205 1819 226 1841 e
248 1804 389 1856 quibus
413 1805 484 1842 suit
508 1805 620 1843 etiam
648 1805 872 1842 vaticinium
899 1805 994 1842 illud
1014 1806 1062 1843 de
1086 1815 1215 1844 monte
1237 1807 1385 1845 Vesevo
1407 1821 1450 1845 ac
1467 1807 1514 1845 de

55 1870 272 1908 Dicaearchia
291 1870 387 1920 ignis
410 1870 568 1907 effluvio
591 1870 778 1920 peritura.

723 1942 833 1977 XXI.

200 2011 277 2048 Rex
294 2011 366 2048 erit
381 2011 446 2048 ille
463 2009 608 2060 bonus,
632 2009 845 2061 morboque
860 2010 1062 2069 tyrannida
1086 2010 1243 2061 linquet.

711 2082 840 2118 XXU.

201 2152 392 2191 Ausonius
414 2151 532 2191 sei-us.

92 2252 134 2282 18.
157 2253 200 2281 Ex
217 2249 327 2281 codem
341 2247 569 2289 ‚tih.Lx11,§
587 2251 636 2289 18,
651 2251 683 2279 et
696 2250 744 2279 est

858 2248 909 2280 21.
932 2250 955 2279 E
974 2247 1155 2287 Plutarcho,
1173 2248 1265 2290 ibid..
1281 2259 1314 2291 p.
1330 2254 1402 2292 241,
1421 2251 1518 2293 recipi.

31 2341 46 2345 ‚‚
58 2296 109 2328 sub
124 2295 443 2337 Neronacoulictum.

815 2293 925 2335 citque
957 2294 996 2326 ad
1030 2295 1092 2327 Titi
1130 2295 1329 2337 imperatoris
1360 2299 1519 2341 mortem,

647 2288 765 2299 ...φ-..κ

94 2347 134 2375 19.
155 2347 177 2376 E
189 2338 459 2383 Plutarct10‚·ibid.
471 2337 666 2375 Referuntur
676 2342 745 2373 lineo

59 2399 73 2422 a
91 2391 253 2423 Plutarcho
276 2394 449 2432 aperteque
478 2388 643 2422 reserenda
669 2388 745 2419 sunt

58 2438 89 2469 ad
101 2438 208 2470 Vesevi
225 2438 421 2478 incendium,
430 2445 612 2478 quanquam
624 2435 745 2467 omisso

61 2493 132 2515 nium:
147 2485 263 2517 montis
289 2486 430 2521 nomine,
461 2482 515 2514 scd
541 2483 683 2522 apertius
713 2482 744 2514 in

61 2530 159 2571 [ragin.
181 2540 250 2571 seq.

93 2581 137 2610 20.
162 2581 182 2609 E
197 2576 378 2615 Plutarcho,
395 2575 435 2607 de
449 2584 518 2607 sera
533 2579 628 2608 Num.
655 2575 742 2608 vlnd.

59 2631 85 2663 p.
102 2626 168 2664 2'10,
191 2633 239 2666 sq.
262 2627 327 2656 Hoc
344 2624 556 2662 fragmentum
572 2621 744 2654 manifesto

61 2671 181 2709 pertinet
194 2671 304 2703 codem
321 2678 385 2711 quo
400 2670 500 2710 prius,
518 2677 555 2700 nc
567 2670 635 2701 sine
645 2669 744 2701 dubio

60 2717 132 2749 idem
151 2720 210 2759 cst,
228 2718 283 2750 sed
303 2717 394 2758 paulo
409 2716 602 2757 expressius.
630 2715 744 2749 confer

60 2764 194 2804 Sibyllina
211 2768 330 2804 nostra,
348 2763 402 2795 til).
419 2766 474 2803 lv,
491 2772 522 2794 v.
541 2766 616 2802 127,
632 2773 678 2805 sq.

815 2342 885 2382 ipso
920 2341 1089 2374 Plutarcho
1119 2342 1301 2384 interprete.
1338 2345 1398 2378 sed
1431 2345 1517 2379 unde

815 2391 1002 2430 sumptum?
1037 2393 1078 2421 Ex
1114 2390 1221 2431 aliquo
1247 2401 1361 2434 nempe
1386 2392 1447 2425 sub
1462 2393 1516 2425 illa

817 2439 961 2477 tempora
974 2436 1110 2468 conficto
1129 2438 1278 2471 vaticinio
1290 2463 1300 2479 ,
1321 2441 1357 2471 ut
1382 2439 1461 2472 illud
1476 2440 1517 2471 de

817 2487 941 2514 Nerone
959 2482 1072 2522 fragm.
1088 2487 1199 2516 XVltt.

844 2529 908 2561 *22
933 2533 954 2561 E
968 2529 1141 2570 Xiphilino,
1164 2531 1240 2572 epit.
1258 2532 1350 2564 Dion.
1370 2536 1517 2574 Lxxvn.

817 2577 877 2608 suh
893 2576 988 2608 finem
1006 2577 1091 2618 libri,
1106 2578 1223 2610 omissa
1235 2582 1343 2612 tamen
1357 2581 1518 2621 Sibyllinoe

815 2623 946 2664 originis
961 2625 1124 2656 mentione
1143 2634 1150 2656 :
1167 2635 1349 2668 quanquam
1376 2628 1519 2663 FabricIo

816 2671 1021 2711 assentimur,
1043 2671 1123 2704 nihl.
1141 2682 1201 2712 gr„
1222 2676 1246 2705 t.
1268 2676 1301 2714 1,
1319 2684 1350 2716 p.
1370 2679 1447 2712 268.
1463 2677 1518 2709 de-

814 2721 979 2760 sumptum
997 2719 1056 2750 hoc
1067 2719 1190 2760 putanti
1207 2730 1244 2752 ex
1263 2722 1370 2762 atiquo
1385 2722 1530 2756 istorum

816 2768 996 2806 temporum
1015 2767 1311 2808 pseudo-sibyllino.

1535 2463 1542 2496 l

751 2859 835 2866 -n

1297 2932 1327 2978 9
