1686 3500
95 202 189 247 570
483 201 561 246 AD
591 201 940 247 SlBYLLlNOS
974 201 1184 247 LlBROS

93 298 142 337 de
154 297 352 350 judaismo
365 297 548 337 diximus.
565 296 776 336 Cerinthiis
796 306 901 336 certe
917 297 1063 336 nullum
1080 311 1102 335 e
1117 296 1256 335 nostris
1270 295 1391 341 libris,
1403 310 1450 335 ue
1464 297 1572 336 exiis

92 362 247 414 quidem
266 363 333 414 qui
353 362 478 400 minus
499 360 708 400 orthodoxi
728 369 836 409 sunt,
854 361 1044 401 ascribere
1064 360 1225 399 velimus
1238 389 1249 409 ,
1265 361 1356 412 quin
1377 370 1572 413 corruptae

83 428 242 469 'morum
264 427 488 480 disciplinae,
517 440 603 478 quae
631 426 837 465 Cerinthiis
865 426 1068 478 objicitur,
1093 439 1280 476 nusquam
1309 425 1348 463 in
1376 425 1572 477 Sibyllinis

93 493 291 545 vestigium
310 504 513 530 occurrere
533 499 635 542 patet
658 504 679 528 e
694 504 810 542 supra
833 491 965 539 dictis,
987 503 1068 541 cap.
1089 503 1124 529 1.

144 558 257 596 Paene
275 555 387 594 obliti
408 568 558 593 eramus
584 554 623 593 id
645 555 751 605 quod
770 554 934 593 diximus
962 554 1000 592 in
1020 554 1096 593 hoc
1121 554 1206 605 ipso
1225 553 1336 601 Exc„
1355 567 1443 605 cap.
1467 567 1516 604 29
1536 563 1574 592 et

94 623 155 668 30,
180 620 298 658 videri
317 619 416 657 libro
437 619 542 664 vill,
561 620 582 670 5
605 633 640 666 a,
662 620 786 657 locum
808 619 912 657 illum
931 617 979 656 de
997 618 1123 656 carnis
1144 616 1394 665 abstinentia,
1411 631 1448 656 v.
1469 619 1541 663 403
1564 632 1573 657 :

248 682 372 736 Τούτῳ
393 682 446 725 ote,
467 680 622 735 καθαρὰν
644 681 685 721 σὺ
707 682 922 734 ἀναίμακτόν
936 697 972 720 τε
990 682 1186 733 τράπεζαν,

90 761 111 784 a
127 746 459 798 Therapeutarum
481 747 612 785 schola
629 761 710 785 esse
727 747 954 798 profectum.
976 747 1019 785 ld
1040 759 1132 784 vero
1153 745 1438 794 heterodoxiae,
1460 746 1573 785 nobis

90 813 453 864 quidemjudicibus
467 845 478 862 ,
502 813 683 851 indicium
705 813 850 850 nullum
871 821 939 850 est.
959 814 1042 852 Non
1064 811 1367 863 quodAEusebIO
1388 811 1572 862 astipule-

92 891 178 915 mur
195 878 392 929 opinanti,
413 877 508 917 nist.
523 878 616 916 eccl.
635 876 701 915 lib.
715 877 770 924 ll,
790 891 872 928 cap.
895 891 955 926 17,
973 878 1239 927 'l'herapeutas
1260 876 1346 914 illos
1364 875 1411 913 de
1431 876 1574 927 quibus

92 944 209 982 multa
227 944 405 995 leguntur
423 944 524 995 apud
542 943 742 981 Philonem
755 971 765 990 ,
784 942 831 981 de
847 944 920 981 Vit.
937 943 1166 993 contempl„
1184 942 1412 993 posteriores
1432 950 1573 979 nostrae

92 1009 288 1060 religionis
318 1009 436 1047 initiis
466 1017 572 1047 ortos
601 1022 682 1046 esse
710 1022 757 1046 ex
778 1007 858 1045 divi
883 1008 1003 1047 Marci
1023 1007 1060 1045 in
1087 1007 1254 1058 AEgypto
1281 1005 1570 1057 praedicatione.

89 1073 227 1113 Obstat
245 1074 346 1112 enim
368 1074 551 1125 temporis
569 1074 691 1121 rati03
713 1086 783 1111 nec
796 1073 911 1111 Philo
934 1082 1008 1110 tam
1029 1073 1197 1124 graviter
1218 1080 1404 1118 errasset,
1420 1072 1484 1122 qui
1501 1072 1575 1110 Ju-

91 1138 182 1176 ‹laeis
204 1138 290 1177 illos
308 1138 498 1176 accensuit
520 1139 579 1175 vir
596 1138 679 1189 ipse
696 1137 873 1184 Judaens‚
890 1150 1007 1188 quum
1020 1168 1033 1187 ,
1056 1145 1096 1174 ut
1113 1136 1284 1184 videtur,
1307 1135 1508 1186 diligenter
1527 1134 1574 1172 de

92 1202 182 1254 ipsis
203 1201 474 1254 inquisivisset.
496 1201 571 1240 Sed
603 1201 786 1238 videntur
805 1201 1080 1252 Therapeutae,
1111 1201 1232 1240 Judaei
1262 1214 1308 1238 ex
1337 1201 1570 1248 Essenorum

91 1276 211 1314 secta,
230 1279 348 1317 quum
370 1266 493 1316 prima
512 1265 615 1316 apud
632 1278 722 1303 suos
742 1265 959 1303 monasticae
975 1266 1062 1304 vitae
1079 1265 1325 1304 fundamenta
1343 1265 1573 1317 posuissent,

90 1330 227 1368 deinde
255 1329 306 1368 ob
334 1329 520 1368 doctrinae
549 1338 585 1367 et
617 1342 768 1367 morum
793 1329 1081 1368 similitudinem
1105 1331 1217 1369 facile
1235 1330 1284 1368 ad
1307 1338 1440 1368 nosti-a
1466 1343 1571 1367 sacra

70 1425 72 1427 .
91 1394 296 1440 transiisse,
321 1394 621 1446 uudejuda'iSmi
641 1394 821 1444 sortasse,
841 1407 918 1431 non
941 1403 1067 1432 tamen
1091 1395 1307 1432 schismatis
1335 1394 1572 1433 haereseosve

88 1460 254 1512 suspecti
269 1469 410 1500 essent.
430 1459 543 1506 Quod
562 1459 592 1498 si
613 1457 710 1497 liber
725 1459 869 1510 vl11,§
891 1473 927 1507 a,
946 1460 982 1496 in
1001 1459 1167 1510 AEgypto
1188 1459 1352 1511 scriptus
1375 1458 1447 1497 sub
1465 1460 1572 1498 initia

89 1525 249 1564 secundi
271 1525 419 1571 saeculi,
438 1524 585 1576 aliquid
605 1538 627 1563 a
646 1524 923 1576 'l‘herapeutis,
946 1524 1174 1564 Christianis
1194 1524 1324 1572 sactis,
1345 1525 1573 1575 accepisset,

91 1590 243 1628 minime
266 1590 340 1628 hoc
359 1591 496 1628 mirum
518 1599 626 1629 esset.
658 1591 740 1629 lmo
766 1590 856 1628 satis
878 1590 916 1628 id
947 1590 1172 1629 conveniret
1200 1604 1286 1628 cum
1317 1590 1364 1628 iis
1384 1603 1470 1641 quae
1492 1599 1570 1628 tra-

89 1656 235 1693 duntur
253 1669 275 1694 a
295 1654 458 1694 Philone
477 1655 524 1693 de
544 1655 815 1706 TherapeutiS,
840 1655 944 1706 ipsos
971 1655 1098 1694 adhuc
1127 1654 1286 1694 Judaeos
1300 1683 1311 1701 ‚
1337 1654 1573 1693 carminibus

90 1719 300 1772 pangendis
319 1734 458 1758 vacare
476 1720 611 1758 solitos
627 1733 708 1758 esse
726 1734 734 1759 ι
759 1719 863 1759 “ssot-⁹
882 1721 920 1758 οὗ
936 1722 1103 1772 θεωροῦσι
1118 1720 1242 1770 μόνον,
1262 1719 1352 1758 ἀλλὰ
1371 1719 1430 1758 καὶ
1452 1723 1572 1758 ποιοῦ·

87 1800 142 1823 σιν
165 1784 309 1839 ᾅσματα
327 1785 388 1824 καὶ
417 1784 545 1836 ὕμνους
564 1786 610 1828 εἷς
625 1784 684 1824 τὸν
709 1784 799 1825 Θεὸν
825 1783 881 1823 διὰ
909 1785 1083 1824 παντοίων
1105 1785 1219 1836 μελῶν
1240 1785 1299 1823 καὶ
1323 1784 1472 1838 μέτρων.
1492 1784 1570 1826 Ubi

87 1851 197 1889 etiam
218 1850 429 1888 notandum
451 1851 683 1889 mentionem
700 1850 781 1889 sieri
801 1864 878 1888 non
896 1851 1012 1889 modo
1030 1852 1168 1901 μελῶν,
1192 1851 1232 1889 id
1251 1859 1326 1899 est,
1342 1851 1567 1902 lyricorum,

88 1916 152 1954 sed
184 1916 297 1954 etiam
328 1915 484 1969 μέτρων,
505 1930 590 1967 quae
608 1916 768 1968 proprie
787 1924 876 1954 sunt
896 1918 1005 1967 epica
1034 1916 1114 1954 sive
1134 1917 1354 1955 hexametra
1375 1917 1570 1962 carmina,

87 1980 303 2032 cujusmodi
329 1981 516 2032 Sibyllina
545 1991 676 2021 nostra
703 1990 802 2022 sunt.
826 1982 882 2020 Sit
898 1981 1014 2033 igitur
1033 1981 1114 2019 haec
1135 1995 1223 2034 pars
1244 1980 1332 2020 libri
1353 1983 1404 2022 Ill
1429 1995 1451 2020 a
1469 1981 1570 2020 The-

90 2047 272 2098 rapeutis,
291 2047 322 2085 si
338 2048 423 2098 quis
444 2047 562 2095 volet,
580 2047 696 2085 modo
713 2047 956 2094 orthodoxis,
977 2037 1137 2098 scripta.
1173 2079 1190 2094 .-

140 2113 363 2150 Transimus
385 2111 433 2149 ad
455 2120 576 2150 sectas
594 2113 851 2161 recentiores,
874 2112 974 2149 inter
992 2125 1087 2163 quas
1114 2111 1356 2150 montanismi
1375 2110 1571 2163 praecipua

89 2176 185 2214 ratio
220 2175 398 2215 habenda
434 2185 507 2225 est,
539 2177 630 2228 quia
664 2190 741 2214 non
780 2177 1001 2228 ignoramus
1032 2176 1274 2214 doctissimos
1306 2175 1425 2222 viros,
1449 2170 1569 2213 sslon‘-

87 2240 252 2290 «lenum,
284 2241 552 2289 Dodwellum,
585 2242 887 2292 Longaruaeum‚
914 2241 1149 2289 Fabricium,
1182 2241 1376 2292 aliosque,
1408 2240 1569 2290 Sibylli-

88 2318 225 2342 norum
243 2305 432 2356 originem
450 2305 496 2343 ad
514 2305 612 2343 hanc
639 2314 777 2343 sectam
795 2305 969 2343 retulisse
987 2320 995 2343 ε
1023 2305 1060 2342 id
1085 2318 1176 2343 vero
1204 2318 1319 2356 quam
1338 2305 1389 2342 ob
1417 2318 1570 2342 causam

76 2363 164 2407 'non
191 2370 280 2408 satis
309 2370 472 2418 scimus,
501 2370 573 2408 nisi
593 2369 697 2421 quod
719 2370 819 2408 libro
838 2370 873 2418 1,
891 2383 930 2410 v.
962 2371 1047 2420 196,
1064 2384 1162 2421 sqq.,
1183 2372 1274 2420 26¹,
1291 2383 1389 2421 sqq.‚
1409 2379 1446 2407 et
1466 2369 1567 2407 libro

87 2434 172 2482 vn,
194 2448 231 2473 ν.
255 2449 314 2481 12,
335 2445 484 2486 sqq.,et
505 2435 597 2474 alibi
627 2436 787 2474 sortasse
802 2465 812 2483 ,
838 2435 1017 2487 Phrygiae
1037 2449 1123 2473 cum
1147 2435 1273 2486 aliqua
1295 2435 1406 2472 laude
1427 2435 1569 2472 mentio

87 2499 157 2537 fit:
194 2508 371 2550 tanquam
400 2501 615 2539 necessario
641 2501 889 2539 montanismi
920 2510 1120 2552 suspectus
1154 2501 1203 2538 sit
1231 2501 1465 2552 quicumque
1496 2500 1570 2537 illis

88 2564 325 2614 temporibus
344 2564 402 2602 vel
419 2565 458 2602 in
478 2565 647 2616 Phrygia
668 2566 786 2612 vixit,
812 2566 884 2613 vel,
907 2565 995 2604 data
1017 2566 1232 2611 occasione,
1251 2566 1456 2616 Phrygiam
1482 2566 1566 2602 lau·

85 2628 199 2665 davit.
220 2627 303 2665 lmo
320 2629 448 2678 potius
469 2629 569 2679 apud
588 2638 742 2667 nostros
761 2629 977 2680 quaerendoe
996 2629 1157 2667 fuissent
1173 2629 1350 2668 absurda„¹
1365 2638 1480 2681 atque
1500 2630 1570 2666 im-

86 2693 159 2743 piae
183 2683 502 2730 Montaiiistai·uin
534 2693 738 2743 opiniones
767 2693 815 2731 de
845 2694 1079 2731 revelatione
1113 2707 1180 2745 per
1211 2694 1407 2732 Christum
1436 2695 1566 2732 ,lesum

84 2755 256 2793 nondum
278 2755 469 2803 absoluta,
488 2756 535 2795 de
551 2757 748 2794 paracleto
765 2757 856 2794 olim
877 2771 1029 2795 carnem
1047 2758 1229 2796 induturo
1251 2768 1287 2795 et
1307 2773 1406 2810 opus
1424 2759 1566 2796 Christi

39 2862 44 2867 ¹
85 2818 313 2869 impleturo,
334 2832 498 2870 quarum
518 2833 645 2858 rerum
666 2834 714 2858 ne
732 2820 867 2858 uiubra
886 2821 1037 2872 quidem
1065 2822 1101 2859 iu
1126 2822 1323 2873 Sibyllinis
1354 2822 1564 2873 reperitur:

86 2885 206 2922 niullo
233 2885 357 2923 miuus
373 2885 683 2924 muliercularum
706 2899 775 2936 pro
801 2886 946 2924 vatibus·
975 2887 1190 2925 habitarum
1213 2902 1254 2925 uc
1273 2901 1376 2938 paene
1394 2901 1464 2938 pro
1481 2887 1565 2938 Spi-
