1686 3500
133 134 237 182 -380
425 100 427 102 ’
523 136 603 181 AD
637 134 986 181 slssYLLlNOS
1015 134 1227 179 anos

139 235 290 286 {nisque
312 232 537 274 Judaeorum
557 232 760 272 conatibus
779 241 816 272 et
834 233 1047 272 saevissimae
1067 230 1222 270 victoris
1241 231 1400 279 ultioni,
1418 231 1514 270 sanun
1530 232 1609 271 sal-

143 308 217 336 tem
232 298 499 337 interfuerant.
517 298 587 343 lta,
611 297 724 335 nobis
740 297 896 348 quidem
913 295 1150 343 auctoribus,
1165 295 1293 333 mitius
1309 309 1422 346 quam
1439 297 1608 334 severius

137 362 326 412 agendum
341 371 396 400 est
414 374 500 400 cum
517 360 622 399 libris
643 361 710 408 lv,
727 361 826 408 vlu,
843 365 861 408 S
881 375 912 407 ι,
927 361 971 405 V,
993 360 1058 407 111,
1081 362 1099 405 S
1116 360 1156 398 3.
1172 360 1309 397 Postea
1339 361 1520 410 temporis
1540 361 1609 398 lu·-

137 411 275 464 nelicio
299 426 495 478 paululum
514 424 751 463 deferbuisse
776 425 996 464 Jndaeornm
1025 422 1326 474 indignationem
1347 424 1455 462 facile
1483 425 1606 462 credi-

75 480 94 531 ’,
136 504 245 530 mus:
267 490 341 542 ipsi
360 490 565 530 Christiani
578 489 779 540 judaizare
796 489 967 541 plerique
987 487 1191 531 desierant,
1204 487 1264 525 vel
1286 489 1407 525 rarius
1426 501 1446 525 e
1464 489 1606 526 Judaeis.

131 553 208 591 orti
229 561 354 593 erant.
382 553 477 591 Inde
504 553 619 590 tertio
647 553 786 591 saeculo
813 566 887 590 non
915 561 990 589 tam
1014 550 1107 588 dirae
1137 551 1320 589 adversus
1346 553 1501 590 Romam
1529 552 1604 589 im—

131 617 371 668 precationes
398 631 419 654 e
441 616 723 668 Sibyllistarum
754 616 976 668 pectoribus
994 615 1197 655 ebulliunt.
1217 615 1476 653 Conseruntur
1503 617 1602 653 enim

131 694 217 719 cum
249 680 436 718 librorum
456 682 487 719 V
506 689 544 719 et
563 682 650 720 vm
673 681 886 732 fragmentis
904 681 1018 718 allata
1041 679 1157 717 modo
1177 692 1197 716 e
1221 678 1329 717 libris
1346 680 1438 727 Vll,
1460 680 1492 717 ll
1506 708 1515 726 ‚
1533 680 1601 728 lll,

135 746 157 794 §
185 760 219 785 1.
236 746 410 784 Molliora
431 745 511 783 lioee
529 755 567 783 et
583 759 703 796 prope
717 746 815 782 lenta
833 744 1088 795 reperientur,
1105 744 1142 780 in
1165 743 1304 794 quibus
1321 751 1502 795 tanquam
1523 744 1604 781 lon-

132 809 263 860 ginqui
281 809 475 858 cujusdam
497 809 581 847 soni
604 822 825 860 repercussa
844 808 972 846 delicit
989 808 1129 859 imago.

181 873 256 911 Sed
273 886 341 910 nec
359 873 485 911 minus
503 873 651 910 interim
669 872 769 922 vulgi
789 871 961 910 inanibus
983 871 1204 909 terebantur
1221 871 1368 922 priores
1390 871 1500 916 libri;
1523 873 1602 910 im-

130 936 321 976 buebatur
341 951 473 976 eorum
494 937 655 975 lectione
681 945 808 974 tenera
828 937 938 974 etiam
960 945 1067 979 aetas;
1088 945 1141 984 et,
1166 944 1360 974 crescente
1376 936 1414 973 iu
1430 937 1511 974 dies
1532 950 1601 974 nn-

132 1001 575 1048 meroChristianorum,
596 1014 642 1038 eo
666 1001 816 1038 tandem
838 1014 897 1039 res
921 1001 1126 1038 devenerat
1152 1009 1194 1037 ut
1220 1000 1360 1037 civium
1384 1013 1472 1051 pars
1493 1015 1599 1052 paene

130 1065 252 1116 major
271 1065 431 1103 labentis
456 1065 606 1116 imperii
636 1079 785 1113 casum,
805 1065 836 1103 si
855 1078 930 1102 non
952 1065 1048 1102 votis
1064 1072 1281 1115 expeteret,
1302 1065 1436 1102 saltem
1456 1078 1599 1116 praesa·-

130 1130 202 1178 giis
229 1130 478 1168 ominaretur.
495 1130 645 1166 Scimus
655 1142 766 1179 quam
786 1129 1029 1167 veliementer
1043 1129 1089 1166 ab
1105 1129 1170 1166 illo
1187 1128 1344 1166 crimine
1359 1129 1598 1168 defenderint

125 1195 265 1231 ‘fratres
283 1207 370 1230 snos
386 1192 642 1230 'l'ertullianus
655 1221 666 1242 ,
687 1192 850 1243 Apolog.
873 1195 971 1243 §32,
987 1203 1025 1231 et
1043 1194 1156 1244 epist.
1175 1194 1220 1231 ad
1240 1193 1440 1244 Scapulam
1464 1194 1600 1232 Africae

132 1256 371 1307 prael'ectum‚
388 1259 466 1303 §23
486 1256 617 1294 Melito
631 1257 849 1302 San-densis,
869 1257 972 1308 apud
995 1257 1220 1304 Eusebium,
1236 1257 1322 1296 hist.
1345 1259 1405 1302 lV,
1424 1271 1512 1309 cap.
1532 1260 1580 1295 26
1594 1286 1604 1303 ‚

128 1321 266 1372 aliique
284 1321 514 1371 complures.
532 1322 660 1359 Restat
680 1330 820 1366 tamen,
837 1330 874 1357 et
889 1321 980 1358 satis
996 1321 1181 1371 Sibyllina
1199 1322 1306 1371 poesi
1323 1322 1524 1370 evincitur,
1541 1338 1606 1360 eo-

131 1399 215 1422 rum
245 1384 448 1436 plerosque
481 1383 512 1421 si
537 1398 613 1421 non
635 1384 818 1435 cupiisse,
853 1385 982 1422 saltem
1009 1393 1250 1436 exspectasse
1271 1385 1502 1423 calamitates
1537 1400 1600 1424 ur-

130 1449 237 1488 bium
271 1464 315 1488 ac
337 1459 547 1500 terrarum,
576 1449 717 1500 quibus
746 1450 866 1487 nostri
891 1450 995 1501 pleni
1018 1459 1105 1488 sunt
1131 1450 1235 1501 libri,
1257 1459 1437 1501 tanquam
1456 1452 1609 1489 calami-

131 1515 219 1553 tatis
252 1514 395 1552 ultimae
418 1514 627 1565 praesagiis.
662 1515 790 1566 Ipsum
811 1514 1050 1552 Lactantium
1085 1514 1240 1561 audias,
1271 1514 1469 1553 desinente
1495 1517 1610 1553 tertio

128 1579 294 1628 saeculo,
321 1578 528 1617 accedente
549 1577 629 1629 jam
656 1579 702 1616 ad
731 1577 937 1629 imperium
967 1578 1243 1626 Constantino,
1277 1578 1558 1630 respirantibus
1586 1594 1608 1617 a

127 1650 279 1682 metuet
290 1643 370 1694 Jam
393 1643 629 1694 triumphum
645 1642 910 1680 anhelantibus
926 1643 1175 1689 Christianis,
1195 1643 1321 1681 adhuc
1341 1644 1505 1681 civitatis
1524 1645 1606 1682 exi-

129 1709 220 1747 tium
236 1722 323 1746 cum
340 1708 502 1747 horrore
520 1707 696 1759 quidem,
721 1707 786 1745 sed
807 1717 930 1745 tamen
948 1707 1111 1745 lidenter
1137 1708 1252 1757 (unde
1272 1708 1405 1746 nisiex
1420 1708 1606 1758 Sibyllina

129 1772 203 1810 lide
215 1775 244 1824 ?)
274 1772 545 1810 vaticinantem
561 1801 571 1816 ,
596 1771 666 1811 lib.
691 1772 779 1817 vll,
797 1785 878 1822 cap.
904 1773 947 1809 15
968 1786 1008 1809 z«
1035 1772 1154 1822 Cujus
1176 1772 1382 1816 vastitatis,
1410 1773 1551 1822 inquit,
1571 1782 1608 1810 et

129 1855 145 1871 ι
162 1837 396 1875 confusionis
413 1837 492 1874 liaec
510 1836 582 1874 erit
599 1849 725 1883 causa,
742 1837 846 1886 quod
866 1837 1077 1874 Romanum
1103 1850 1263 1884 nomen,
1287 1850 1365 1887 quo
1389 1851 1488 1874 nnnc
1509 1838 1607 1888 regi-

131 1920 146 1936 «
162 1910 224 1939 tur
240 1901 344 1940 orbis
360 1901 504 1955 (horret
518 1901 668 1939 animus
683 1900 825 1946 dicere,
840 1900 905 1938 sed
919 1899 1041 1938 dicam
1059 1900 1149 1951 quia
1166 1900 1337 1938 futurum
1353 1902 1436 1950 est),
1451 1900 1606 1938 tolletur

131 1983 147 1998 «
163 1965 210 2003 de
235 1973 354 2012 terra,
378 1975 415 2003 et
434 1965 637 2015 imperium
654 1965 691 2002 in
717 1965 842 2003 Asiam
864 1973 1092 2012 revertetur,
1111 1978 1155 2001 ac
1179 1977 1307 2002 rursus
1326 1965 1463 2003 Oriens
1483 1964 1606 2002 domi-

129 2047 144 2063 «
163 2029 329 2077 nubitur,
348 2039 461 2080 atque
475 2028 663 2068 Occidens
680 2028 828 2066 serviet.
846 2046 861 2062 »
880 2028 918 2066 Si
939 2028 1017 2066 baec
1035 2036 1071 2065 et
1093 2028 1265 2079 talia-per
1290 2030 1359 2066 tria
1381 2029 1459 2067 sere
1475 2030 1607 2067 saecula

130 2095 267 2132 animis
297 2093 493 2131 bominum
520 2093 774 2140 inoleverant,
803 2106 845 2130 ac.
872 2093 901 2130 si
929 2093 1063 2144 populi
1093 2093 1252 2130 Romani
1270 2092 1426 2131 dimidia
1446 2107 1531 2144 pars
1553 2095 1606 2131 ita

131 2158 178 2197 de
199 2159 349 2210 imperii
367 2159 451 2196 satis
469 2157 678 2207 sentiebat,
695 2166 878 2208 quantum
898 2166 1007 2208 putas
1029 2157 1118 2195 inde
1137 2158 1325 2195 attenuari
1345 2160 1511 2209 potuisse
1532 2160 1609 2198 lto—

128 2237 261 2262 -manas
285 2224 397 2268 vires,
416 2231 454 2261 et
473 2222 675 2261 accelerari
702 2221 864 2273 publicae
885 2222 939 2259 rei
960 2222 1127 2260 ruinam!
1146 2225 1200 2261 Ac
1216 2222 1243 2259 si
1263 2235 1334 2273 pro
1353 2236 1420 2260 sua
1440 2232 1548 2274 parte
1567 2223 1606 2262 id

130 2289 342 2327 effecerunt
357 2287 581 2339 Sibyllistae,
608 2288 703 2325 male
727 2289 922 2338 profect0,
943 2287 1052 2325 inscii
1075 2288 1233 2325 sortasse
1251 2296 1308 2338 et,
1327 2288 1381 2325 uti
1398 2302 1606 2339 speramus,

130 2353 258 2400 inviti,
276 2353 323 2392 de
335 2352 530 2391 communi
550 2352 671 2403 patria
687 2351 810 2390 meriti
826 2360 928 2391 sunt.
943 2351 1083 2402 Utique
1097 2364 1172 2388 non
1191 2351 1272 2389 sine
1293 2365 1432 2402 magno
1447 2366 1603 2390 snorum

133 2417 357 2456 detrimento
379 2430 388 2456 z
407 2416 549 2468 quippe
567 2415 703 2454 talibus
719 2415 908 2453 vaticiniis
928 2415 1142 2466 exasperari
1162 2424 1278 2466 atque
1298 2416 1521 2453 inllannnari
1543 2431 1607 2454 ne-

133 2494 234 2518 cesse
254 2482 324 2518 suit
346 2474 542 2531 gentilium
569 2481 678 2528 iram,
705 2494 801 2531 quae,
823 2480 974 2530 quoties
995 2493 1063 2530 per
1082 2479 1207 2518 edicta
1229 2480 1443 2533 principum
1469 2480 1607 2519 licebat

131 2543 284 2595 (licebat
303 2558 391 2582 vero
406 2544 639 2596 saepissime),
661 2544 698 2582 in
718 2543 980 2582 crudelitatem
997 2543 1236 2594 erumpebat.

183 2610 347 2648 Prorsus
369 2617 494 2646 autem
516 2609 697 2646 credibile
717 2617 797 2655 est,
825 2608 1078 2646 Constantino
1108 2621 1237 2646 rerum
1262 2609 1405 2660 potito,
1421 2609 1605 2648 Christia-

129 2674 262 2725 nisque
281 2671 586 2719 dominantibus,
616 2673 752 2710 sensim
788 2671 835 2709 ab
864 2672 1033 2722 ipsorum
1057 2672 1192 2710 animis
1215 2674 1413 2711 recessisse
1440 2682 1604 2712 terrores

124 2739 177 2777 ‹le
207 2737 381 2789 proximo
409 2750 535 2775 rerum
557 2737 648 2783 line;
671 2737 834 2787 ideoque
861 2736 907 2773 ad
928 2736 991 2774 illa
1020 2737 1260 2787 potissimum
1286 2746 1458 2789 tempora
1488 2751 1602 2790 supra

125 2802 385 2841 referebamus
405 2802 653 2853 interpolatos
671 2801 770 2840 libro
792 2799 939 2849 Vll[,§
963 2814 995 2849 1,
1017 2814 1147 2839 versus
1165 2801 1281 2851 istos,
1303 2804 1390 2852 133,
1412 2816 1492 2853 sqq.
1510 2817 1519 2840 :
