1752 3495
589 226 670 269 ΑΙ)
706 225 1030 273 EXCURSUM
1065 230 1143 274 tv.
1423 227 1429 237 “
1490 229 1604 275 ’295

133 332 287 366 testatur
300 330 434 361 auctor
450 311 780 372 ipsedoachimus,
798 323 858 360 vir
871 322 1045 362 moribus
1059 337 1103 361 ac
1122 324 1261 374 pietate
1275 325 1607 370 commendabilis,

132 389 192 429 sed
210 385 502 437 interpretandis
519 386 658 424 veteris
676 386 844 437 novique
858 387 1092 426 Testamenti
1109 388 1302 439 allegoriis
1318 402 1365 428 eo
1385 398 1607 442 provectus,

133 464 170 493 nt
183 455 262 504 ipse
276 450 510 489 vaticinandi
523 450 570 489 de
583 450 697 488 rebus
708 451 891 502 temporis
899 453 957 490 sui
968 452 1206 503 provinciam
1218 455 1439 504 susciperet,
1454 453 1605 506 sibique

130 532 172 557 ae
201 514 325 554 multis
355 512 548 565 propheta
569 513 779 553 videretur.
799 515 947 554 Verum
978 517 1207 566 et'qnaedam
1241 516 1344 566 apud
1370 530 1455 556 eum
1485 519 1605 571 magis

131 578 348 622 admiranda
367 578 649 630 deprehendam.
672 580 765 618 Nam
787 579 825 617 in
846 579 979 618 eodem
1000 593 1118 631 super
1145 581 1375 618 Hieremiam
1405 595 1602 620 commen-

133 648 250 693 tario,
277 658 362 695 cap.
393 645 471 690 cit„
500 644 729 682 restauratio
761 645 884 682 Graeci
915 644 1342 702 imperii·praedicitur,
1372 646 1477 695 quod
1506 661 1603 684 non-

131 715 216 752 duin
236 725 257 748 a
274 710 419 748 Latinis
441 723 612 748 eversum
640 719 728 748 tunc
749 711 872 748 fuerat
890 724 1008 761 quum
1035 711 1103 748 ista
1124 716 1327 762 censentur
1349 725 1430 750 esse
1450 715 1604 764 scripta.

134 779 207 816 lino
224 775 361 827 passim
381 775 419 813 in
441 775 576 813 eodem
597 775 697 812 libro
722 776 907 813 Friderici
928 776 1084 825 secundi
1098 778 1246 813 ‘mentio
1267 778 1320 822 lit,
1340 777 1501 828 ejusque
1518 792 1603 816 com

133 843 294 880 Romana
309 840 415 878 cin-ia
434 840 684 887 simultatum,
699 840 808 878 etsie
825 840 874 877 de
891 854 937 878 eo
954 837 1128 892 principe
1146 854 1271 879 sermo
1290 842 1330 878 iit
1356 850 1535 893 tanquam
1558 842 1604 880 ‹le

133 909 206 945 fera
223 903 383 955 quadam
402 902 537 950 bestia,
560 904 741 941 Ecclesiae
757 912 795 942 et
814 903 932 941 ltaliae
953 902 1070 955 pestei
1092 894 1193 950 Quin
1223 913 1260 941 et
1281 905 1440 954 ibidem,
1463 919 1545 957 cap.
1565 912 1603 955 ἡ,

131 977 255 1021 aperte
287 967 595 1018 praenuntiantur
622 980 666 1005 ac
697 967 986 1018 praelaudantur
1010 968 1166 1006 ordines
1187 969 1265 1006 duo
1296 969 1572 1007 monachorum
1591 1000 1603 1019 ‚

131 1035 193 1086 qni
210 1047 230 1071 a
249 1031 347 1069 divis
370 1031 572 1070 Francisco
596 1040 633 1069 et
660 1032 860 1069 Dominico
880 1031 1046 1069 instituti
1066 1040 1155 1069 sunt
1177 1041 1262 1083 post
1281 1032 1471 1071 Joachinii
1497 1045 1604 1071 mor-

134 1107 201 1134 tem
232 1096 341 1133 annis
374 1095 458 1145 plus
486 1095 632 1133 decem.
662 1096 764 1141 Quid
793 1104 830 1132 tn
863 1095 972 1142 inde,
997 1097 1069 1134 nisi
1103 1097 1139 1133 in
1171 1097 1321 1134 abbatis
1353 1098 1454 1135 illius
1486 1098 1608 1135 libros

134 1160 244 1199 multa
264 1159 384 1196 serius
404 1158 548 1196 intrusa
573 1173 666 1206 esse,
684 1159 786 1209 quod
804 1168 841 1196 et
858 1159 905 1197 de
922 1161 1281 1211 pseudo-Erythraea
1300 1162 1502 1212 prophetia
1523 1170 1606 1199 tuto

133 1224 312 1274 suspicari
343 1223 443 1261 licet.
463 1223 566 1261 Nulli
586 1224 685 1261 euim
708 1223 794 1261 libri
814 1224 1182 1275 interpolationibus
1211 1226 1329 1274 magis
1359 1234 1513 1276 patent,
1539 1235 1606 1264 aut

133 1290 176 1327 ad
196 1288 453 1340 interpolandi
475 1288 671 1327 libidinem
691 1289 854 1327 lectores
879 1304 922 1328 ac.
947 1289 1125 1327 librarios
1156 1290 1273 1340 magis
1292 1290 1469 1337 incitant,
1490 1303 1605 1340 quam

134 1353 341 1405 prophetici
365 1353 421 1392 vel
455 1353 692 1405 propheticis
721 1354 885 1405 similes,
915 1355 954 1393 in
979 1354 1122 1405 quibus
1143 1354 1200 1392 sui
1233 1355 1396 1405 quisque
1423 1356 1606 1406 temporis

135 1419 279 1469 negotia
309 1418 548 1469 potissimum
571 1419 731 1470 quaerit,
766 1420 906 1457 omissa
932 1419 1072 1469 quovis
1102 1419 1227 1470 pretio
1259 1418 1394 1456 redimi
1425 1420 1526 1457 velit.
1565 1419 1606 1458 ld

135 1498 220 1521 vero
247 1497 293 1522 eo
325 1484 474 1522 facilius
507 1483 768 1534 libentiusque
787 1483 834 1521 de
862 1484 1053 1523 Joaehiuii
1085 1484 1192 1521 libris
1224 1484 1472 1535 conjicimus,
1501 1484 1606 1535 quod

135 1550 168 1586 in
198 1548 388 1592 Florensi,
418 1548 523 1598 quod
552 1549 633 1599 ipse
657 1547 906 1597 condiderat,
938 1549 1195 1595 monasterio,
1221 1548 1333 1599 juxta
1359 1538 1604 1587 Consentiam

134 1613 310 1652 Culabriae
347 1613 463 1663 (olim
501 1613 670 1663 ssrtitii),
706 1613 823 1663 inque
857 1613 941 1651 aliis
974 1613 1063 1650 inde
1098 1614 1192 1650 ortis
1228 1612 1413 1650 coenobiis
1452 1615 1607 1665 (confer

135 1678 311 1717 Chi-onol.
341 1679 533 1716 Florensis
553 1678 700 1716 ordinis
714 1708 724 1726 ,
745 1678 806 1716 ed.
830 1677 1035 1726 Conseut.,
1063 1679 1182 1725 1612,
1206 1677 1363 1728 iri-4⁰),
1386 1678 1524 1716 doctus
1543 1680 1607 1717 ille

136 1743 465 1794 sagacissimusque
494 1743 565 1789 vir,
596 1756 667 1793 pro
688 1750 819 1779 sancto
842 1742 1008 1792 quodam
1031 1751 1116 1779 vate
1137 1741 1294 1779 habitus
1314 1742 1421 1788 olim,
1446 1751 1485 1779 ut
1502 1741 1606 1779 dixi-

138 1823 223 1852 mus,
241 1822 318 1845 non
337 1807 452 1845 modo
470 1807 580 1845 vivus
598 1807 738 1845 multos
754 1806 887 1844 habuit
902 1806 1127 1857 discipulos,
1144 1820 1165 1843 e
1183 1805 1323 1856 quibus
1345 1806 1528 1857 praeeipui
1549 1820 1608 1844 re·

135 1881 328 1912 censentur
346 1873 382 1910 in
408 1873 490 1924 ejus
511 1872 587 1909 vita
614 1885 762 1910 annexa
786 1871 1148 1922 pseudo-Joachimi
1173 1871 1359 1908 vaticiniis
1375 1871 1423 1907 de
1447 1871 1602 1921 pontili—

136 1937 236 1974 ribus
257 1936 448 1980 Romanis,
467 1936 599 1973 Venet.
629 1937 742 1984 1600,
763 1934 889 1981 iii-4⁰3
907 1935 972 1972 sed
990 1936 1104 1972 etiam
1125 1936 1264 1973 multos
1283 1943 1367 1986 post
1384 1949 1423 1972 se
1452 1935 1608 1986 reliquit

138 2010 333 2039 sectatores
352 2000 667 2051 aemulatoresque
684 1999 893 2050 (Joaohitas
908 2000 1025 2050 vulgo
1042 1999 1256 2049 dicebant),
1273 2012 1437 2049 quorum
1456 1999 1611 2050 opinio·

139 2081 196 2104 nes
211 2066 398 2116 quaedam,
415 2066 528 2103 latius
547 2075 784 2116 propagatae,
801 2067 840 2102 in
859 2065 1070 2104 Arelatensi
1088 2065 1268 2112 concilio,
1284 2077 1384 2101 anno
1403 2065 1515 2111 1260,
1535 2064 1611 2102 hae-

140 2145 255 2170 reseos
275 2131 433 2170 crimine
452 2130 639 2168 damnatae
659 2130 848 2168 feruntur.
874 2130 962 2175 lios,
978 2130 1147 2166 auctoris
1166 2143 1210 2166 ac
1228 2129 1379 2179 patroni
1397 2128 1455 2166 sui
1478 2129 1608 2177 instar,

140 2195 356 2234 vaticinandi
376 2195 505 2233 studio
526 2195 730 2245 plurimum
748 2194 924 2232 addictos
944 2194 1070 2241 fuisse,
1087 2207 1199 2230 nemo
1225 2202 1279 2230 est
1297 2193 1361 2244 qni
1383 2192 1550 2239 dubitet3
1572 2202 1610 2230 et

139 2261 209 2298 haee
229 2262 353 2299 forsan
375 2261 449 2298 illis
468 2274 642 2298 errorum
659 2263 795 2310 origo,
816 2259 905 2296 inde
925 2259 1013 2297 mali
1041 2258 1160 2296 labes.
1180 2261 1253 2296 Eos
1282 2258 1398 2308 igitur
1426 2257 1611 2295 transcri-

139 2325 263 2364 bendis
292 2325 481 2365 joachimi
515 2324 573 2362 sui
604 2324 845 2375 prophetiis,
880 2323 1069 2362 interdum
1103 2322 1215 2360 etiam
1247 2322 1454 2372 augendis,
1488 2321 1606 2359 ador-

139 2392 287 2438 nandis,
312 2391 496 2441 novisque
523 2389 621 2427 adeo
651 2389 881 2435 condendis,
902 2402 1058 2439 operam
1094 2387 1243 2425 dedisse
1269 2388 1336 2437 qui
1366 2387 1606 2438 suspicetur,

141 2458 195 2493 vix
212 2457 375 2502 errabit3
394 2465 432 2493 et
445 2456 551 2494 adest
572 2455 685 2506 hujus
708 2455 761 2493 rei
781 2455 980 2492 indicium.
1003 2455 1176 2503 Magnam
1194 2454 1340 2504 quippe
1367 2452 1481 2490 fuisse
1503 2453 1605 2490 circa

137 2533 177 2559 ea
197 2520 276 2560 loca
310 2521 487 2558 salsarum
522 2519 811 2571 prophetiarum
846 2518 1038 2556 oslicinain
1073 2518 1164 2565 ipsae
1195 2517 1458 2554 demonstrant
1490 2529 1607 2567 supra

139 2586 252 2624 citata:
278 2587 362 2623 dnae
392 2585 627 2636 prophetiae,
649 2584 852 2623 Tiburtina
883 2576 1020 2633 nempe
1047 2592 1083 2619 et
1120 2581 1341 2632 lirythraea3
1371 2581 1410 2618 in
1443 2593 1607 2630 (piarum

141 2652 258 2700 priore
283 2651 409 2690 Samia
431 2649 574 2699 Sibylla
599 2650 653 2687 sic
673 2658 810 2686 vocata
832 2648 973 2685 dicitnr
1001 2666 1014 2680 ιι
1040 2661 1060 2684 a
1080 2647 1194 2684 Samo
1226 2645 1383 2683 flumine
1407 2645 1606 2682 Beneven—
1631 2654 1635 2658 ·

142 2723 222 2752 tano
240 2734 253 2749 υ
282 2716 357 2768 (sic
374 2715 489 2765 vulgo
512 2714 625 2752 codd.
654 2713 764 2751 etsie
793 2714 935 2762 legerat
964 2711 1165 2749 (iotsridus
1194 2710 1470 2755 viterbiensis,
1504 2708 1609 2746 tostis
1659 2733 1665 2740 -

142 2780 441 2829 pxenecoaevus),
461 2780 584 2823 unde,
600 2779 672 2816 nisi
692 2781 763 2815 hoe
785 2778 821 2814 in
844 2777 1028 2814 honorem
1049 2775 1180 2812 Sabati
1204 2775 1327 2811 :inuiis
1348 2774 1603 2822 excogitatum

139 2851 190 2878 est
208 2843 253 2880 ab
270 2843 393 2881 incola
409 2844 538 2894 aliquo
557 2843 674 2881 ltaliae
690 2842 906 2880 inferioris?
923 2841 964 2878 lu
987 2840 1180 2890 l·]i·ytln·aea
1199 2852 1289 2876 vero
1307 2836 1521 2890 prophetia,
1536 2834 1607 2872 sub

142 2907 258 2956 linem,
279 2908 340 2946 ubi
354 2908 485 2959 judieii
507 2905 875 2958 supremipraesagia
895 2912 1098 2952 canuntur,
1119 2903 1189 2941 ista
1206 2904 1367 2939 maxime
1383 2909 1471 2938 sunt
1489 2914 1606 2937 atino·
