1686 3500
602 187 912 234 EXCURSUS
945 190 1025 236 vt.
1468 191 1561 238 479

139 275 195 326 lbi
212 285 390 324 carminis
414 297 569 337 quoque
588 284 672 339 finis
697 294 776 338 est3
797 299 868 324 nee
893 285 941 326 de
963 286 1113 339 judicio
1141 299 1323 340 supremo
1348 286 1559 341 quidquam
1580 293 1585 297 ’

48 396 51 397 ⁷
82 351 250 397 additur,
272 358 311 388 ut
331 350 463 389 tandiu
485 350 674 388 duratura
693 349 869 389 videatur
893 363 1009 390 aurea
1029 358 1120 389 aetas
1137 351 1371 399 Judoeorum,
1386 351 1558 404 quandiu

84 414 248 454 mundus
281 415 363 466 ipse
384 413 502 453 stabit
528 412 742 451 incolumis
768 414 880 453 Patet
899 414 1004 464 inde,
1030 413 1136 466 quod
1170 428 1286 467 supra
1317 415 1559 467 dicebamus,

84 479 381 532 totumjudai'cis
399 477 646 530 opinionibus
664 487 812 518 scatere
832 479 934 517 hunc
954 479 1095 518 librum
1111 478 1290 531 ,J'udai‘co
1302 480 1429 532 potius
1444 495 1558 533 quam

83 544 293 582 christiano
324 544 500 591 similem,
533 543 717 594 quonium
743 543 792 582 de
805 542 955 595 judicio
979 551 1154 582 extremo
1175 556 1220 582 ac
1241 543 1290 582 de
1317 544 1445 584 futura
1472 553 1559 598 post

78 607 269 659 judicium
290 607 327 646 in
359 606 454 646 orbe
471 621 574 646 novo
595 621 695 646 nova
717 607 792 646 vita
815 607 911 646 nihil
931 607 1085 646 videtur
1102 608 1300 659 cogitasse.

135 673 254 712 Libro
272 673 338 722 111,
359 676 377 721 5
398 674 442 721 3,
466 672 609 725 pariter
622 672 804 724 judaico,
824 672 870 711 de
893 673 1028 713 Messian
1046 673 1224 725 quidem.
1251 673 1298 712 de
1325 673 1399 712 fine
1426 675 1556 714 mundi

82 752 125 776 nc
144 738 191 776 (le
207 737 539 789 extremojudicio
552 738 645 776 nihil
668 746 799 790 aperte
818 737 1024 784 definitum
1044 751 1126 776 eam
1144 745 1266 777 tamen
1289 746 1437 790 partem
1459 738 1559 778 libro

81 804 230 855 quinto,
253 804 307 842 uti
328 812 544 856 cognatam,
564 803 618 841 ita
641 802 872 841 concordem
893 816 996 849 esse,
1028 812 1134 842 certo
1153 803 1242 842 licct
1261 804 1452 842 affirmari.

132 869 354 908 Transimus
371 869 419 907 ud
441 868 562 906 libros
582 868 755 920 apertius
775 868 1024 913 christianos,
1046 868 1111 906 sed
1132 867 1179 906 ad
1200 881 1268 906 eos
1292 868 1478 920 primum,
1493 868 1560 920 qui

75 933 280 985 justorum,
298 933 336 971 id
352 932 740 980 est,Christianorum
761 940 950 971 terrenam
968 932 1259 984 antejudicium
1276 940 1488 971 extremum
1508 934 1561 972 se-

79 999 259 1036 licitatem
285 998 514 1045 admittunt;
537 1011 636 1050 quos
662 997 774 1047 ideo,
804 997 994 1049 quidquid
1023 997 1070 1036 de
1097 997 1234 1036 ceteris
1265 996 1378 1035 rebus
1398 997 1499 1035 inter
1519 1010 1559 1037 se

81 1064 262 1102 disserant
277 1094 287 1114 ,
310 1077 445 1102 omnes
476 1062 697 1102 Millenariis
736 1062 992 1102 accensendos
1024 1075 1105 1101 esse
1146 1062 1377 1102 monuimus.
1414 1064 1557 1102 llornm

80 1129 296 1181 praecipnus
314 1127 512 1167 habendus·
530 1137 585 1166 est
609 1127 707 1166 liber
728 1135 909 1174 octavus,
931 1132 949 1176 §
971 1141 1003 1168 ι.
1024 1128 1117 1167 Nam
1143 1126 1196 1165 ibi
1219 1135 1306 1179 post
1331 1127 1556 1166 exstinctam

81 1196 336 1234 Romanorum
368 1194 644 1244 imperatorum
680 1201 826 1233 sextam
841 1222 851 1240 ,
887 1193 925 1230 id
960 1201 1035 1241 est,
1069 1191 1354 1231 Antoninorum
1395 1192 1529 1230 seriem
1545 1222 1555 1240 ,

79 1272 112 1296 v.
137 1259 179 1296 13
193 1272 223 1305 r,
245 1272 343 1310 sqq„
361 1267 449 1310 post
470 1257 696 1297 Antichristi
719 1258 757 1295 in
775 1266 895 1296 terras
912 1257 1141 1305 adventum,
1161 1270 1196 1295 v.
1228 1258 1428 1309 139,sqq.,
1449 1265 1556 1309 post-

77 1336 151 1374 que
184 1323 321 1361 multas
351 1323 585 1361 calamitates
604 1322 693 1361 inde
724 1331 944 1370 secuturas,
977 1336 1012 1363 v.
1050 1322 1145 1370 160,
1175 1335 1274 1374 sqq„
1303 1322 1462 1361 Messias
1489 1336 1556 1361 rex

76 1387 281 1438 imperium
303 1388 341 1424 in
360 1387 472 1425 terris
492 1387 656 1438 capessit
675 1387 893 1426 universum
919 1396 956 1425 et
973 1387 1272 1438 sempiternum,
1290 1400 1325 1424 v.
1347 1388 1431 1437 169,
1450 1400 1509 1439 sq.
1526 1401 1536 1426 z

235 1451 304 1490 Καὶ
320 1451 398 1491 τότε
414 1451 516 1503 ἁγνὸς
534 1450 618 1496 ἅναξ
635 1450 750 1499 πάσης
768 1455 832 1503 γ’ἧς
850 1454 1012 1505 σκῆπτρα
1030 1451 1198 1505 κρατήσει

238 1517 297 1559 Εἷς
319 1517 445 1561 αἰῶνας
459 1516 613 1560 ἅπαντας
626 1546 636 1565 ,
658 1515 910 1570 ἀποφθιμένους
923 1516 1110 1570 ἀνεγείρας.

75 1585 171 1619 Nota
188 1581 283 1620 illud
313 1582 486 1620 ultimum
507 1580 761 1635 ἀποφθιμένους
782 1581 957 1636 ἀνεγείρας
972 1612 982 1630 ,
1008 1581 1111 1620 unde
1143 1582 1280 1633 aliquis
1307 1581 1485 1634 conjiciat
1507 1582 1557 1622 de

76 1645 364 1698 ultimojudicio
379 1647 452 1685 hoc
467 1659 547 1686 esse
566 1647 773 1699 scriptum:
793 1648 858 1686 sed
877 1646 980 1685 aliud
1002 1648 1198 1695 evincunt,
1219 1661 1304 1699 quae
1324 1647 1462 1686 deinde
1481 1648 1555 1687 ad—

75 1711 219 1749 duntur
239 1711 287 1750 de
306 1712 559 1753 Antichristo.
586 1713 720 1764 Agitur
741 1726 832 1764 ergo
853 1713 900 1751 de
931 1712 1103 1752 terrestri
1130 1713 1276 1752 Messiae
1296 1727 1415 1765 regno
1443 1727 1486 1752 ac
1507 1713 1555 1752 de

74 1777 202 1829 priore
227 1778 507 1817 resurrectione
527 1787 615 1816 ante
638 1778 733 1816 illud
755 1792 915 1830 regnum
940 1778 1090 1827 futura,
1117 1791 1203 1830 quae
1224 1778 1313 1816 solis
1332 1778 1471 1830 justis,
1497 1778 1555 1818 δο-

73 1843 183 1893 κίμοις
199 1844 336 1890 κλητοῖς
352 1844 479 1895 (supra
496 1857 530 1882 v.
550 1844 630 1894 92),
647 1844 899 1895 promittitur,
919 1842 1127 1881 secundum
1143 1843 1235 1881 illud
1254 1834 1550 1896 Apo-calypseos,

73 1921 93 1946 a
115 1907 337 1946 Millenariis
358 1908 508 1947 avidius
539 1922 703 1960 semper,
741 1921 855 1959 quam
890 1908 1084 1960 oportuit,
1116 1916 1335 1960 arreptum,
1366 1921 1451 1960 cap.
1485 1922 1551 1958 πο,

75 1986 110 2012 ν.
130 1978 164 2019 4,
183 1986 243 2024 sq.
267 1987 276 2011 ε
295 1991 308 2007 τι
332 1974 380 2012 Et
399 1973 476 2011 vidi
497 1972 604 2012 sedes
620 2003 630 2023 ,
655 1983 691 2011 et
720 1974 904 2012 sederunt
923 1987 1040 2026 super
1058 1987 1120 2012 eas
1138 1971 1284 2028 [justi],
1312 1973 1551 2025 etjudicium

73 2042 234 2080 «datum
265 2051 322 2080 est
349 2031 455 2090 ittig.
473 2073 482 2083 .
499 2051 555 2081 ,et
579 2043 776 2090 vixerunt,
809 2051 845 2081 et
874 2051 1131 2094 regnaverunt
1155 2042 1258 2080 mille
1278 2042 1401 2082 annis.
1424 2042 1552 2082 Ceteri

73 2125 88 2140 u
105 2116 343 2146 mortuorum
370 2122 447 2146 non
482 2108 680 2155 vixerunt,
716 2108 840 2147 donec
860 2117 1175 2146 consummentur
1204 2107 1306 2145 mille
1332 2107 1552 2156 anni3'haec

73 2181 160 2212 «est
188 2173 416 2211 resurrectio
446 2173 583 2225 prima.
612 2174 749 2212 Beatus
777 2182 815 2211 et
843 2182 996 2211 sanctus
1016 2173 1082 2224 qui
1103 2172 1219 2210 habet
1245 2181 1394 2224 partem
1421 2173 1458 2210 in
1487 2187 1551 2211 re-

72 2256 85 2271 u
103 2240 339 2277 surrectione
361 2239 485 2291 prima
500 2257 529 2277 u.
550 2239 628 2277 llus
649 2239 751 2277 mille
766 2252 887 2277 annos
906 2252 998 2291 non,
1016 2247 1058 2276 ut
1071 2237 1134 2276 alii
1154 2236 1370 2284 Millenarii,
1391 2239 1550 2290 proprio

71 2312 107 2341 et
126 2304 259 2342 stricto
278 2318 405 2354 sensu,
426 2305 490 2343 sed
515 2305 591 2344 lato
607 2315 644 2344 et
662 2305 860 2344 indefinito
873 2304 1026 2343 videtur
1048 2303 1240 2356 accepisse
1257 2304 1395 2342 Noster
1412 2318 1420 2341 z
1440 2312 1551 2342 aeter-

72 2383 163 2407 num
190 2371 348 2421 quippe,
366 2380 405 2408 ut
425 2371 605 2419 diximus,
627 2370 765 2409 Christi
793 2370 964 2422 praedicit
983 2383 1160 2420 regnum,
1175 2369 1219 2412 εἷς
1239 2369 1367 2412 αἰῶνας
1378 2366 1550 2419 ἅπαντας,

72 2442 108 2471 et
126 2435 342 2473 universum
355 2465 366 2486 ,
385 2435 500 2483 πάσης
519 2438 582 2487 γῆς
604 2449 613 2475 :
643 2449 713 2474 nec
730 2445 868 2483 tamen,
887 2435 960 2473 nisi
982 2434 1141 2473 multum
1172 2433 1350 2479 fallimur,
1365 2442 1548 2473 aeternum

71 2499 108 2535 in
130 2499 187 2537 liis
207 2501 315 2538 terris
336 2501 534 2550 futurum,
558 2501 622 2539 sed
647 2491 813 2552 primum
832 2502 869 2538 in
896 2499 1085 2544 hocorbe
1109 2499 1354 2550 incepturum
1369 2528 1379 2547 ,
1408 2499 1548 2538 deinde

74 2566 170 2614 (post
185 2565 373 2616 judicium
396 2567 545 2618 nempe)
565 2567 603 2605 in
625 2566 719 2605 orbe
735 2575 920 2605 renovato
937 2565 1254 2603 continuandum.
1272 2564 1349 2603 Nec
1368 2565 1492 2603 statim
1510 2566 1546 2603 in

72 2630 180 2667 terris
202 2630 420 2668 universum
441 2645 449 2668 :
471 2645 558 2669 num
581 2631 735 2669 interim
759 2630 1026 2680 Antichristus,
1046 2642 1115 2667 nec
1136 2629 1254 2676 solus,
1271 2628 1336 2666 sed
1357 2642 1443 2667 cnm
1463 2630 1546 2668 aliis

72 2693 239 2744 regibus,
263 2694 335 2732 sibi
355 2694 532 2734 videlicet
552 2696 737 2744 subditis,
759 2709 916 2747 regnum
944 2695 1071 2733 adliuc
1103 2693 1352 2745 profanarum
1374 2695 1543 2744 gentium

73 2766 199 2796 tenere
215 2758 428 2798 censendus
451 2769 529 2809 est,
552 2760 697 2813 quippe
713 2761 779 2813 qui
802 2761 923 2809 infra,
945 2774 979 2799 v.
1005 2760 1092 2810 176,
1114 2772 1210 2810 sqq,
1237 2758 1438 2797 consilium
1458 2773 1543 2798 cnm

71 2823 147 2860 suis
172 2824 267 2862 inire
300 2824 449 2863 dicetur
482 2826 667 2864 adversus
694 2836 861 2865 sanctam
897 2826 1086 2864 civitatem
1101 2854 1112 2876 ,
1146 2836 1304 2875 prorsus
1338 2832 1379 2861 nt
1409 2837 1543 2876 supra,

71 2885 167 2924 libro
191 2889 238 2934 V,
262 2889 338 2927 sive
359 2890 432 2928 hoc
455 2889 666 2943 desumpsit
687 2891 826 2930 Noster
841 2905 887 2929 ex
911 2890 1043 2929 eodem
1059 2888 1210 2928 Psalmo
1228 2901 1249 2926 2
1270 2900 1384 2940 supra
1402 2889 1515 2928 citato
1530 2921 1541 2939 ,
