1686 3500
67 217 161 262 620
356 215 439 260 AD
472 215 695 261 SIBYLL.
720 215 930 261 LIBROS
964 216 1097 261 EXC.
1137 214 1235 260 vn.

219 309 361 351 Tofivzx'
378 310 433 363 ἄρ’
450 313 551 363 ἡμεῖς
569 309 603 356 ἐξ
621 310 717 358 ὁσίης
736 311 901 365 Χριστοῖο
918 310 1079 363 γενέθλης

225 373 400 428 Οὐρανίης
418 373 592 427 πεφυῶτες
604 405 615 424 ,
633 375 885 426 ἐπικλεόμεσθα
904 375 1064 426 σύναιμοι
1076 402 1087 422 ,

179 444 186 452 ’
221 437 388 485 Μνηστὺν
406 437 613 492 εὐφροσύνης
632 439 688 477 ἐπὶ
709 440 930 492 θρησκείῃσιν
950 437 1098 490 ἔχοντες.

220 502 396 543 Οὐδέποτε
414 502 499 556 πρὸς
521 505 605 541 νεῶν
628 502 761 548 ἀδύτοις
779 503 934 555 ε’ώμεσθα
954 503 1128 549 πελάζειν,
1149 516 1183 540 κ.
1204 515 1239 541 τ.
1256 500 1290 542 λ.

217 566 309 606 Ἀλλ’
327 565 447 619 ἁγναῖς
465 567 676 620 πραπίδεσσι
694 567 875 619 γεγηθότες
892 566 1026 619 εὔφρονι
1046 567 1143 617 Ουμῷ
1157 593 1167 612 ,

219 630 386 684 Ἀφνειαῖς
403 632 434 668 τ’
456 630 612 682 ἅγοὶπῃσι
634 631 693 670 καὶ
712 632 871 685 εὐδώροις
888 630 1090 682 παλάμῃσι,

219 695 413 747 Μειλιχίοις
432 695 620 748 ψαλμοῖσι,
640 695 882 748 θεοπρεπέεσσί
907 710 944 732 τε
971 695 1140 745 μολπαῖς,

217 758 376 812 ’Λφθιτον
392 759 546 809 ἐξυμνεῑν
566 775 604 798 σε
624 760 682 798 καὶ
701 762 868 812 ἄψευστον
888 758 1103 809 κελόμεσθα,

217 824 468 876 Παγγενετῆρα
487 823 596 868 Θεὸν,
613 823 897 876 πινυτόφρονα....

60 883 210 932 Quibus
227 886 412 933 versibus,
428 886 517 924 olim
533 886 684 938 quidem
700 901 743 924 ac
759 887 822 923 diu
838 886 1111 937 Sibyllinorum
1131 884 1285 932 ultimis,
1302 883 1524 934 priusquam

60 949 229 987 infelices
251 950 314 988 isti
338 958 503 1000 quatuor
525 951 720 988 novissimi
751 949 839 987 libri
859 950 1121 997 accessissent,
1151 948 1259 986 liceat
1278 946 1392 986 nobis
1420 946 1523 984 hunc

62 1012 274 1050 Exeat-sum
296 1012 473 1052 claudere
492 1029 500 1052 ε
520 1023 574 1061 ut,
593 1014 624 1052 si
644 1014 824 1052 hactenus
840 1015 877 1051 in
894 1013 1112 1064 judicandis
1129 1012 1282 1063 sibyllis
1299 1023 1406 1062 aequn
1423 1023 1523 1048 sem-

59 1089 130 1127 pet-
144 1086 182 1114 et
200 1077 390 1115 interdum
410 1079 602 1115 severiore
621 1078 763 1116 trutina
782 1079 840 1116 usi
860 1091 1008 1124 sumus,
1031 1079 1070 1115 in
1091 1078 1164 1116 fine
1183 1085 1308 1115 tamen
1329 1075 1376 1113 ad
1396 1075 1521 1113 lenio-

61 1157 121 1182 res
148 1144 291 1182 animos
318 1144 538 1195 redeamus,
559 1154 608 1191 et,
640 1159 750 1195 quam
778 1145 1052 1198 indulgentiam
1081 1144 1309 1196 editoribus,
1331 1143 1523 1194 adoptivis

59 1207 201 1259 quippe
214 1207 395 1260 patribus,
417 1209 574 1247 concedi
592 1222 742 1259 aequum
761 1218 835 1257 est,
854 1211 892 1248 in
913 1211 1025 1249 laude
1042 1213 1167 1262 potius
1183 1222 1294 1261 qnam
1312 1209 1351 1247 in
1367 1208 1521 1259 vitupe-

59 1280 208 1311 ratione
231 1272 495 1311 consistamus.
