<?xml version="1.0" encoding="UTF-8"?>
<!DOCTYPE html PUBLIC "-//W3C//DTD XHTML 1.0 Transitional//EN"
    "http://www.w3.org/TR/xhtml1/DTD/xhtml1-transitional.dtd">
<html xmlns="http://www.w3.org/1999/xhtml" xml:lang="en" lang="en">
 <head>
  <title>
</title>
<meta http-equiv="Content-Type" content="text/html;charset=utf-8" />
  <meta name='ocr-system' content='tesseract 3.04.00' />
  <meta name='ocr-capabilities' content='ocr_page ocr_carea ocr_par ocr_line ocrx_word'/>
</head>
<body>
  <div class='ocr_page' id='page_1' title='image "./excursusadsibyll00alexuoft_0011.png"; bbox 0 0 1752 3495; ppageno 0'>
   <div class='ocr_carea' id='block_1_1' title="bbox 146 175 1215 224">
    <p class='ocr_par' dir='ltr' id='par_1_1' title="bbox 146 175 1215 224">
     <span class='ocr_line' id='line_1_1' title="bbox 146 175 1215 224; baseline 0.01 -11"><span class='ocrx_word' id='word_1_1' title='bbox 146 178 175 220; x_wconf 75' lang='lat'><strong>2</strong></span> <span class='ocrx_word' id='word_1_2' title='bbox 514 175 593 218; x_wconf 84' lang='lat' dir='ltr'>Al)</span> <span class='ocrx_word' id='word_1_3' title='bbox 627 175 974 222; x_wconf 68' lang='lat' dir='ltr'>Slssvmmos</span> <span class='ocrx_word' id='word_1_4' title='bbox 1011 180 1215 224; x_wconf 77' lang='lat' dir='ltr'>LIBROS</span> 
     </span>
    </p>
   </div>
   <div class='ocr_carea' id='block_1_2' title="bbox 114 270 1634 2834">
    <p class='ocr_par' dir='ltr' id='par_1_2' title="bbox 125 270 1634 1349">
     <span class='ocr_line' id='line_1_2' title="bbox 141 270 1585 324; baseline 0.006 -14"><span class='ocrx_word' id='word_1_5' title='bbox 141 272 254 324; x_wconf 70' lang='lat' dir='ltr'>greci</span> <span class='ocrx_word' id='word_1_6' title='bbox 279 270 442 309; x_wconf 77' lang='lat' dir='ltr'>nominis</span> <span class='ocrx_word' id='word_1_7' title='bbox 473 271 740 322; x_wconf 82' lang='lat' dir='ltr'>etymologiam</span> <span class='ocrx_word' id='word_1_8' title='bbox 760 285 781 310; x_wconf 81' lang='lat' dir='ltr'>a</span> <span class='ocrx_word' id='word_1_9' title='bbox 804 273 979 312; x_wconf 84' lang='lat' dir='ltr'>Romanis</span> <span class='ocrx_word' id='word_1_10' title='bbox 1001 273 1156 324; x_wconf 84' lang='lat' dir='ltr'>petituri</span> <span class='ocrx_word' id='word_1_11' title='bbox 1179 288 1255 314; x_wconf 88' lang='lat' dir='ltr'>non</span> <span class='ocrx_word' id='word_1_12' title='bbox 1276 286 1384 315; x_wconf 85' lang='lat' dir='ltr'>erant</span> <span class='ocrx_word' id='word_1_13' title='bbox 1408 293 1416 317; x_wconf 74' lang='grc' dir='ltr'><strong>ε</strong></span> <span class='ocrx_word' id='word_1_14' title='bbox 1440 279 1585 318; x_wconf 77' lang='lat' dir='ltr'>Diodo-</span> 
     </span>
     <span class='ocr_line' id='line_1_3' title="bbox 143 321 1596 386; baseline 0.005 -13"><span class='ocrx_word' id='word_1_15' title='bbox 143 348 225 373; x_wconf 70' lang='lat' dir='ltr'>rum</span> <span class='ocrx_word' id='word_1_16' title='bbox 240 334 406 386; x_wconf 72' lang='lat' dir='ltr'>quidem,</span> <span class='ocrx_word' id='word_1_17' title='bbox 423 333 606 373; x_wconf 81' lang='lat' dir='ltr'>Biblioth.</span> <span class='ocrx_word' id='word_1_18' title='bbox 625 321 698 385; x_wconf 64' lang='lat' dir='ltr'>lv?</span> <span class='ocrx_word' id='word_1_19' title='bbox 707 334 728 386; x_wconf 71' lang='lat'>5</span> <span class='ocrx_word' id='word_1_20' title='bbox 744 336 806 381; x_wconf 87' lang='lat'>66,</span> <span class='ocrx_word' id='word_1_21' title='bbox 823 336 884 374; x_wconf 65' lang='lat' dir='ltr'>ed.</span> <span class='ocrx_word' id='word_1_22' title='bbox 903 337 1003 386; x_wconf 68' lang='lat' dir='ltr'>Rip„</span> <span class='ocrx_word' id='word_1_23' title='bbox 1021 338 1088 376; x_wconf 73' lang='lat' dir='ltr'>ubi</span> <span class='ocrx_word' id='word_1_24' title='bbox 1105 336 1160 376; x_wconf 72' lang='lat' dir='ltr'>‘aa</span> <span class='ocrx_word' id='word_1_25' title='bbox 1175 340 1292 378; x_wconf 73' lang='lat' dir='ltr'>verbo</span> <span class='ocrx_word' id='word_1_26' title='bbox 1308 340 1536 381; x_wconf 59' lang='grc' dir='ltr'>σιευλλαινιιν</span> <span class='ocrx_word' id='word_1_27' title='bbox 1559 347 1596 381; x_wconf 70' lang='lat' dir='ltr'>a,</span> 
     </span>
     <span class='ocr_line' id='line_1_4' title="bbox 138 398 1595 452; baseline 0.005 -15"><span class='ocrx_word' id='word_1_28' title='bbox 138 400 285 450; x_wconf 77' lang='lat' dir='ltr'>glossis,</span> <span class='ocrx_word' id='word_1_29' title='bbox 302 398 341 436; x_wconf 86' lang='lat' dir='ltr'>id</span> <span class='ocrx_word' id='word_1_30' title='bbox 361 407 430 449; x_wconf 87' lang='lat' dir='ltr'>est,</span> <span class='ocrx_word' id='word_1_31' title='bbox 446 399 603 450; x_wconf 90' lang='lat' dir='ltr'>antiqua</span> <span class='ocrx_word' id='word_1_32' title='bbox 625 400 766 449; x_wconf 79' lang='lat' dir='ltr'>lingua,</span> <span class='ocrx_word' id='word_1_33' title='bbox 784 399 971 450; x_wconf 82' lang='lat' dir='ltr'>designari</span> <span class='ocrx_word' id='word_1_34' title='bbox 993 401 1165 439; x_wconf 88' lang='lat' dir='ltr'>divinum</span> <span class='ocrx_word' id='word_1_35' title='bbox 1182 412 1353 452; x_wconf 74' lang='lat' dir='ltr'>oestrum,</span> <span class='ocrx_word' id='word_1_36' title='bbox 1375 403 1414 443; x_wconf 80' lang='grc' dir='ltr'>τὸ</span> <span class='ocrx_word' id='word_1_37' title='bbox 1429 406 1595 451; x_wconf 80' lang='grc' dir='ltr'>ἐνθεάζειν</span> 
     </span>
     <span class='ocr_line' id='line_1_5' title="bbox 138 462 1592 518; baseline 0.006 -17"><span class='ocrx_word' id='word_1_38' title='bbox 138 463 226 501; x_wconf 77' lang='grc' dir='ltr'>κατὰ</span> <span class='ocrx_word' id='word_1_39' title='bbox 243 463 404 513; x_wconf 80' lang='grc' dir='ltr'>γλῶσσαν</span> <span class='ocrx_word' id='word_1_40' title='bbox 429 463 594 515; x_wconf 73' lang='grc' dir='ltr'>ὑπάρχειν</span> <span class='ocrx_word' id='word_1_41' title='bbox 614 462 842 501; x_wconf 74' lang='grc' dir='ltr'>σιὸυλλαίνειν</span> <span class='ocrx_word' id='word_1_42' title='bbox 856 477 865 486; x_wconf 91' lang='grc'>·</span> <span class='ocrx_word' id='word_1_43' title='bbox 885 464 1089 503; x_wconf 77' lang='lat' dir='ltr'>Arrianum</span> <span class='ocrx_word' id='word_1_44' title='bbox 1117 480 1209 504; x_wconf 89' lang='lat' dir='ltr'>vero</span> <span class='ocrx_word' id='word_1_45' title='bbox 1232 469 1333 518; x_wconf 83' lang='lat' dir='ltr'>apud</span> <span class='ocrx_word' id='word_1_46' title='bbox 1353 469 1592 509; x_wconf 86' lang='lat' dir='ltr'>Eustathium</span> 
     </span>
     <span class='ocr_line' id='line_1_6' title="bbox 125 524 1594 579; baseline 0.006 -17"><span class='ocrx_word' id='word_1_47' title='bbox 125 528 183 564; x_wconf 83' lang='lat' dir='ltr'>‚ad</span> <span class='ocrx_word' id='word_1_48' title='bbox 203 526 313 566; x_wconf 80' lang='lat' dir='ltr'><strong>Iliad.</strong></span> <span class='ocrx_word' id='word_1_49' title='bbox 335 525 379 574; x_wconf 83' lang='grc'>6,</span> <span class='ocrx_word' id='word_1_50' title='bbox 412 527 485 570; x_wconf 77' lang='lat'>811.</span> <span class='ocrx_word' id='word_1_51' title='bbox 500 555 511 573; x_wconf 88' lang='lat'>,</span> <span class='ocrx_word' id='word_1_52' title='bbox 535 524 598 564; x_wconf 88' lang='lat' dir='ltr'>ubi</span> <span class='ocrx_word' id='word_1_53' title='bbox 620 526 782 575; x_wconf 87' lang='lat' dir='ltr'>Sibyllas</span> <span class='ocrx_word' id='word_1_54' title='bbox 802 527 854 564; x_wconf 88' lang='lat' dir='ltr'>ait</span> <span class='ocrx_word' id='word_1_55' title='bbox 873 527 925 564; x_wconf 89' lang='lat' dir='ltr'>ita</span> <span class='ocrx_word' id='word_1_56' title='bbox 947 530 1230 579; x_wconf 83' lang='lat' dir='ltr'>cognominatas</span> <span class='ocrx_word' id='word_1_57' title='bbox 1250 531 1301 568; x_wconf 92' lang='lat' dir='ltr'>ob</span> <span class='ocrx_word' id='word_1_58' title='bbox 1320 533 1387 570; x_wconf 90' lang='lat' dir='ltr'>Dei</span> <span class='ocrx_word' id='word_1_59' title='bbox 1411 536 1594 571; x_wconf 85' lang='lat' dir='ltr'>moventis</span> 
     </span>
     <span class='ocr_line' id='line_1_7' title="bbox 136 590 1591 643; baseline 0.004 -14"><span class='ocrx_word' id='word_1_60' title='bbox 136 592 375 639; x_wconf 88' lang='lat' dir='ltr'>instinctum,</span> <span class='ocrx_word' id='word_1_61' title='bbox 396 591 450 630; x_wconf 74' lang='grc' dir='ltr'>διὰ</span> <span class='ocrx_word' id='word_1_62' title='bbox 468 591 530 638; x_wconf 81' lang='grc' dir='ltr'>τὴν</span> <span class='ocrx_word' id='word_1_63' title='bbox 547 590 726 643; x_wconf 72' lang='grc' dir='ltr'>θεοφορίαν</span> <span class='ocrx_word' id='word_1_64' title='bbox 747 590 917 643; x_wconf 75' lang='grc' dir='ltr'>τυχούσας</span> <span class='ocrx_word' id='word_1_65' title='bbox 934 595 994 639; x_wconf 78' lang='grc' dir='ltr'>τῆς</span> <span class='ocrx_word' id='word_1_66' title='bbox 1013 594 1239 640; x_wconf 73' lang='grc' dir='ltr'>ἐπικλήσεως.</span> <span class='ocrx_word' id='word_1_67' title='bbox 1256 595 1352 634; x_wconf 88' lang='lat' dir='ltr'>Sunt</span> <span class='ocrx_word' id='word_1_68' title='bbox 1368 596 1405 634; x_wconf 89' lang='lat' dir='ltr'>in</span> <span class='ocrx_word' id='word_1_69' title='bbox 1422 598 1591 635; x_wconf 85' lang='lat' dir='ltr'>eamdem</span> 
     </span>
     <span class='ocr_line' id='line_1_8' title="bbox 134 657 1593 713; baseline 0.004 -19"><span class='ocrx_word' id='word_1_70' title='bbox 134 671 212 696; x_wconf 86' lang='lat' dir='ltr'>rem</span> <span class='ocrx_word' id='word_1_71' title='bbox 229 658 303 695; x_wconf 86' lang='lat' dir='ltr'>alia</span> <span class='ocrx_word' id='word_1_72' title='bbox 316 659 535 697; x_wconf 86' lang='lat' dir='ltr'>Graecorum</span> <span class='ocrx_word' id='word_1_73' title='bbox 558 657 793 704; x_wconf 78' lang='lat' dir='ltr'>testimonia,</span> <span class='ocrx_word' id='word_1_74' title='bbox 811 657 876 695; x_wconf 82' lang='lat' dir='ltr'>sed</span> <span class='ocrx_word' id='word_1_75' title='bbox 891 659 1105 696; x_wconf 80' lang='lat' dir='ltr'>recentiora</span> <span class='ocrx_word' id='word_1_76' title='bbox 1122 673 1242 710; x_wconf 81' lang='lat' dir='ltr'>eoque</span> <span class='ocrx_word' id='word_1_77' title='bbox 1264 662 1419 699; x_wconf 85' lang='lat' dir='ltr'>minoris</span> <span class='ocrx_word' id='word_1_78' title='bbox 1436 662 1540 713; x_wconf 81' lang='lat' dir='ltr'>fidei3</span> <span class='ocrx_word' id='word_1_79' title='bbox 1557 671 1593 700; x_wconf 90' lang='lat' dir='ltr'>et</span> 
     </span>
     <span class='ocr_line' id='line_1_9' title="bbox 131 720 1589 777; baseline 0.004 -19"><span class='ocrx_word' id='word_1_80' title='bbox 131 721 220 760; x_wconf 84' lang='lat' dir='ltr'>huic</span> <span class='ocrx_word' id='word_1_81' title='bbox 237 723 407 772; x_wconf 81' lang='lat' dir='ltr'>profecto</span> <span class='ocrx_word' id='word_1_82' title='bbox 429 720 624 758; x_wconf 86' lang='lat' dir='ltr'>sententiae</span> <span class='ocrx_word' id='word_1_83' title='bbox 640 721 835 769; x_wconf 74' lang='lat' dir='ltr'>suffragati</span> <span class='ocrx_word' id='word_1_84' title='bbox 853 730 942 759; x_wconf 89' lang='lat' dir='ltr'>sunt</span> <span class='ocrx_word' id='word_1_85' title='bbox 968 721 1112 760; x_wconf 81' lang='lat' dir='ltr'>librarii</span> <span class='ocrx_word' id='word_1_86' title='bbox 1133 724 1198 774; x_wconf 82' lang='lat' dir='ltr'>qni</span> <span class='ocrx_word' id='word_1_87' title='bbox 1216 725 1255 762; x_wconf 91' lang='lat' dir='ltr'>in</span> <span class='ocrx_word' id='word_1_88' title='bbox 1275 724 1436 764; x_wconf 86' lang='lat' dir='ltr'>Constit.</span> <span class='ocrx_word' id='word_1_89' title='bbox 1459 728 1589 777; x_wconf 80' lang='lat' dir='ltr'>Apost.</span> 
     </span>
     <span class='ocr_line' id='line_1_10' title="bbox 132 781 1590 840; baseline 0.003 -17"><span class='ocrx_word' id='word_1_90' title='bbox 132 785 196 824; x_wconf 89' lang='lat' dir='ltr'>lib.</span> <span class='ocrx_word' id='word_1_91' title='bbox 214 786 260 833; x_wconf 85' lang='lat' dir='ltr'>V,</span> <span class='ocrx_word' id='word_1_92' title='bbox 280 799 364 838; x_wconf 86' lang='lat' dir='ltr'>cap.</span> <span class='ocrx_word' id='word_1_93' title='bbox 385 799 423 833; x_wconf 84' lang='lat'>7,</span> <span class='ocrx_word' id='word_1_94' title='bbox 440 781 592 823; x_wconf 70' lang='grc' dir='ltr'>Ἀὅυλλα</span> <span class='ocrx_word' id='word_1_95' title='bbox 606 798 676 836; x_wconf 80' lang='lat' dir='ltr'>pro</span> <span class='ocrx_word' id='word_1_96' title='bbox 690 783 846 824; x_wconf 74' lang='grc' dir='ltr'>Σίὸυλλα</span> <span class='ocrx_word' id='word_1_97' title='bbox 863 786 969 836; x_wconf 86' lang='lat' dir='ltr'>quasi</span> <span class='ocrx_word' id='word_1_98' title='bbox 987 799 1056 837; x_wconf 85' lang='lat' dir='ltr'>per</span> <span class='ocrx_word' id='word_1_99' title='bbox 1074 796 1330 839; x_wconf 87' lang='lat' dir='ltr'>contemptum</span> <span class='ocrx_word' id='word_1_100' title='bbox 1345 790 1590 840; x_wconf 84' lang='lat' dir='ltr'>scripserunt.</span> 
     </span>
     <span class='ocr_line' id='line_1_11' title="bbox 129 848 1634 903; baseline 0.003 -16"><span class='ocrx_word' id='word_1_101' title='bbox 129 852 182 888; x_wconf 81' lang='lat' dir='ltr'>Ea</span> <span class='ocrx_word' id='word_1_102' title='bbox 201 863 302 887; x_wconf 88' lang='lat' dir='ltr'>nunc</span> <span class='ocrx_word' id='word_1_103' title='bbox 320 848 529 886; x_wconf 87' lang='lat' dir='ltr'>omittimus</span> <span class='ocrx_word' id='word_1_104' title='bbox 545 861 630 899; x_wconf 76' lang='lat' dir='ltr'>quae</span> <span class='ocrx_word' id='word_1_105' title='bbox 649 849 772 899; x_wconf 87' lang='lat' dir='ltr'>palam</span> <span class='ocrx_word' id='word_1_106' title='bbox 792 862 812 886; x_wconf 89' lang='lat' dir='ltr'>e</span> <span class='ocrx_word' id='word_1_107' title='bbox 832 848 958 887; x_wconf 85' lang='lat' dir='ltr'>latinis</span> <span class='ocrx_word' id='word_1_108' title='bbox 980 849 1165 887; x_wconf 81' lang='lat' dir='ltr'>Lactantii</span> <span class='ocrx_word' id='word_1_109' title='bbox 1181 851 1219 888; x_wconf 91' lang='lat' dir='ltr'>in</span> <span class='ocrx_word' id='word_1_110' title='bbox 1245 865 1404 901; x_wconf 79' lang='lat' dir='ltr'>graecam</span> <span class='ocrx_word' id='word_1_111' title='bbox 1424 853 1590 903; x_wconf 78' lang='lat' dir='ltr'>linguam</span> <span class='ocrx_word' id='word_1_112' title='bbox 1632 900 1634 902; x_wconf 21' lang='grc' dir='ltr'>Ι</span> 
     </span>
     <span class='ocr_line' id='line_1_12' title="bbox 128 912 1588 964; baseline 0.003 -14"><span class='ocrx_word' id='word_1_113' title='bbox 128 926 236 951; x_wconf 83' lang='lat' dir='ltr'>versa</span> <span class='ocrx_word' id='word_1_114' title='bbox 252 922 338 950; x_wconf 89' lang='lat' dir='ltr'>sunt</span> <span class='ocrx_word' id='word_1_115' title='bbox 351 941 362 960; x_wconf 92' lang='lat'>,</span> <span class='ocrx_word' id='word_1_116' title='bbox 379 913 491 962; x_wconf 86' lang='lat' dir='ltr'>quale</span> <span class='ocrx_word' id='word_1_117' title='bbox 506 921 562 950; x_wconf 77' lang='lat' dir='ltr'>est</span> <span class='ocrx_word' id='word_1_118' title='bbox 581 912 831 963; x_wconf 77' lang='lat' dir='ltr'>fragmentum</span> <span class='ocrx_word' id='word_1_119' title='bbox 846 913 949 964; x_wconf 87' lang='lat' dir='ltr'>apud</span> <span class='ocrx_word' id='word_1_120' title='bbox 967 913 1123 952; x_wconf 89' lang='lat' dir='ltr'>Suidam</span> <span class='ocrx_word' id='word_1_121' title='bbox 1142 943 1151 960; x_wconf 93' lang='lat'>‚</span> <span class='ocrx_word' id='word_1_122' title='bbox 1170 928 1208 952; x_wconf 91' lang='lat' dir='ltr'>v.</span> <span class='ocrx_word' id='word_1_123' title='bbox 1233 915 1417 964; x_wconf 70' lang='grc' dir='ltr'>Σίὸυλλαι,</span> <span class='ocrx_word' id='word_1_124' title='bbox 1441 925 1478 954; x_wconf 84' lang='lat' dir='ltr'>et</span> <span class='ocrx_word' id='word_1_125' title='bbox 1500 917 1588 954; x_wconf 88' lang='lat' dir='ltr'>alibi</span> 
     </span>
     <span class='ocr_line' id='line_1_13' title="bbox 128 975 1587 1033; baseline 0.003 -19"><span class='ocrx_word' id='word_1_126' title='bbox 128 977 262 1027; x_wconf 85' lang='lat' dir='ltr'>passim</span> <span class='ocrx_word' id='word_1_127' title='bbox 280 976 432 1014; x_wconf 83' lang='lat' dir='ltr'>obvium</span> <span class='ocrx_word' id='word_1_128' title='bbox 457 991 466 1014; x_wconf 73' lang='grc' dir='ltr'><strong><em>ε</em></strong></span> <span class='ocrx_word' id='word_1_129' title='bbox 490 975 647 1014; x_wconf 69' lang='grc' dir='ltr'>Σίὸυλλα</span> <span class='ocrx_word' id='word_1_130' title='bbox 680 975 840 1029; x_wconf 81' lang='grc' dir='ltr'>ῥωμαϊκὴ</span> <span class='ocrx_word' id='word_1_131' title='bbox 864 976 950 1021; x_wconf 81' lang='grc' dir='ltr'>λέξις</span> <span class='ocrx_word' id='word_1_132' title='bbox 971 977 1088 1025; x_wconf 76' lang='grc' dir='ltr'>ἐστὶν,</span> <span class='ocrx_word' id='word_1_133' title='bbox 1121 978 1378 1031; x_wconf 76' lang='grc' dir='ltr'>ἑρμηνευομένη</span> <span class='ocrx_word' id='word_1_134' title='bbox 1406 983 1587 1033; x_wconf 67' lang='grc' dir='ltr'>προφῆτις,</span> 
     </span>
     <span class='ocr_line' id='line_1_14' title="bbox 126 1039 1590 1094; baseline 0.003 -16"><span class='ocrx_word' id='word_1_135' title='bbox 126 1040 230 1090; x_wconf 76' lang='grc' dir='ltr'>ἤγουν</span> <span class='ocrx_word' id='word_1_136' title='bbox 246 1039 380 1091; x_wconf 78' lang='grc' dir='ltr'>μάντις,</span> <span class='ocrx_word' id='word_1_137' title='bbox 398 1039 472 1078; x_wconf 79' lang='grc' dir='ltr'>ὅθεν</span> <span class='ocrx_word' id='word_1_138' title='bbox 492 1039 540 1077; x_wconf 80' lang='grc' dir='ltr'>ἑνὶ</span> <span class='ocrx_word' id='word_1_139' title='bbox 558 1040 701 1090; x_wconf 84' lang='grc' dir='ltr'>ὀνόματι</span> <span class='ocrx_word' id='word_1_140' title='bbox 717 1041 752 1078; x_wconf 77' lang='grc' dir='ltr'>αἱ</span> <span class='ocrx_word' id='word_1_141' title='bbox 771 1041 904 1085; x_wconf 67' lang='grc' dir='ltr'>θήλειαι</span> <span class='ocrx_word' id='word_1_142' title='bbox 923 1040 1081 1092; x_wconf 80' lang='grc' dir='ltr'>μάντιδες</span> <span class='ocrx_word' id='word_1_143' title='bbox 1094 1042 1357 1094; x_wconf 77' lang='grc' dir='ltr'>ὠνομάσθησαν.</span> <span class='ocrx_word' id='word_1_144' title='bbox 1379 1044 1497 1094; x_wconf 86' lang='lat' dir='ltr'>Cujus</span> <span class='ocrx_word' id='word_1_145' title='bbox 1517 1053 1590 1083; x_wconf 85' lang='lat' dir='ltr'>tes—</span> 
     </span>
     <span class='ocr_line' id='line_1_15' title="bbox 126 1105 1588 1156; baseline 0.003 -14"><span class='ocrx_word' id='word_1_146' title='bbox 126 1105 273 1142; x_wconf 77' lang='lat' dir='ltr'>timonii</span> <span class='ocrx_word' id='word_1_147' title='bbox 297 1105 481 1156; x_wconf 84' lang='lat' dir='ltr'>originem</span> <span class='ocrx_word' id='word_1_148' title='bbox 507 1105 762 1155; x_wconf 86' lang='lat' dir='ltr'>opportunius</span> <span class='ocrx_word' id='word_1_149' title='bbox 784 1105 1019 1154; x_wconf 86' lang='lat' dir='ltr'>inquiremus</span> <span class='ocrx_word' id='word_1_150' title='bbox 1047 1106 1085 1142; x_wconf 92' lang='lat' dir='ltr'>in</span> <span class='ocrx_word' id='word_1_151' title='bbox 1099 1107 1191 1146; x_wconf 72' lang='lat' dir='ltr'><strong>Exn.</strong></span> <span class='ocrx_word' id='word_1_152' title='bbox 1213 1108 1258 1147; x_wconf 80' lang='lat' dir='ltr'>V,</span> <span class='ocrx_word' id='word_1_153' title='bbox 1285 1109 1440 1146; x_wconf 78' lang='lat' dir='ltr'>Interim</span> <span class='ocrx_word' id='word_1_154' title='bbox 1466 1110 1588 1146; x_wconf 88' lang='lat' dir='ltr'>notari</span> 
     </span>
     <span class='ocr_line' id='line_1_16' title="bbox 128 1167 1591 1221; baseline 0.003 -15"><span class='ocrx_word' id='word_1_155' title='bbox 128 1169 219 1206; x_wconf 84' lang='lat' dir='ltr'>satis</span> <span class='ocrx_word' id='word_1_156' title='bbox 250 1169 297 1207; x_wconf 85' lang='lat' dir='ltr'>sit</span> <span class='ocrx_word' id='word_1_157' title='bbox 327 1169 477 1220; x_wconf 79' lang='lat' dir='ltr'>graeculi</span> <span class='ocrx_word' id='word_1_158' title='bbox 500 1168 684 1205; x_wconf 86' lang='lat' dir='ltr'>inscitiam</span> <span class='ocrx_word' id='word_1_159' title='bbox 699 1196 709 1213; x_wconf 90' lang='lat'>,</span> <span class='ocrx_word' id='word_1_160' title='bbox 728 1168 789 1205; x_wconf 88' lang='lat' dir='ltr'>cui</span> <span class='ocrx_word' id='word_1_161' title='bbox 812 1167 973 1220; x_wconf 78' lang='grc' dir='ltr'>ῥωμαϊκὴ</span> <span class='ocrx_word' id='word_1_162' title='bbox 1004 1168 1092 1212; x_wconf 82' lang='grc' dir='ltr'>λέξις</span> <span class='ocrx_word' id='word_1_163' title='bbox 1123 1178 1179 1206; x_wconf 85' lang='lat' dir='ltr'>est</span> <span class='ocrx_word' id='word_1_164' title='bbox 1203 1183 1286 1220; x_wconf 86' lang='lat' dir='ltr'>quae</span> <span class='ocrx_word' id='word_1_165' title='bbox 1309 1173 1436 1221; x_wconf 85' lang='lat' dir='ltr'>potius</span> <span class='ocrx_word' id='word_1_166' title='bbox 1455 1173 1591 1220; x_wconf 76' lang='grc' dir='ltr'>αἷολική</span> 
     </span>
     <span class='ocr_line' id='line_1_17' title="bbox 126 1233 1588 1288; baseline 0.003 -17"><span class='ocrx_word' id='word_1_167' title='bbox 126 1234 288 1271; x_wconf 86' lang='lat' dir='ltr'>dicenda</span> <span class='ocrx_word' id='word_1_168' title='bbox 306 1242 397 1278; x_wconf 79' lang='lat' dir='ltr'>erat,</span> <span class='ocrx_word' id='word_1_169' title='bbox 411 1246 488 1270; x_wconf 86' lang='lat' dir='ltr'>non</span> <span class='ocrx_word' id='word_1_170' title='bbox 509 1241 631 1270; x_wconf 70' lang='lat' dir='ltr'>tamen</span> <span class='ocrx_word' id='word_1_171' title='bbox 650 1233 729 1270; x_wconf 85' lang='lat' dir='ltr'>sine</span> <span class='ocrx_word' id='word_1_172' title='bbox 749 1233 877 1283; x_wconf 84' lang='lat' dir='ltr'>aliqua</span> <span class='ocrx_word' id='word_1_173' title='bbox 900 1234 1160 1281; x_wconf 82' lang='lat' dir='ltr'>excusatione,</span> <span class='ocrx_word' id='word_1_174' title='bbox 1180 1235 1282 1286; x_wconf 88' lang='lat' dir='ltr'>quod</span> <span class='ocrx_word' id='word_1_175' title='bbox 1306 1236 1430 1274; x_wconf 80' lang='lat' dir='ltr'>latinae</span> <span class='ocrx_word' id='word_1_176' title='bbox 1450 1237 1588 1288; x_wconf 68' lang='lat' dir='ltr'>lingum</span> 
     </span>
     <span class='ocr_line' id='line_1_18' title="bbox 126 1297 1482 1349; baseline 0.003 -14"><span class='ocrx_word' id='word_1_177' title='bbox 126 1299 288 1347; x_wconf 80' lang='lat' dir='ltr'>priscam</span> <span class='ocrx_word' id='word_1_178' title='bbox 309 1298 424 1335; x_wconf 80' lang='lat' dir='ltr'>fuisse</span> <span class='ocrx_word' id='word_1_179' title='bbox 443 1310 528 1334; x_wconf 89' lang='lat' dir='ltr'>cum</span> <span class='ocrx_word' id='word_1_180' title='bbox 549 1298 680 1334; x_wconf 83' lang='lat' dir='ltr'>aeolica</span> <span class='ocrx_word' id='word_1_181' title='bbox 701 1297 866 1335; x_wconf 85' lang='lat' dir='ltr'>dialecto</span> <span class='ocrx_word' id='word_1_182' title='bbox 886 1299 1173 1349; x_wconf 78' lang='lat' dir='ltr'>cognationem,</span> <span class='ocrx_word' id='word_1_183' title='bbox 1197 1313 1328 1338; x_wconf 86' lang='lat' dir='ltr'>omnes</span> <span class='ocrx_word' id='word_1_184' title='bbox 1348 1302 1482 1341; x_wconf 80' lang='lat' dir='ltr'>sciant.</span> 
     </span>
    </p>

    <p class='ocr_par' dir='ltr' id='par_1_3' title="bbox 123 1362 1588 1606">
     <span class='ocr_line' id='line_1_19' title="bbox 179 1362 1588 1416; baseline 0.002 -16"><span class='ocrx_word' id='word_1_185' title='bbox 179 1365 356 1413; x_wconf 85' lang='lat' dir='ltr'>Atquam</span> <span class='ocrx_word' id='word_1_186' title='bbox 381 1362 492 1399; x_wconf 78' lang='lat' dir='ltr'>refert</span> <span class='ocrx_word' id='word_1_187' title='bbox 515 1362 743 1408; x_wconf 79' lang='lat' dir='ltr'>Pausanias,</span> <span class='ocrx_word' id='word_1_188' title='bbox 771 1362 928 1403; x_wconf 74' lang='lat' dir='ltr'>Phocic.</span> <span class='ocrx_word' id='word_1_189' title='bbox 954 1376 1035 1413; x_wconf 84' lang='lat' dir='ltr'>cap.</span> <span class='ocrx_word' id='word_1_190' title='bbox 1058 1376 1103 1400; x_wconf 81' lang='lat'>12</span> <span class='ocrx_word' id='word_1_191' title='bbox 1118 1392 1128 1410; x_wconf 93' lang='lat'>‚</span> <span class='ocrx_word' id='word_1_192' title='bbox 1153 1364 1386 1415; x_wconf 74' lang='lat' dir='ltr'>Delphorum</span> <span class='ocrx_word' id='word_1_193' title='bbox 1406 1378 1588 1416; x_wconf 85' lang='lat' dir='ltr'>quorum-</span> 
     </span>
     <span class='ocr_line' id='line_1_20' title="bbox 123 1424 1585 1477; baseline 0.002 -14"><span class='ocrx_word' id='word_1_194' title='bbox 123 1425 214 1464; x_wconf 86' lang='lat' dir='ltr'>dum</span> <span class='ocrx_word' id='word_1_195' title='bbox 237 1426 479 1477; x_wconf 86' lang='lat' dir='ltr'>opinionem,</span> <span class='ocrx_word' id='word_1_196' title='bbox 499 1426 565 1477; x_wconf 88' lang='lat' dir='ltr'>qui</span> <span class='ocrx_word' id='word_1_197' title='bbox 594 1424 795 1472; x_wconf 68' lang='grc' dir='ltr'>Σίδυλλαν,</span> <span class='ocrx_word' id='word_1_198' title='bbox 829 1434 1008 1477; x_wconf 84' lang='lat' dir='ltr'>tanquam</span> <span class='ocrx_word' id='word_1_199' title='bbox 1031 1425 1227 1477; x_wconf 73' lang='grc' dir='ltr'>Λίὸυσσαν,</span> <span class='ocrx_word' id='word_1_200' title='bbox 1247 1427 1294 1465; x_wconf 90' lang='lat' dir='ltr'>ab</span> <span class='ocrx_word' id='word_1_201' title='bbox 1320 1429 1423 1467; x_wconf 74' lang='lat' dir='ltr'>Afris</span> <span class='ocrx_word' id='word_1_202' title='bbox 1447 1429 1585 1466; x_wconf 85' lang='lat' dir='ltr'>dictam</span> 
     </span>
     <span class='ocr_line' id='line_1_21' title="bbox 125 1489 1583 1541; baseline 0.002 -14"><span class='ocrx_word' id='word_1_203' title='bbox 125 1489 417 1538; x_wconf 81' lang='lat' dir='ltr'>existimabant,</span> <span class='ocrx_word' id='word_1_204' title='bbox 436 1503 506 1527; x_wconf 84' lang='lat' dir='ltr'>nec</span> <span class='ocrx_word' id='word_1_205' title='bbox 530 1489 688 1540; x_wconf 88' lang='lat' dir='ltr'>probari</span> <span class='ocrx_word' id='word_1_206' title='bbox 706 1502 777 1526; x_wconf 89' lang='lat' dir='ltr'>nec</span> <span class='ocrx_word' id='word_1_207' title='bbox 796 1490 970 1527; x_wconf 85' lang='lat' dir='ltr'>excusari</span> <span class='ocrx_word' id='word_1_208' title='bbox 990 1503 1120 1541; x_wconf 87' lang='lat' dir='ltr'>posse,</span> <span class='ocrx_word' id='word_1_209' title='bbox 1141 1491 1435 1530; x_wconf 85' lang='lat' dir='ltr'>monstrabimus</span> <span class='ocrx_word' id='word_1_210' title='bbox 1463 1493 1583 1539; x_wconf 82' lang='lat' dir='ltr'>infra,</span> 
     </span>
     <span class='ocr_line' id='line_1_22' title="bbox 127 1555 301 1606; baseline 0.006 -16"><span class='ocrx_word' id='word_1_211' title='bbox 127 1567 214 1606; x_wconf 83' lang='lat' dir='ltr'>cap.</span> <span class='ocrx_word' id='word_1_212' title='bbox 244 1555 301 1595; x_wconf 76' lang='lat'>13.</span> 
     </span>
    </p>

    <p class='ocr_par' dir='ltr' id='par_1_4' title="bbox 124 1617 1586 1799">
     <span class='ocr_line' id='line_1_23' title="bbox 177 1617 1586 1672; baseline 0.002 -16"><span class='ocrx_word' id='word_1_213' title='bbox 177 1618 279 1657; x_wconf 84' lang='lat' dir='ltr'>Alias</span> <span class='ocrx_word' id='word_1_214' title='bbox 299 1619 551 1657; x_wconf 78' lang='lat' dir='ltr'>recentiomm</span> <span class='ocrx_word' id='word_1_215' title='bbox 570 1618 806 1669; x_wconf 82' lang='lat' dir='ltr'>conjecturas</span> <span class='ocrx_word' id='word_1_216' title='bbox 827 1619 874 1656; x_wconf 93' lang='lat' dir='ltr'>de</span> <span class='ocrx_word' id='word_1_217' title='bbox 903 1617 1073 1669; x_wconf 79' lang='lat' dir='ltr'>ejusdem</span> <span class='ocrx_word' id='word_1_218' title='bbox 1093 1620 1198 1658; x_wconf 87' lang='lat' dir='ltr'>vocis</span> <span class='ocrx_word' id='word_1_219' title='bbox 1216 1629 1344 1671; x_wconf 80' lang='lat' dir='ltr'>etymo</span> <span class='ocrx_word' id='word_1_220' title='bbox 1359 1651 1370 1671; x_wconf 88' lang='lat'>,</span> <span class='ocrx_word' id='word_1_221' title='bbox 1402 1634 1423 1659; x_wconf 89' lang='lat' dir='ltr'>e</span> <span class='ocrx_word' id='word_1_222' title='bbox 1450 1623 1586 1672; x_wconf 73' lang='lat' dir='ltr'>graeeis</span> 
     </span>
     <span class='ocr_line' id='line_1_24' title="bbox 125 1683 1584 1738; baseline 0.003 -17"><span class='ocrx_word' id='word_1_223' title='bbox 125 1683 294 1722; x_wconf 77' lang='lat' dir='ltr'>sontibus</span> <span class='ocrx_word' id='word_1_224' title='bbox 313 1683 426 1721; x_wconf 81' lang='lat' dir='ltr'>nimis</span> <span class='ocrx_word' id='word_1_225' title='bbox 446 1683 601 1721; x_wconf 84' lang='lat' dir='ltr'>remotis</span> <span class='ocrx_word' id='word_1_226' title='bbox 626 1683 814 1730; x_wconf 85' lang='lat' dir='ltr'>detortas,</span> <span class='ocrx_word' id='word_1_227' title='bbox 837 1683 970 1721; x_wconf 85' lang='lat' dir='ltr'>confer</span> <span class='ocrx_word' id='word_1_228' title='bbox 995 1684 1097 1734; x_wconf 86' lang='lat' dir='ltr'>apud</span> <span class='ocrx_word' id='word_1_229' title='bbox 1123 1684 1291 1735; x_wconf 71' lang='lat' dir='ltr'>Fabric„</span> <span class='ocrx_word' id='word_1_230' title='bbox 1319 1685 1504 1724; x_wconf 87' lang='lat' dir='ltr'>Biblioth.</span> <span class='ocrx_word' id='word_1_231' title='bbox 1528 1700 1584 1738; x_wconf 85' lang='lat' dir='ltr'>gr.</span> 
     </span>
     <span class='ocr_line' id='line_1_25' title="bbox 124 1746 1138 1799; baseline -0.001 -13"><span class='ocrx_word' id='word_1_232' title='bbox 124 1757 152 1788; x_wconf 90' lang='lat' dir='ltr'>t.</span> <span class='ocrx_word' id='word_1_233' title='bbox 171 1749 199 1794; x_wconf 88' lang='lat' dir='ltr'>l,</span> <span class='ocrx_word' id='word_1_234' title='bbox 216 1760 255 1799; x_wconf 85' lang='lat' dir='ltr'>p.</span> <span class='ocrx_word' id='word_1_235' title='bbox 275 1747 363 1794; x_wconf 84' lang='lat'>233,</span> <span class='ocrx_word' id='word_1_236' title='bbox 380 1746 440 1786; x_wconf 82' lang='lat' dir='ltr'>ed.</span> <span class='ocrx_word' id='word_1_237' title='bbox 457 1747 560 1786; x_wconf 80' lang='lat' dir='ltr'>Harl.</span> <span class='ocrx_word' id='word_1_238' title='bbox 1121 1752 1138 1764; x_wconf 68' lang='grc'>“’</span> 
     </span>
    </p>

    <p class='ocr_par' dir='ltr' id='par_1_5' title="bbox 124 1812 1584 2057">
     <span class='ocr_line' id='line_1_26' title="bbox 175 1812 1583 1867; baseline 0.001 -16"><span class='ocrx_word' id='word_1_239' title='bbox 175 1815 231 1852; x_wconf 85' lang='lat' dir='ltr'>De</span> <span class='ocrx_word' id='word_1_240' title='bbox 247 1823 379 1851; x_wconf 88' lang='lat' dir='ltr'>eorum</span> <span class='ocrx_word' id='word_1_241' title='bbox 395 1825 484 1849; x_wconf 81' lang='lat' dir='ltr'>vero</span> <span class='ocrx_word' id='word_1_242' title='bbox 500 1812 816 1859; x_wconf 80' lang='lat' dir='ltr'>cavillationibus,</span> <span class='ocrx_word' id='word_1_243' title='bbox 834 1812 899 1862; x_wconf 91' lang='lat' dir='ltr'>qui</span> <span class='ocrx_word' id='word_1_244' title='bbox 919 1812 1084 1850; x_wconf 83' lang='lat' dir='ltr'>nominis</span> <span class='ocrx_word' id='word_1_245' title='bbox 1098 1813 1208 1867; x_wconf 79' lang='lat' dir='ltr'>graeci</span> <span class='ocrx_word' id='word_1_246' title='bbox 1227 1813 1286 1851; x_wconf 86' lang='lat' dir='ltr'>vel</span> <span class='ocrx_word' id='word_1_247' title='bbox 1307 1813 1506 1852; x_wconf 81' lang='lat' dir='ltr'>hebraicas</span> <span class='ocrx_word' id='word_1_248' title='bbox 1525 1816 1583 1854; x_wconf 81' lang='lat' dir='ltr'>vel</span> 
     </span>
     <span class='ocr_line' id='line_1_27' title="bbox 124 1877 1582 1928; baseline 0.001 -12"><span class='ocrx_word' id='word_1_249' title='bbox 124 1878 215 1916; x_wconf 83' lang='lat' dir='ltr'>alias</span> <span class='ocrx_word' id='word_1_250' title='bbox 236 1877 457 1927; x_wconf 79' lang='lat' dir='ltr'>orientales,</span> <span class='ocrx_word' id='word_1_251' title='bbox 479 1889 594 1914; x_wconf 85' lang='lat' dir='ltr'>vanas</span> <span class='ocrx_word' id='word_1_252' title='bbox 613 1889 763 1924; x_wconf 88' lang='lat' dir='ltr'>omnes,</span> <span class='ocrx_word' id='word_1_253' title='bbox 783 1877 1033 1928; x_wconf 83' lang='lat' dir='ltr'>etymologias</span> <span class='ocrx_word' id='word_1_254' title='bbox 1053 1878 1264 1925; x_wconf 81' lang='lat' dir='ltr'>finxerunt,</span> <span class='ocrx_word' id='word_1_255' title='bbox 1284 1879 1400 1917; x_wconf 82' lang='lat' dir='ltr'>satius</span> <span class='ocrx_word' id='word_1_256' title='bbox 1415 1888 1470 1917; x_wconf 75' lang='lat' dir='ltr'>est</span> <span class='ocrx_word' id='word_1_257' title='bbox 1487 1881 1582 1918; x_wconf 86' lang='lat' dir='ltr'>reti·</span> 
     </span>
     <span class='ocr_line' id='line_1_28' title="bbox 125 1940 1584 1996; baseline 0.001 -15"><span class='ocrx_word' id='word_1_258' title='bbox 125 1955 212 1982; x_wconf 82' lang='lat' dir='ltr'>cere</span> <span class='ocrx_word' id='word_1_259' title='bbox 238 1955 348 1993; x_wconf 83' lang='lat' dir='ltr'>quam</span> <span class='ocrx_word' id='word_1_260' title='bbox 369 1955 454 1980; x_wconf 81' lang='lat' dir='ltr'>cum</span> <span class='ocrx_word' id='word_1_261' title='bbox 480 1940 614 1978; x_wconf 88' lang='lat' dir='ltr'>umbra</span> <span class='ocrx_word' id='word_1_262' title='bbox 632 1942 784 1980; x_wconf 87' lang='lat' dir='ltr'>luctari.</span> <span class='ocrx_word' id='word_1_263' title='bbox 802 1941 964 1989; x_wconf 84' lang='lat' dir='ltr'>Confer,</span> <span class='ocrx_word' id='word_1_264' title='bbox 983 1943 1012 1979; x_wconf 89' lang='lat' dir='ltr'>si</span> <span class='ocrx_word' id='word_1_265' title='bbox 1033 1951 1164 1990; x_wconf 85' lang='lat' dir='ltr'>vacat,</span> <span class='ocrx_word' id='word_1_266' title='bbox 1183 1943 1367 1982; x_wconf 84' lang='lat' dir='ltr'>Gallaeum</span> <span class='ocrx_word' id='word_1_267' title='bbox 1385 1945 1432 1982; x_wconf 93' lang='lat' dir='ltr'>de</span> <span class='ocrx_word' id='word_1_268' title='bbox 1450 1945 1584 1996; x_wconf 84' lang='lat' dir='ltr'>Sibyll.</span> 
     </span>
     <span class='ocr_line' id='line_1_29' title="bbox 128 1996 1512 2057; baseline 0.001 -13"><span class='ocrx_word' id='word_1_269' title='bbox 128 2017 154 2044; x_wconf 86' lang='lat' dir='ltr'>t.</span> <span class='ocrx_word' id='word_1_270' title='bbox 175 2007 215 2055; x_wconf 81' lang='lat' dir='ltr'>l,</span> <span class='ocrx_word' id='word_1_271' title='bbox 237 2013 274 2057; x_wconf 72' lang='grc' dir='ltr'>μ’</span> <span class='ocrx_word' id='word_1_272' title='bbox 296 2019 434 2056; x_wconf 73' lang='lat' dir='ltr'>a,sq.·,</span> <span class='ocrx_word' id='word_1_273' title='bbox 454 2005 630 2044; x_wconf 77' lang='lat' dir='ltr'>perizon.</span> <span class='ocrx_word' id='word_1_274' title='bbox 649 2005 695 2042; x_wconf 82' lang='lat' dir='ltr'>ad</span> <span class='ocrx_word' id='word_1_275' title='bbox 716 2005 864 2052; x_wconf 63' lang='lat' dir='ltr'>ailiam,</span> <span class='ocrx_word' id='word_1_276' title='bbox 888 2019 923 2056; x_wconf 87' lang='lat' dir='ltr'>p.</span> <span class='ocrx_word' id='word_1_277' title='bbox 947 2006 1021 2052; x_wconf 85' lang='lat'>725</span> <span class='ocrx_word' id='word_1_278' title='bbox 1040 2024 1050 2054; x_wconf 91' lang='lat'>;</span> <span class='ocrx_word' id='word_1_279' title='bbox 1078 2006 1221 2045; x_wconf 80' lang='lat' dir='ltr'>Fabric.</span> <span class='ocrx_word' id='word_1_280' title='bbox 1236 2007 1289 2052; x_wconf 86' lang='grc'>,1.</span> <span class='ocrx_word' id='word_1_281' title='bbox 1312 2008 1374 2046; x_wconf 87' lang='lat' dir='ltr'>cit.</span> <span class='ocrx_word' id='word_1_282' title='bbox 1509 1996 1512 2001; x_wconf 46' lang='grc'><em>’</em></span> 
     </span>
    </p>

    <p class='ocr_par' dir='ltr' id='par_1_6' title="bbox 114 2070 1583 2834">
     <span class='ocr_line' id='line_1_30' title="bbox 178 2070 1580 2123; baseline 0.002 -15"><span class='ocrx_word' id='word_1_283' title='bbox 178 2071 260 2109; x_wconf 82' lang='lat' dir='ltr'>Stet</span> <span class='ocrx_word' id='word_1_284' title='bbox 276 2070 392 2122; x_wconf 81' lang='lat' dir='ltr'>igitur</span> <span class='ocrx_word' id='word_1_285' title='bbox 408 2070 591 2108; x_wconf 86' lang='lat' dir='ltr'>Varronis</span> <span class='ocrx_word' id='word_1_286' title='bbox 607 2070 791 2108; x_wconf 84' lang='lat' dir='ltr'>sententia</span> <span class='ocrx_word' id='word_1_287' title='bbox 807 2102 816 2117; x_wconf 89' lang='lat'>‚</span> <span class='ocrx_word' id='word_1_288' title='bbox 841 2071 925 2119; x_wconf 87' lang='lat' dir='ltr'>jure</span> <span class='ocrx_word' id='word_1_289' title='bbox 942 2084 1040 2108; x_wconf 88' lang='lat' dir='ltr'>nunc</span> <span class='ocrx_word' id='word_1_290' title='bbox 1057 2070 1236 2109; x_wconf 87' lang='lat' dir='ltr'>omnibus</span> <span class='ocrx_word' id='word_1_291' title='bbox 1256 2072 1378 2110; x_wconf 85' lang='lat' dir='ltr'>doctis</span> <span class='ocrx_word' id='word_1_292' title='bbox 1401 2071 1580 2123; x_wconf 85' lang='lat' dir='ltr'>probata:</span> 
     </span>
     <span class='ocr_line' id='line_1_31' title="bbox 126 2134 1583 2187; baseline -0.001 -12"><span class='ocrx_word' id='word_1_293' title='bbox 126 2150 171 2175; x_wconf 82' lang='lat' dir='ltr'>ex</span> <span class='ocrx_word' id='word_1_294' title='bbox 190 2147 267 2187; x_wconf 76' lang='lat' dir='ltr'>qua</span> <span class='ocrx_word' id='word_1_295' title='bbox 283 2144 404 2173; x_wconf 84' lang='lat' dir='ltr'>tamen</span> <span class='ocrx_word' id='word_1_296' title='bbox 423 2136 597 2186; x_wconf 86' lang='lat' dir='ltr'>sequitur</span> <span class='ocrx_word' id='word_1_297' title='bbox 611 2135 833 2173; x_wconf 86' lang='lat' dir='ltr'>convenisse</span> <span class='ocrx_word' id='word_1_298' title='bbox 853 2135 954 2172; x_wconf 87' lang='lat' dir='ltr'>illam</span> <span class='ocrx_word' id='word_1_299' title='bbox 974 2134 1128 2186; x_wconf 83' lang='lat' dir='ltr'>Sibyllae</span> <span class='ocrx_word' id='word_1_300' title='bbox 1143 2136 1435 2187; x_wconf 82' lang='lat' dir='ltr'>appellationem</span> <span class='ocrx_word' id='word_1_301' title='bbox 1454 2138 1583 2174; x_wconf 88' lang='lat' dir='ltr'>omni—</span> 
     </span>
     <span class='ocr_line' id='line_1_32' title="bbox 126 2193 1582 2250; baseline 0.001 -12"><span class='ocrx_word' id='word_1_302' title='bbox 126 2200 198 2238; x_wconf 86' lang='lat' dir='ltr'>bus</span> <span class='ocrx_word' id='word_1_303' title='bbox 220 2199 383 2238; x_wconf 81' lang='lat' dir='ltr'>fatidicis</span> <span class='ocrx_word' id='word_1_304' title='bbox 401 2198 624 2237; x_wconf 86' lang='lat' dir='ltr'>mulieribus</span> <span class='ocrx_word' id='word_1_305' title='bbox 635 2227 645 2245; x_wconf 93' lang='lat'>‚</span> <span class='ocrx_word' id='word_1_306' title='bbox 661 2198 758 2237; x_wconf 86' lang='lat' dir='ltr'>sicut</span> <span class='ocrx_word' id='word_1_307' title='bbox 776 2193 1188 2250; x_wconf 76' lang='lat' dir='ltr'>expressc&#39;Lactantius</span> <span class='ocrx_word' id='word_1_308' title='bbox 1204 2214 1250 2239; x_wconf 80' lang='lat' dir='ltr'>ex</span> <span class='ocrx_word' id='word_1_309' title='bbox 1266 2202 1440 2239; x_wconf 85' lang='lat' dir='ltr'>Varrone</span> <span class='ocrx_word' id='word_1_310' title='bbox 1456 2201 1582 2249; x_wconf 83' lang='lat' dir='ltr'>tradit,</span> 
     </span>
     <span class='ocr_line' id='line_1_33' title="bbox 123 2263 1581 2316; baseline 0 -13"><span class='ocrx_word' id='word_1_311' title='bbox 123 2265 192 2303; x_wconf 83' lang='lat' dir='ltr'>lib.</span> <span class='ocrx_word' id='word_1_312' title='bbox 210 2267 251 2311; x_wconf 90' lang='lat'>1,</span> <span class='ocrx_word' id='word_1_313' title='bbox 267 2278 349 2316; x_wconf 88' lang='lat' dir='ltr'>cup.</span> <span class='ocrx_word' id='word_1_314' title='bbox 369 2266 392 2303; x_wconf 91' lang='lat'>6</span> <span class='ocrx_word' id='word_1_315' title='bbox 410 2279 418 2302; x_wconf 94' lang='lat'>:</span> <span class='ocrx_word' id='word_1_316' title='bbox 441 2281 456 2297; x_wconf 79' lang='grc' dir='ltr'>οι</span> <span class='ocrx_word' id='word_1_317' title='bbox 474 2263 588 2310; x_wconf 83' lang='lat' dir='ltr'>Quod</span> <span class='ocrx_word' id='word_1_318' title='bbox 609 2276 742 2302; x_wconf 89' lang='lat' dir='ltr'>omnes</span> <span class='ocrx_word' id='word_1_319' title='bbox 761 2263 949 2315; x_wconf 76' lang='lat' dir='ltr'>[feminae]</span> <span class='ocrx_word' id='word_1_320' title='bbox 967 2272 1067 2302; x_wconf 84' lang='lat' dir='ltr'>vates</span> <span class='ocrx_word' id='word_1_321' title='bbox 1084 2265 1236 2316; x_wconf 73' lang='lat' dir='ltr'>Sibyllae</span> <span class='ocrx_word' id='word_1_322' title='bbox 1254 2265 1329 2303; x_wconf 87' lang='lat' dir='ltr'>sint</span> <span class='ocrx_word' id='word_1_323' title='bbox 1348 2280 1367 2303; x_wconf 88' lang='lat' dir='ltr'>a</span> <span class='ocrx_word' id='word_1_324' title='bbox 1391 2266 1581 2304; x_wconf 86' lang='lat' dir='ltr'>veteribus</span> 
     </span>
     <span class='ocr_line' id='line_1_34' title="bbox 121 2326 1582 2382; baseline 0.001 -16"><span class='ocrx_word' id='word_1_325' title='bbox 121 2346 138 2362; x_wconf 75' lang='grc' dir='ltr'>ι</span> <span class='ocrx_word' id='word_1_326' title='bbox 155 2338 396 2380; x_wconf 54' lang='lat' dir='ltr'>nuncupatae,</span> <span class='ocrx_word' id='word_1_327' title='bbox 411 2346 426 2362; x_wconf 76' lang='grc' dir='ltr'>ι»</span> <span class='ocrx_word' id='word_1_328' title='bbox 444 2337 484 2366; x_wconf 91' lang='lat' dir='ltr'>et</span> <span class='ocrx_word' id='word_1_329' title='bbox 502 2327 649 2374; x_wconf 87' lang='lat' dir='ltr'>Suidas,</span> <span class='ocrx_word' id='word_1_330' title='bbox 667 2341 701 2365; x_wconf 84' lang='lat' dir='ltr'>v.</span> <span class='ocrx_word' id='word_1_331' title='bbox 719 2326 899 2376; x_wconf 67' lang='grc' dir='ltr'>Σίόυλλαι,</span> <span class='ocrx_word' id='word_1_332' title='bbox 915 2329 936 2365; x_wconf 93' lang='lat' dir='ltr'>l.</span> <span class='ocrx_word' id='word_1_333' title='bbox 950 2327 1028 2378; x_wconf 83' lang='lat' dir='ltr'>jam</span> <span class='ocrx_word' id='word_1_334' title='bbox 1048 2329 1125 2376; x_wconf 89' lang='lat' dir='ltr'>cit.‚</span> <span class='ocrx_word' id='word_1_335' title='bbox 1138 2337 1174 2366; x_wconf 90' lang='lat' dir='ltr'>et</span> <span class='ocrx_word' id='word_1_336' title='bbox 1193 2328 1305 2375; x_wconf 88' lang='lat' dir='ltr'>idem,</span> <span class='ocrx_word' id='word_1_337' title='bbox 1322 2343 1360 2368; x_wconf 90' lang='lat' dir='ltr'>v.</span> <span class='ocrx_word' id='word_1_338' title='bbox 1383 2328 1582 2382; x_wconf 83' lang='grc' dir='ltr'>Βρούτιδες·</span> 
     </span>
     <span class='ocr_line' id='line_1_35' title="bbox 125 2390 1580 2445; baseline -0.001 -13"><span class='ocrx_word' id='word_1_339' title='bbox 125 2393 248 2436; x_wconf 63' lang='lat' dir='ltr'>noim&lt;</span> <span class='ocrx_word' id='word_1_340' title='bbox 268 2391 304 2431; x_wconf 76' lang='grc' dir='ltr'>δὲ</span> <span class='ocrx_word' id='word_1_341' title='bbox 324 2392 386 2437; x_wconf 80' lang='grc' dir='ltr'>τὰς</span> <span class='ocrx_word' id='word_1_342' title='bbox 405 2390 631 2434; x_wconf 71' lang='grc' dir='ltr'>ἕνθουσιώσας</span> <span class='ocrx_word' id='word_1_343' title='bbox 650 2391 822 2435; x_wconf 71' lang='grc' dir='ltr'>Σιὲύλλας</span> <span class='ocrx_word' id='word_1_344' title='bbox 846 2391 1002 2430; x_wconf 79' lang='grc' dir='ltr'>ἐκάλουν.</span> <span class='ocrx_word' id='word_1_345' title='bbox 1027 2391 1154 2438; x_wconf 88' lang='lat' dir='ltr'>Quum</span> <span class='ocrx_word' id='word_1_346' title='bbox 1176 2401 1300 2431; x_wconf 83' lang='lat' dir='ltr'>tamen</span> <span class='ocrx_word' id='word_1_347' title='bbox 1322 2394 1386 2431; x_wconf 86' lang='lat' dir='ltr'>illa</span> <span class='ocrx_word' id='word_1_348' title='bbox 1404 2394 1580 2445; x_wconf 80' lang='lat' dir='ltr'>designa-</span> 
     </span>
     <span class='ocr_line' id='line_1_36' title="bbox 123 2457 1580 2510; baseline 0 -16"><span class='ocrx_word' id='word_1_349' title='bbox 123 2458 194 2505; x_wconf 82' lang='lat' dir='ltr'>tio,</span> <span class='ocrx_word' id='word_1_350' title='bbox 214 2458 374 2496; x_wconf 81' lang='lat' dir='ltr'>fatidicis</span> <span class='ocrx_word' id='word_1_351' title='bbox 386 2457 618 2508; x_wconf 74' lang='lat' dir='ltr'>quibuslibet</span> <span class='ocrx_word' id='word_1_352' title='bbox 637 2465 737 2508; x_wconf 83' lang='lat' dir='ltr'>apta,</span> <span class='ocrx_word' id='word_1_353' title='bbox 756 2469 831 2493; x_wconf 85' lang='lat' dir='ltr'>non</span> <span class='ocrx_word' id='word_1_354' title='bbox 849 2465 972 2494; x_wconf 84' lang='lat' dir='ltr'>tamen</span> <span class='ocrx_word' id='word_1_355' title='bbox 990 2457 1038 2494; x_wconf 88' lang='lat' dir='ltr'>ad</span> <span class='ocrx_word' id='word_1_356' title='bbox 1054 2470 1186 2495; x_wconf 89' lang='lat' dir='ltr'>omnes</span> <span class='ocrx_word' id='word_1_357' title='bbox 1203 2458 1418 2508; x_wconf 84' lang='lat' dir='ltr'>pervenerit</span> <span class='ocrx_word' id='word_1_358' title='bbox 1438 2458 1580 2510; x_wconf 79' lang='lat' dir='ltr'>(multae</span> 
     </span>
     <span class='ocr_line' id='line_1_37' title="bbox 122 2522 1579 2574; baseline 0.001 -15"><span class='ocrx_word' id='word_1_359' title='bbox 122 2523 239 2571; x_wconf 85' lang='lat' dir='ltr'>enim,</span> <span class='ocrx_word' id='word_1_360' title='bbox 258 2531 299 2560; x_wconf 88' lang='lat' dir='ltr'>ut</span> <span class='ocrx_word' id='word_1_361' title='bbox 313 2522 501 2570; x_wconf 80' lang='lat' dir='ltr'>Peleades‚</span> <span class='ocrx_word' id='word_1_362' title='bbox 516 2523 749 2570; x_wconf 68' lang='lat' dir='ltr'>Phemonoe,</span> <span class='ocrx_word' id='word_1_363' title='bbox 767 2522 964 2570; x_wconf 82' lang='lat' dir='ltr'>Plia&#39;e&#39;nn0‚</span> <span class='ocrx_word' id='word_1_364' title='bbox 980 2523 1153 2574; x_wconf 73' lang='lat' dir='ltr'>aliaeque,</span> <span class='ocrx_word' id='word_1_365' title='bbox 1174 2532 1266 2562; x_wconf 78' lang='lat' dir='ltr'>teste</span> <span class='ocrx_word' id='word_1_366' title='bbox 1285 2524 1488 2569; x_wconf 78' lang='lat' dir='ltr'>Pausania,</span> <span class='ocrx_word' id='word_1_367' title='bbox 1507 2524 1579 2565; x_wconf 76' lang='lat' dir='ltr'>loc.</span> 
     </span>
     <span class='ocr_line' id='line_1_38' title="bbox 122 2587 1580 2640; baseline 0.001 -15"><span class='ocrx_word' id='word_1_368' title='bbox 122 2588 206 2635; x_wconf 85' lang='lat' dir='ltr'>cit.-,</span> <span class='ocrx_word' id='word_1_369' title='bbox 235 2588 443 2639; x_wconf 86' lang='lat' dir='ltr'>antiquitus</span> <span class='ocrx_word' id='word_1_370' title='bbox 467 2587 513 2626; x_wconf 77' lang='lat' dir='ltr'>eo</span> <span class='ocrx_word' id='word_1_371' title='bbox 536 2589 690 2626; x_wconf 85' lang='lat' dir='ltr'>nomine</span> <span class='ocrx_word' id='word_1_372' title='bbox 715 2588 941 2638; x_wconf 83' lang='lat' dir='ltr'>caruerunt)</span> <span class='ocrx_word' id='word_1_373' title='bbox 958 2614 968 2632; x_wconf 89' lang='lat'>,</span> <span class='ocrx_word' id='word_1_374' title='bbox 993 2588 1110 2638; x_wconf 51' lang='lat' dir='ltr'>quani</span> <span class='ocrx_word' id='word_1_375' title='bbox 1138 2597 1261 2640; x_wconf 88' lang='lat' dir='ltr'>potest</span> <span class='ocrx_word' id='word_1_376' title='bbox 1279 2602 1349 2626; x_wconf 87' lang='lat' dir='ltr'>cur</span> <span class='ocrx_word' id='word_1_377' title='bbox 1376 2589 1434 2627; x_wconf 84' lang='lat' dir='ltr'>liis</span> <span class='ocrx_word' id='word_1_378' title='bbox 1455 2589 1580 2640; x_wconf 82' lang='lat' dir='ltr'>potius</span> 
     </span>
     <span class='ocr_line' id='line_1_39' title="bbox 119 2652 1577 2704; baseline 0.001 -15"><span class='ocrx_word' id='word_1_379' title='bbox 119 2665 231 2703; x_wconf 81' lang='lat' dir='ltr'>quam</span> <span class='ocrx_word' id='word_1_380' title='bbox 252 2653 325 2691; x_wconf 87' lang='lat' dir='ltr'>illis</span> <span class='ocrx_word' id='word_1_381' title='bbox 342 2653 539 2691; x_wconf 64' lang='lat' dir='ltr'>adhaeserit</span> <span class='ocrx_word' id='word_1_382' title='bbox 555 2652 753 2704; x_wconf 83' lang='lat' dir='ltr'>proprium</span> <span class='ocrx_word' id='word_1_383' title='bbox 768 2652 876 2703; x_wconf 83' lang='lat' dir='ltr'>quasi</span> <span class='ocrx_word' id='word_1_384' title='bbox 895 2664 1033 2690; x_wconf 88' lang='lat' dir='ltr'>nomen</span> <span class='ocrx_word' id='word_1_385' title='bbox 1048 2665 1069 2691; x_wconf 89' lang='lat' dir='ltr'>e</span> <span class='ocrx_word' id='word_1_386' title='bbox 1082 2655 1278 2691; x_wconf 85' lang='lat' dir='ltr'>communi</span> <span class='ocrx_word' id='word_1_387' title='bbox 1295 2654 1449 2693; x_wconf 81' lang='lat' dir='ltr'>sactum.</span> <span class='ocrx_word' id='word_1_388' title='bbox 1467 2654 1577 2693; x_wconf 88' lang='lat' dir='ltr'>llaud</span> 
     </span>
     <span class='ocr_line' id='line_1_40' title="bbox 118 2717 1574 2770; baseline 0.002 -17"><span class='ocrx_word' id='word_1_389' title='bbox 118 2718 224 2755; x_wconf 72' lang='lat' dir='ltr'>facile</span> <span class='ocrx_word' id='word_1_390' title='bbox 241 2717 425 2767; x_wconf 79' lang='lat' dir='ltr'>judicium</span> <span class='ocrx_word' id='word_1_391' title='bbox 448 2717 496 2756; x_wconf 84' lang='lat' dir='ltr'>de</span> <span class='ocrx_word' id='word_1_392' title='bbox 522 2727 566 2756; x_wconf 82' lang='lat' dir='ltr'>ea</span> <span class='ocrx_word' id='word_1_393' title='bbox 594 2731 634 2755; x_wconf 81' lang='lat' dir='ltr'>re</span> <span class='ocrx_word' id='word_1_394' title='bbox 656 2717 771 2756; x_wconf 85' lang='lat' dir='ltr'>statui</span> <span class='ocrx_word' id='word_1_395' title='bbox 793 2726 938 2768; x_wconf 86' lang='lat' dir='ltr'>potest,</span> <span class='ocrx_word' id='word_1_396' title='bbox 964 2730 1081 2768; x_wconf 85' lang='lat' dir='ltr'>quum</span> <span class='ocrx_word' id='word_1_397' title='bbox 1109 2718 1172 2756; x_wconf 86' lang='lat' dir='ltr'>vix</span> <span class='ocrx_word' id='word_1_398' title='bbox 1198 2718 1405 2770; x_wconf 83' lang='lat' dir='ltr'>quidquam</span> <span class='ocrx_word' id='word_1_399' title='bbox 1426 2719 1574 2757; x_wconf 77' lang='lat' dir='ltr'>deliniri</span> 
     </span>
     <span class='ocr_line' id='line_1_41' title="bbox 114 2781 1572 2834; baseline 0.001 -16"><span class='ocrx_word' id='word_1_400' title='bbox 114 2792 246 2833; x_wconf 77' lang='lat' dir='ltr'>queat,</span> <span class='ocrx_word' id='word_1_401' title='bbox 268 2783 371 2833; x_wconf 80' lang='lat' dir='ltr'>qnod</span> <span class='ocrx_word' id='word_1_402' title='bbox 400 2784 496 2820; x_wconf 76' lang='lat' dir='ltr'>inter</span> <span class='ocrx_word' id='word_1_403' title='bbox 528 2783 697 2820; x_wconf 72' lang='lat' dir='ltr'>fatidicas</span> <span class='ocrx_word' id='word_1_404' title='bbox 722 2783 897 2820; x_wconf 74' lang='lat' dir='ltr'>mulieres</span> <span class='ocrx_word' id='word_1_405' title='bbox 914 2781 1068 2831; x_wconf 73' lang='lat' dir='ltr'>sibyllis</span> <span class='ocrx_word' id='word_1_406' title='bbox 1096 2783 1272 2820; x_wconf 75' lang='lat' dir='ltr'>omnibus</span> <span class='ocrx_word' id='word_1_407' title='bbox 1293 2784 1457 2834; x_wconf 73' lang='lat' dir='ltr'>solisque</span> <span class='ocrx_word' id='word_1_408' title='bbox 1477 2798 1572 2820; x_wconf 73' lang='lat' dir='ltr'>con·</span> 
     </span>
    </p>
   </div>
   <div class='ocr_carea' id='block_1_3' title="bbox 116 2849 251 2886">
    <p class='ocr_par' dir='ltr' id='par_1_7' title="bbox 116 2849 251 2886">
     <span class='ocr_line' id='line_1_42' title="bbox 116 2849 251 2886; baseline 0 -2"><span class='ocrx_word' id='word_1_409' title='bbox 116 2849 251 2886; x_wconf 65' lang='lat' dir='ltr'>veniat.</span> 
     </span>
    </p>
   </div>
   <div class='ocr_carea' id='block_1_4' title="bbox 1462 3359 1639 3426">
    <p class='ocr_par' dir='ltr' id='par_1_8' title="bbox 1462 3359 1639 3426">
     <span class='ocr_line' id='line_1_43' title="bbox 1462 3359 1639 3426; baseline 0 -38"><span class='ocrx_word' id='word_1_410' title='bbox 1462 3359 1639 3426; x_wconf 62' lang='lat' dir='ltr'>“qu</span> 
     </span>
    </p>
   </div>
  </div>
 </body>
</html>
