<?xml version="1.0" encoding="UTF-8"?>
<!DOCTYPE html PUBLIC "-//W3C//DTD XHTML 1.0 Transitional//EN"
    "http://www.w3.org/TR/xhtml1/DTD/xhtml1-transitional.dtd">
<html xmlns="http://www.w3.org/1999/xhtml" xml:lang="en" lang="en">
 <head>
  <title>
</title>
<meta http-equiv="Content-Type" content="text/html;charset=utf-8" />
  <meta name='ocr-system' content='tesseract 3.04.00' />
  <meta name='ocr-capabilities' content='ocr_page ocr_carea ocr_par ocr_line ocrx_word'/>
</head>
<body>
  <div class='ocr_page' id='page_1' title='image "./excursusadsibyll00alexuoft_0275.png"; bbox 0 0 1752 3495; ppageno 0'>
   <div class='ocr_carea' id='block_1_1' title="bbox 143 216 1225 267">
    <p class='ocr_par' dir='ltr' id='par_1_1' title="bbox 143 216 1225 267">
     <span class='ocr_line' id='line_1_1' title="bbox 143 216 1225 267; baseline -0.006 0"><span class='ocrx_word' id='word_1_1' title='bbox 143 221 238 267; x_wconf 79' lang='lat'>266</span> <span class='ocrx_word' id='word_1_2' title='bbox 528 217 607 261; x_wconf 83' lang='lat' dir='ltr'>AD</span> <span class='ocrx_word' id='word_1_3' title='bbox 635 217 983 263; x_wconf 87' lang='lat' dir='ltr'>SlBYLLlNOS</span> <span class='ocrx_word' id='word_1_4' title='bbox 1015 216 1225 262; x_wconf 81' lang='lat' dir='ltr'>LIBROS</span> 
     </span>
    </p>
   </div>
   <div class='ocr_carea' id='block_1_2' title="bbox 139 311 1604 432">
    <p class='ocr_par' dir='ltr' id='par_1_2' title="bbox 139 311 1604 432">
     <span class='ocr_line' id='line_1_2' title="bbox 141 311 1603 367; baseline 0 -12"><span class='ocrx_word' id='word_1_5' title='bbox 141 316 208 356; x_wconf 87' lang='lat' dir='ltr'>lib.</span> <span class='ocrx_word' id='word_1_6' title='bbox 227 317 343 367; x_wconf 71' lang='lat' dir='ltr'>VLp.</span> <span class='ocrx_word' id='word_1_7' title='bbox 365 315 454 364; x_wconf 81' lang='lat'>761.</span> <span class='ocrx_word' id='word_1_8' title='bbox 472 313 545 353; x_wconf 78' lang='lat' dir='ltr'>sed</span> <span class='ocrx_word' id='word_1_9' title='bbox 564 314 659 365; x_wconf 89' lang='lat' dir='ltr'>ipse,</span> <span class='ocrx_word' id='word_1_10' title='bbox 678 314 770 366; x_wconf 86' lang='lat' dir='ltr'>quid</span> <span class='ocrx_word' id='word_1_11' title='bbox 787 314 835 352; x_wconf 91' lang='lat' dir='ltr'>de</span> <span class='ocrx_word' id='word_1_12' title='bbox 847 314 991 365; x_wconf 79' lang='lat' dir='ltr'>Sibylla</span> <span class='ocrx_word' id='word_1_13' title='bbox 1008 313 1184 361; x_wconf 82' lang='lat' dir='ltr'>sentiret,</span> <span class='ocrx_word' id='word_1_14' title='bbox 1204 311 1347 351; x_wconf 83' lang='lat' dir='ltr'>ibidem</span> <span class='ocrx_word' id='word_1_15' title='bbox 1368 325 1438 351; x_wconf 82' lang='lat' dir='ltr'>nos</span> <span class='ocrx_word' id='word_1_16' title='bbox 1455 313 1603 356; x_wconf 90' lang='lat' dir='ltr'>docuit:</span> 
     </span>
     <span class='ocr_line' id='line_1_3' title="bbox 139 375 1604 432; baseline -0.003 -11"><span class='ocrx_word' id='word_1_17' title='bbox 139 380 228 422; x_wconf 68' lang='lat' dir='ltr'>‘&#39;o-:2</span> <span class='ocrx_word' id='word_1_18' title='bbox 255 379 410 432; x_wconf 72' lang='grc' dir='ltr'>καθάπερ</span> <span class='ocrx_word' id='word_1_19' title='bbox 422 378 609 422; x_wconf 83' lang='grc' dir='ltr'>Ἰουδαίους</span> <span class='ocrx_word' id='word_1_20' title='bbox 634 378 800 424; x_wconf 80' lang='grc' dir='ltr'>σώζεσθαι</span> <span class='ocrx_word' id='word_1_21' title='bbox 820 376 978 417; x_wconf 53' lang='lat' dir='ltr'>{comato</span> <span class='ocrx_word' id='word_1_22' title='bbox 1004 380 1023 417; x_wconf 83' lang='grc' dir='ltr'>δ</span> <span class='ocrx_word' id='word_1_23' title='bbox 1049 377 1138 421; x_wconf 81' lang='grc' dir='ltr'>Θεὸς</span> <span class='ocrx_word' id='word_1_24' title='bbox 1158 375 1235 422; x_wconf 72' lang='grc' dir='ltr'>τοὺς</span> <span class='ocrx_word' id='word_1_25' title='bbox 1265 376 1443 430; x_wconf 72' lang='grc' dir='ltr'>προφήτας</span> <span class='ocrx_word' id='word_1_26' title='bbox 1474 378 1604 427; x_wconf 72' lang='grc' dir='ltr'>διδοὺς,</span> 
     </span>
    </p>
   </div>
   <div class='ocr_carea' id='block_1_3' title="bbox 72 440 1603 495">
    <p class='ocr_par' dir='ltr' id='par_1_3' title="bbox 72 440 1603 495">
     <span class='ocr_line' id='line_1_4' title="bbox 72 440 1603 495; baseline -0.001 -15"><span class='ocrx_word' id='word_1_27' title='bbox 72 472 79 480; x_wconf 91' lang='grc'>.</span> <span class='ocrx_word' id='word_1_28' title='bbox 140 443 248 489; x_wconf 69' lang='grc' dir='ltr'>οὕτως</span> <span class='ocrx_word' id='word_1_29' title='bbox 261 444 320 483; x_wconf 76' lang='grc' dir='ltr'>καὶ</span> <span class='ocrx_word' id='word_1_30' title='bbox 329 442 512 491; x_wconf 80' lang='grc' dir='ltr'>Ἑλλήνων</span> <span class='ocrx_word' id='word_1_31' title='bbox 526 442 604 486; x_wconf 76' lang='grc' dir='ltr'>τοὺς</span> <span class='ocrx_word' id='word_1_32' title='bbox 621 441 885 493; x_wconf 74' lang='grc' dir='ltr'>δοκιμωτάτους,</span> <span class='ocrx_word' id='word_1_33' title='bbox 903 440 1047 486; x_wconf 72' lang='grc' dir='ltr'>οἰκείους</span> <span class='ocrx_word' id='word_1_34' title='bbox 1060 442 1174 480; x_wconf 77' lang='grc' dir='ltr'>αὐτῶν</span> <span class='ocrx_word' id='word_1_35' title='bbox 1187 444 1230 494; x_wconf 82' lang='grc' dir='ltr'>τῇ</span> <span class='ocrx_word' id='word_1_36' title='bbox 1245 441 1416 495; x_wconf 80' lang='grc' dir='ltr'>διαλέκτῳ</span> <span class='ocrx_word' id='word_1_37' title='bbox 1430 442 1603 495; x_wconf 69' lang='grc' dir='ltr'>προφήτας</span> 
     </span>
    </p>
   </div>
   <div class='ocr_carea' id='block_1_4' title="bbox 136 501 1654 1142">
    <p class='ocr_par' dir='ltr' id='par_1_4' title="bbox 136 501 1654 1142">
     <span class='ocr_line' id='line_1_5' title="bbox 140 501 1604 560; baseline 0 -14"><span class='ocrx_word' id='word_1_38' title='bbox 140 506 360 555; x_wconf 66' lang='grc' dir='ltr'>ἀναστήσας,</span> <span class='ocrx_word' id='word_1_39' title='bbox 377 508 424 550; x_wconf 84' lang='grc' dir='ltr'>ὡς</span> <span class='ocrx_word' id='word_1_40' title='bbox 442 501 562 546; x_wconf 76' lang='grc' dir='ltr'>οἷοίτε</span> <span class='ocrx_word' id='word_1_41' title='bbox 583 501 672 554; x_wconf 63' lang='grc' dir='ltr'>ἦσαν</span> <span class='ocrx_word' id='word_1_42' title='bbox 698 504 859 558; x_wconf 76' lang='grc' dir='ltr'>δέχεσθαι</span> <span class='ocrx_word' id='word_1_43' title='bbox 883 504 946 552; x_wconf 85' lang='grc' dir='ltr'>τὴν</span> <span class='ocrx_word' id='word_1_44' title='bbox 969 503 1067 558; x_wconf 80' lang='grc' dir='ltr'>παρὰ</span> <span class='ocrx_word' id='word_1_45' title='bbox 1093 505 1187 545; x_wconf 72' lang='grc' dir='ltr'>Θεοῦ</span> <span class='ocrx_word' id='word_1_46' title='bbox 1213 504 1425 558; x_wconf 77' lang='grc' dir='ltr'>εὐεργεσίαν,</span> <span class='ocrx_word' id='word_1_47' title='bbox 1455 507 1523 544; x_wconf 83' lang='grc' dir='ltr'>τῶν</span> <span class='ocrx_word' id='word_1_48' title='bbox 1540 521 1604 560; x_wconf 75' lang='grc' dir='ltr'>χυ-</span> 
     </span>
     <span class='ocr_line' id='line_1_6' title="bbox 138 566 1603 625; baseline 0 -15"><span class='ocrx_word' id='word_1_49' title='bbox 138 571 246 610; x_wconf 81' lang='grc' dir='ltr'>δαίων</span> <span class='ocrx_word' id='word_1_50' title='bbox 263 566 407 624; x_wconf 77' lang='grc' dir='ltr'>’ἀνδρῶν</span> <span class='ocrx_word' id='word_1_51' title='bbox 437 570 616 625; x_wconf 77' lang='grc' dir='ltr'>διέκρινεν.</span> <span class='ocrx_word' id='word_1_52' title='bbox 650 570 779 609; x_wconf 79' lang='lat' dir='ltr'>Fuisse</span> <span class='ocrx_word' id='word_1_53' title='bbox 805 582 898 620; x_wconf 87' lang='lat' dir='ltr'>ergo</span> <span class='ocrx_word' id='word_1_54' title='bbox 931 571 1082 621; x_wconf 89' lang='lat' dir='ltr'>putavit</span> <span class='ocrx_word' id='word_1_55' title='bbox 1111 569 1289 621; x_wconf 82' lang='lat' dir='ltr'>gentibus</span> <span class='ocrx_word' id='word_1_56' title='bbox 1319 583 1475 620; x_wconf 90' lang='lat' dir='ltr'>quoque</span> <span class='ocrx_word' id='word_1_57' title='bbox 1505 579 1603 610; x_wconf 83' lang='lat' dir='ltr'>vates</span> 
     </span>
     <span class='ocr_line' id='line_1_7' title="bbox 141 633 1602 685; baseline -0.001 -11"><span class='ocrx_word' id='word_1_58' title='bbox 141 649 230 675; x_wconf 80' lang='lat' dir='ltr'>suos</span> <span class='ocrx_word' id='word_1_59' title='bbox 255 650 275 674; x_wconf 76' lang='lat' dir='ltr'>a</span> <span class='ocrx_word' id='word_1_60' title='bbox 308 636 389 674; x_wconf 85' lang='lat' dir='ltr'>Deo</span> <span class='ocrx_word' id='word_1_61' title='bbox 413 635 577 682; x_wconf 89' lang='lat' dir='ltr'>electos,</span> <span class='ocrx_word' id='word_1_62' title='bbox 602 634 813 685; x_wconf 88' lang='lat' dir='ltr'>divinoque</span> <span class='ocrx_word' id='word_1_63' title='bbox 842 633 1026 672; x_wconf 87' lang='lat' dir='ltr'>instinctu</span> <span class='ocrx_word' id='word_1_64' title='bbox 1049 634 1178 672; x_wconf 81' lang='lat' dir='ltr'>sutura</span> <span class='ocrx_word' id='word_1_65' title='bbox 1204 633 1475 685; x_wconf 80' lang='lat' dir='ltr'>praedicent053</span> <span class='ocrx_word' id='word_1_66' title='bbox 1502 635 1539 672; x_wconf 92' lang='lat' dir='ltr'>in</span> <span class='ocrx_word' id='word_1_67' title='bbox 1560 636 1602 674; x_wconf 84' lang='lat' dir='ltr'>iis</span> 
     </span>
     <span class='ocr_line' id='line_1_8' title="bbox 137 699 1602 752; baseline 0 -13"><span class='ocrx_word' id='word_1_68' title='bbox 137 699 323 752; x_wconf 80' lang='lat' dir='ltr'>Sibyllam</span> <span class='ocrx_word' id='word_1_69' title='bbox 338 700 453 739; x_wconf 78' lang='lat' dir='ltr'>fuisse</span> <span class='ocrx_word' id='word_1_70' title='bbox 468 709 505 738; x_wconf 89' lang='lat' dir='ltr'>et</span> <span class='ocrx_word' id='word_1_71' title='bbox 519 701 746 751; x_wconf 81' lang='lat' dir='ltr'>Hystaspem</span> <span class='ocrx_word' id='word_1_72' title='bbox 761 712 895 750; x_wconf 86' lang='lat' dir='ltr'>:quam</span> <span class='ocrx_word' id='word_1_73' title='bbox 912 699 1134 751; x_wconf 82' lang='lat' dir='ltr'>opinionem</span> <span class='ocrx_word' id='word_1_74' title='bbox 1152 712 1238 737; x_wconf 90' lang='lat' dir='ltr'>cum</span> <span class='ocrx_word' id='word_1_75' title='bbox 1258 699 1412 738; x_wconf 84' lang='lat' dir='ltr'>Justino</span> <span class='ocrx_word' id='word_1_76' title='bbox 1429 699 1602 750; x_wconf 85' lang='lat' dir='ltr'>magistro</span> 
     </span>
     <span class='ocr_line' id='line_1_9' title="bbox 136 762 1602 814; baseline 0 -11"><span class='ocrx_word' id='word_1_77' title='bbox 136 778 381 803; x_wconf 89' lang='lat' dir='ltr'>communem</span> <span class='ocrx_word' id='word_1_78' title='bbox 401 763 546 802; x_wconf 86' lang='lat' dir='ltr'>habuit.</span> <span class='ocrx_word' id='word_1_79' title='bbox 564 763 692 809; x_wconf 85' lang='lat' dir='ltr'>Quare</span> <span class='ocrx_word' id='word_1_80' title='bbox 711 762 803 800; x_wconf 87' lang='lat' dir='ltr'><strong>ibid.</strong></span> <span class='ocrx_word' id='word_1_81' title='bbox 825 762 891 801; x_wconf 90' lang='lat' dir='ltr'>lib.</span> <span class='ocrx_word' id='word_1_82' title='bbox 912 762 972 809; x_wconf 88' lang='lat'>11,</span> <span class='ocrx_word' id='word_1_83' title='bbox 993 776 1033 814; x_wconf 90' lang='lat' dir='ltr'>p.</span> <span class='ocrx_word' id='word_1_84' title='bbox 1053 763 1141 810; x_wconf 74' lang='lat'>358,</span> <span class='ocrx_word' id='word_1_85' title='bbox 1155 776 1228 813; x_wconf 90' lang='lat' dir='ltr'>sq.,</span> <span class='ocrx_word' id='word_1_86' title='bbox 1246 763 1401 800; x_wconf 75' lang='lat' dir='ltr'>assentit</span> <span class='ocrx_word' id='word_1_87' title='bbox 1417 765 1602 803; x_wconf 76' lang='lat' dir='ltr'>Heraclito</span> 
     </span>
     <span class='ocr_line' id='line_1_10' title="bbox 138 824 1602 879; baseline -0.001 -12"><span class='ocrx_word' id='word_1_88' title='bbox 138 829 292 867; x_wconf 82' lang='lat' dir='ltr'>docenti</span> <span class='ocrx_word' id='word_1_89' title='bbox 313 828 494 878; x_wconf 79' lang='lat' dir='ltr'>Sibyllam</span> <span class='ocrx_word' id='word_1_90' title='bbox 524 826 706 864; x_wconf 89' lang='lat' dir='ltr'>divinitus</span> <span class='ocrx_word' id='word_1_91' title='bbox 734 827 900 864; x_wconf 88' lang='lat' dir='ltr'>revelata</span> <span class='ocrx_word' id='word_1_92' title='bbox 919 838 1085 864; x_wconf 80' lang='lat' dir='ltr'>canere:</span> <span class='ocrx_word' id='word_1_93' title='bbox 1111 824 1338 878; x_wconf 73' lang='grc' dir='ltr'>Ἡράκλειτος</span> <span class='ocrx_word' id='word_1_94' title='bbox 1357 824 1427 879; x_wconf 84' lang='grc' dir='ltr'>γὰρ</span> <span class='ocrx_word' id='word_1_95' title='bbox 1456 827 1518 864; x_wconf 80' lang='grc' dir='ltr'>οὐκ</span> <span class='ocrx_word' id='word_1_96' title='bbox 1543 828 1602 865; x_wconf 81' lang='grc' dir='ltr'>ἀν-</span> 
     </span>
     <span class='ocr_line' id='line_1_11' title="bbox 139 893 1654 949; baseline -0.002 -15"><span class='ocrx_word' id='word_1_97' title='bbox 139 895 316 949; x_wconf 72' lang='grc' dir='ltr'>θρωπίνως</span> <span class='ocrx_word' id='word_1_98' title='bbox 331 895 456 949; x_wconf 80' lang='grc' dir='ltr'>φησὶν,</span> <span class='ocrx_word' id='word_1_99' title='bbox 475 894 566 932; x_wconf 79' lang='grc' dir='ltr'>ἀλλὰ</span> <span class='ocrx_word' id='word_1_100' title='bbox 584 893 646 933; x_wconf 73' lang='grc' dir='ltr'>σὺν</span> <span class='ocrx_word' id='word_1_101' title='bbox 671 894 754 947; x_wconf 80' lang='grc' dir='ltr'>Θεῷ</span> <span class='ocrx_word' id='word_1_102' title='bbox 775 893 963 947; x_wconf 73' lang='grc' dir='ltr'>πεφάσθαι.</span> <span class='ocrx_word' id='word_1_103' title='bbox 981 893 1055 932; x_wconf 87' lang='lat' dir='ltr'>Sed</span> <span class='ocrx_word' id='word_1_104' title='bbox 1075 893 1176 932; x_wconf 89' lang='lat' dir='ltr'>idem</span> <span class='ocrx_word' id='word_1_105' title='bbox 1198 893 1312 944; x_wconf 86' lang='lat' dir='ltr'>paulo</span> <span class='ocrx_word' id='word_1_106' title='bbox 1328 901 1434 945; x_wconf 87' lang='lat' dir='ltr'>post,</span> <span class='ocrx_word' id='word_1_107' title='bbox 1457 907 1495 944; x_wconf 82' lang='lat' dir='ltr'>p.</span> <span class='ocrx_word' id='word_1_108' title='bbox 1520 896 1601 941; x_wconf 75' lang='lat'>384,</span> <span class='ocrx_word' id='word_1_109' title='bbox 1652 919 1654 921; x_wconf 97' lang='lat'>-</span> 
     </span>
     <span class='ocr_line' id='line_1_12' title="bbox 136 958 1602 1011; baseline -0.001 -12"><span class='ocrx_word' id='word_1_110' title='bbox 136 960 317 1011; x_wconf 86' lang='lat' dir='ltr'>Sibyllam</span> <span class='ocrx_word' id='word_1_111' title='bbox 347 960 506 998; x_wconf 87' lang='lat' dir='ltr'>laudans</span> <span class='ocrx_word' id='word_1_112' title='bbox 533 967 574 997; x_wconf 89' lang='lat' dir='ltr'>ut</span> <span class='ocrx_word' id='word_1_113' title='bbox 607 959 764 1009; x_wconf 85' lang='lat' dir='ltr'>Orpheo</span> <span class='ocrx_word' id='word_1_114' title='bbox 800 959 1078 1010; x_wconf 75' lang='lat' dir='ltr'>antiquiorem,</span> <span class='ocrx_word' id='word_1_115' title='bbox 1112 959 1254 996; x_wconf 82' lang='lat' dir='ltr'>fatetur</span> <span class='ocrx_word' id='word_1_116' title='bbox 1284 958 1332 996; x_wconf 86' lang='lat' dir='ltr'>de</span> <span class='ocrx_word' id='word_1_117' title='bbox 1369 959 1542 1009; x_wconf 82' lang='lat' dir='ltr'>ascriptis</span> <span class='ocrx_word' id='word_1_118' title='bbox 1570 961 1602 998; x_wconf 87' lang='lat' dir='ltr'>ei</span> 
     </span>
     <span class='ocr_line' id='line_1_13' title="bbox 137 1020 1601 1076; baseline -0.001 -13"><span class='ocrx_word' id='word_1_119' title='bbox 137 1025 371 1064; x_wconf 83' lang='lat' dir='ltr'>carminibus</span> <span class='ocrx_word' id='word_1_120' title='bbox 387 1025 481 1062; x_wconf 84' lang='lat' dir='ltr'>alios</span> <span class='ocrx_word' id='word_1_121' title='bbox 493 1024 601 1062; x_wconf 85' lang='lat' dir='ltr'>aliter</span> <span class='ocrx_word' id='word_1_122' title='bbox 614 1023 789 1076; x_wconf 87' lang='lat' dir='ltr'>judicare</span> <span class='ocrx_word' id='word_1_123' title='bbox 811 1038 819 1061; x_wconf 73' lang='grc' dir='ltr'>ε</span> <span class='ocrx_word' id='word_1_124' title='bbox 841 1021 991 1074; x_wconf 81' lang='grc' dir='ltr'>Λέγεται</span> <span class='ocrx_word' id='word_1_125' title='bbox 1008 1022 1075 1076; x_wconf 81' lang='grc' dir='ltr'>γὰρ</span> <span class='ocrx_word' id='word_1_126' title='bbox 1094 1022 1152 1062; x_wconf 86' lang='grc' dir='ltr'>καὶ</span> <span class='ocrx_word' id='word_1_127' title='bbox 1171 1020 1251 1075; x_wconf 74' lang='grc' dir='ltr'>περὶ</span> <span class='ocrx_word' id='word_1_128' title='bbox 1267 1024 1335 1060; x_wconf 85' lang='grc' dir='ltr'>τῶν</span> <span class='ocrx_word' id='word_1_129' title='bbox 1350 1024 1520 1074; x_wconf 80' lang='grc' dir='ltr'>χρησμῶν</span> <span class='ocrx_word' id='word_1_130' title='bbox 1538 1026 1601 1062; x_wconf 77' lang='grc' dir='ltr'>τῶν</span> 
     </span>
     <span class='ocr_line' id='line_1_14' title="bbox 139 1080 1602 1142; baseline -0.001 -15"><span class='ocrx_word' id='word_1_131' title='bbox 139 1087 504 1142; x_wconf 70' lang='grc' dir='ltr'>καταπεφημισμένων</span> <span class='ocrx_word' id='word_1_132' title='bbox 529 1090 636 1135; x_wconf 71' lang='grc' dir='ltr'>αὐτῆς</span> <span class='ocrx_word' id='word_1_133' title='bbox 664 1080 753 1126; x_wconf 70' lang='grc' dir='ltr'>εἶναι</span> <span class='ocrx_word' id='word_1_134' title='bbox 773 1085 872 1139; x_wconf 87' lang='grc' dir='ltr'>λόγοι</span> <span class='ocrx_word' id='word_1_135' title='bbox 891 1086 1043 1130; x_wconf 82' lang='grc' dir='ltr'>πλείους.</span> <span class='ocrx_word' id='word_1_136' title='bbox 1063 1087 1213 1125; x_wconf 83' lang='lat' dir='ltr'>Deinde</span> <span class='ocrx_word' id='word_1_137' title='bbox 1244 1088 1368 1124; x_wconf 83' lang='lat' dir='ltr'>varias</span> <span class='ocrx_word' id='word_1_138' title='bbox 1389 1088 1436 1124; x_wconf 83' lang='lat' dir='ltr'>de</span> <span class='ocrx_word' id='word_1_139' title='bbox 1454 1087 1602 1138; x_wconf 86' lang='lat' dir='ltr'>Sibyllis</span> 
     </span>
    </p>
   </div>
   <div class='ocr_carea' id='block_1_5' title="bbox 139 1152 1665 1204">
    <p class='ocr_par' dir='ltr' id='par_1_5' title="bbox 139 1152 1665 1204">
     <span class='ocr_line' id='line_1_15' title="bbox 139 1152 1665 1204; baseline 0 -12"><span class='ocrx_word' id='word_1_140' title='bbox 139 1154 341 1204; x_wconf 86' lang='lat' dir='ltr'>opiniones</span> <span class='ocrx_word' id='word_1_141' title='bbox 370 1162 560 1200; x_wconf 84' lang='lat' dir='ltr'>recenset,</span> <span class='ocrx_word' id='word_1_142' title='bbox 587 1153 727 1204; x_wconf 84' lang='lat' dir='ltr'>quibus</span> <span class='ocrx_word' id='word_1_143' title='bbox 752 1154 833 1204; x_wconf 80' lang='lat' dir='ltr'>ipse</span> <span class='ocrx_word' id='word_1_144' title='bbox 852 1161 979 1190; x_wconf 88' lang='lat' dir='ltr'>motus</span> <span class='ocrx_word' id='word_1_145' title='bbox 1000 1166 1075 1190; x_wconf 92' lang='lat' dir='ltr'>non</span> <span class='ocrx_word' id='word_1_146' title='bbox 1094 1153 1172 1202; x_wconf 82' lang='lat' dir='ltr'>jam</span> <span class='ocrx_word' id='word_1_147' title='bbox 1204 1166 1316 1190; x_wconf 87' lang='lat' dir='ltr'>unam</span> <span class='ocrx_word' id='word_1_148' title='bbox 1337 1152 1519 1203; x_wconf 79' lang='lat' dir='ltr'>Sibyllam</span> <span class='ocrx_word' id='word_1_149' title='bbox 1544 1163 1603 1192; x_wconf 89' lang='lat' dir='ltr'>aut</span> <span class='ocrx_word' id='word_1_150' title='bbox 1664 1200 1665 1203; x_wconf 11' lang='grc' dir='ltr'><strong>Ἰ</strong></span> 
     </span>
    </p>
   </div>
   <div class='ocr_carea' id='block_1_6' title="bbox 135 1216 1603 2499">
    <p class='ocr_par' dir='ltr' id='par_1_6' title="bbox 135 1216 1603 2499">
     <span class='ocr_line' id='line_1_16' title="bbox 135 1216 1603 1270; baseline -0.001 -14"><span class='ocrx_word' id='word_1_151' title='bbox 135 1231 295 1270; x_wconf 85' lang='lat' dir='ltr'>paucas,</span> <span class='ocrx_word' id='word_1_152' title='bbox 312 1217 377 1256; x_wconf 89' lang='lat' dir='ltr'>sed</span> <span class='ocrx_word' id='word_1_153' title='bbox 399 1218 679 1256; x_wconf 87' lang='lat' dir='ltr'>multitudinem</span> <span class='ocrx_word' id='word_1_154' title='bbox 695 1218 952 1269; x_wconf 83' lang='lat' dir='ltr'>Sibyllarum,</span> <span class='ocrx_word' id='word_1_155' title='bbox 982 1219 1051 1256; x_wconf 80' lang='grc' dir='ltr'>τῶν</span> <span class='ocrx_word' id='word_1_156' title='bbox 1072 1216 1254 1256; x_wconf 68' lang='grc' dir='ltr'>Σιὸυλλῶν</span> <span class='ocrx_word' id='word_1_157' title='bbox 1267 1216 1307 1256; x_wconf 82' lang='grc' dir='ltr'>τὸ</span> <span class='ocrx_word' id='word_1_158' title='bbox 1329 1218 1480 1266; x_wconf 69' lang='grc' dir='ltr'>πλῆθος,</span> <span class='ocrx_word' id='word_1_159' title='bbox 1499 1231 1603 1268; x_wconf 85' lang='lat' dir='ltr'>agno-</span> 
     </span>
     <span class='ocr_line' id='line_1_17' title="bbox 136 1281 1602 1334; baseline -0.001 -14"><span class='ocrx_word' id='word_1_160' title='bbox 136 1283 218 1321; x_wconf 91' lang='lat' dir='ltr'>scit.</span> <span class='ocrx_word' id='word_1_161' title='bbox 238 1282 322 1320; x_wconf 85' lang='lat' dir='ltr'>Non</span> <span class='ocrx_word' id='word_1_162' title='bbox 337 1283 424 1320; x_wconf 83' lang='lat' dir='ltr'>satis</span> <span class='ocrx_word' id='word_1_163' title='bbox 439 1296 530 1334; x_wconf 87' lang='lat' dir='ltr'>ergo</span> <span class='ocrx_word' id='word_1_164' title='bbox 546 1281 618 1320; x_wconf 88' lang='lat' dir='ltr'>sibi</span> <span class='ocrx_word' id='word_1_165' title='bbox 633 1283 802 1320; x_wconf 86' lang='lat' dir='ltr'>constitit</span> <span class='ocrx_word' id='word_1_166' title='bbox 816 1292 950 1320; x_wconf 82' lang='lat' dir='ltr'>auctor</span> <span class='ocrx_word' id='word_1_167' title='bbox 966 1282 1224 1333; x_wconf 86' lang='lat' dir='ltr'>gravissimus,</span> <span class='ocrx_word' id='word_1_168' title='bbox 1240 1281 1319 1331; x_wconf 89' lang='lat' dir='ltr'>qui,</span> <span class='ocrx_word' id='word_1_169' title='bbox 1336 1294 1453 1331; x_wconf 83' lang='lat' dir='ltr'>quum</span> <span class='ocrx_word' id='word_1_170' title='bbox 1475 1281 1513 1317; x_wconf 92' lang='lat' dir='ltr'>in</span> <span class='ocrx_word' id='word_1_171' title='bbox 1533 1290 1602 1318; x_wconf 77' lang='lat' dir='ltr'>tan-</span> 
     </span>
     <span class='ocr_line' id='line_1_18' title="bbox 139 1344 1601 1398; baseline -0.001 -13"><span class='ocrx_word' id='word_1_172' title='bbox 139 1356 217 1385; x_wconf 90' lang='lat' dir='ltr'>tum</span> <span class='ocrx_word' id='word_1_173' title='bbox 235 1346 410 1385; x_wconf 82' lang='lat' dir='ltr'>laudibus</span> <span class='ocrx_word' id='word_1_174' title='bbox 426 1347 625 1384; x_wconf 81' lang='lat' dir='ltr'>extulisset</span> <span class='ocrx_word' id='word_1_175' title='bbox 644 1360 726 1384; x_wconf 87' lang='lat' dir='ltr'>eam</span> <span class='ocrx_word' id='word_1_176' title='bbox 744 1356 888 1395; x_wconf 84' lang='lat' dir='ltr'>vatem,</span> <span class='ocrx_word' id='word_1_177' title='bbox 908 1346 1001 1384; x_wconf 83' lang='lat' dir='ltr'>nihil</span> <span class='ocrx_word' id='word_1_178' title='bbox 1019 1347 1067 1398; x_wconf 87' lang='lat' dir='ltr'>de</span> <span class='ocrx_word' id='word_1_179' title='bbox 1081 1359 1125 1384; x_wconf 88' lang='lat' dir='ltr'>ea</span> <span class='ocrx_word' id='word_1_180' title='bbox 1143 1345 1239 1384; x_wconf 88' lang='lat' dir='ltr'>certi</span> <span class='ocrx_word' id='word_1_181' title='bbox 1258 1345 1396 1383; x_wconf 85' lang='lat' dir='ltr'>deinde</span> <span class='ocrx_word' id='word_1_182' title='bbox 1413 1344 1553 1383; x_wconf 85' lang='lat' dir='ltr'>habere</span> <span class='ocrx_word' id='word_1_183' title='bbox 1567 1358 1601 1383; x_wconf 86' lang='lat' dir='ltr'>se</span> 
     </span>
     <span class='ocr_line' id='line_1_19' title="bbox 139 1410 1601 1461; baseline 0 -13"><span class='ocrx_word' id='word_1_184' title='bbox 139 1411 260 1449; x_wconf 81' lang='lat' dir='ltr'>fassus</span> <span class='ocrx_word' id='word_1_185' title='bbox 287 1419 357 1451; x_wconf 88' lang='lat' dir='ltr'>est.</span> <span class='ocrx_word' id='word_1_186' title='bbox 386 1410 498 1450; x_wconf 74' lang='lat' dir='ltr'>Aliud</span> <span class='ocrx_word' id='word_1_187' title='bbox 517 1410 629 1449; x_wconf 88' lang='lat' dir='ltr'>etiam</span> <span class='ocrx_word' id='word_1_188' title='bbox 658 1410 729 1448; x_wconf 83' lang='lat' dir='ltr'>sibi</span> <span class='ocrx_word' id='word_1_189' title='bbox 747 1411 980 1449; x_wconf 84' lang='lat' dir='ltr'>contradixit</span> <span class='ocrx_word' id='word_1_190' title='bbox 999 1425 1008 1449; x_wconf 68' lang='grc' dir='ltr'>ς</span> <span class='ocrx_word' id='word_1_191' title='bbox 1026 1424 1113 1448; x_wconf 83' lang='lat' dir='ltr'>nam</span> <span class='ocrx_word' id='word_1_192' title='bbox 1139 1423 1256 1461; x_wconf 87' lang='lat' dir='ltr'>quum</span> <span class='ocrx_word' id='word_1_193' title='bbox 1277 1418 1386 1448; x_wconf 84' lang='lat' dir='ltr'>antea</span> <span class='ocrx_word' id='word_1_194' title='bbox 1407 1410 1454 1447; x_wconf 89' lang='lat' dir='ltr'>de</span> <span class='ocrx_word' id='word_1_195' title='bbox 1476 1412 1601 1448; x_wconf 85' lang='lat' dir='ltr'>carmi-</span> 
     </span>
     <span class='ocr_line' id='line_1_20' title="bbox 138 1470 1602 1526; baseline 0.001 -14"><span class='ocrx_word' id='word_1_196' title='bbox 138 1488 229 1512; x_wconf 87' lang='lat' dir='ltr'>num</span> <span class='ocrx_word' id='word_1_197' title='bbox 249 1474 525 1526; x_wconf 87' lang='lat' dir='ltr'>Sibyllinorum</span> <span class='ocrx_word' id='word_1_198' title='bbox 549 1474 694 1525; x_wconf 75' lang='lat' dir='ltr'>origine</span> <span class='ocrx_word' id='word_1_199' title='bbox 720 1488 867 1526; x_wconf 86' lang='lat' dir='ltr'>pagana</span> <span class='ocrx_word' id='word_1_200' title='bbox 887 1475 1042 1513; x_wconf 86' lang='lat' dir='ltr'>minime</span> <span class='ocrx_word' id='word_1_201' title='bbox 1057 1470 1290 1523; x_wconf 85' lang='lat' dir='ltr'>dubitasset,</span> <span class='ocrx_word' id='word_1_202' title='bbox 1308 1483 1440 1526; x_wconf 84' lang='lat' dir='ltr'>postea</span> <span class='ocrx_word' id='word_1_203' title='bbox 1459 1476 1602 1514; x_wconf 86' lang='lat' dir='ltr'>videtur</span> 
     </span>
     <span class='ocr_line' id='line_1_21' title="bbox 139 1538 1601 1591; baseline 0.001 -14"><span class='ocrx_word' id='word_1_204' title='bbox 139 1539 178 1576; x_wconf 89' lang='lat' dir='ltr'>in</span> <span class='ocrx_word' id='word_1_205' title='bbox 197 1539 308 1577; x_wconf 88' lang='lat' dir='ltr'>aliam</span> <span class='ocrx_word' id='word_1_206' title='bbox 332 1540 434 1577; x_wconf 88' lang='lat' dir='ltr'>ultro</span> <span class='ocrx_word' id='word_1_207' title='bbox 453 1540 680 1577; x_wconf 83' lang='lat' dir='ltr'>sententiam</span> <span class='ocrx_word' id='word_1_208' title='bbox 699 1538 952 1588; x_wconf 83' lang='lat' dir='ltr'>descendisse,</span> <span class='ocrx_word' id='word_1_209' title='bbox 970 1553 1084 1577; x_wconf 84' lang='lat' dir='ltr'>unam</span> <span class='ocrx_word' id='word_1_210' title='bbox 1103 1538 1181 1591; x_wconf 86' lang='lat' dir='ltr'>jam</span> <span class='ocrx_word' id='word_1_211' title='bbox 1196 1538 1378 1589; x_wconf 82' lang='lat' dir='ltr'>Sibyllam</span> <span class='ocrx_word' id='word_1_212' title='bbox 1392 1553 1601 1590; x_wconf 82' lang='lat' dir='ltr'>agnoscens,</span> 
     </span>
     <span class='ocr_line' id='line_1_22' title="bbox 139 1603 1603 1655; baseline 0.001 -14"><span class='ocrx_word' id='word_1_213' title='bbox 139 1616 263 1654; x_wconf 88' lang='lat' dir='ltr'>neque</span> <span class='ocrx_word' id='word_1_214' title='bbox 273 1604 351 1655; x_wconf 89' lang='lat' dir='ltr'>jam</span> <span class='ocrx_word' id='word_1_215' title='bbox 362 1605 533 1643; x_wconf 73' lang='lat' dir='ltr'>Graecam</span> <span class='ocrx_word' id='word_1_216' title='bbox 548 1613 613 1641; x_wconf 88' lang='lat' dir='ltr'>aut</span> <span class='ocrx_word' id='word_1_217' title='bbox 627 1604 825 1654; x_wconf 81' lang='lat' dir='ltr'>gentilem,</span> <span class='ocrx_word' id='word_1_218' title='bbox 841 1603 906 1641; x_wconf 89' lang='lat' dir='ltr'>sed</span> <span class='ocrx_word' id='word_1_219' title='bbox 922 1604 1133 1652; x_wconf 75' lang='lat' dir='ltr'>Hebraeum,</span> <span class='ocrx_word' id='word_1_220' title='bbox 1147 1618 1259 1654; x_wconf 83' lang='lat' dir='ltr'>quam</span> <span class='ocrx_word' id='word_1_221' title='bbox 1275 1617 1382 1655; x_wconf 74' lang='lat' dir='ltr'>paene</span> <span class='ocrx_word' id='word_1_222' title='bbox 1396 1603 1444 1641; x_wconf 90' lang='lat' dir='ltr'>ad</span> <span class='ocrx_word' id='word_1_223' title='bbox 1461 1614 1603 1642; x_wconf 87' lang='lat' dir='ltr'>sancto-</span> 
     </span>
     <span class='ocr_line' id='line_1_23' title="bbox 139 1668 1600 1722; baseline 0.002 -16"><span class='ocrx_word' id='word_1_224' title='bbox 139 1681 224 1706; x_wconf 89' lang='lat' dir='ltr'>rum</span> <span class='ocrx_word' id='word_1_225' title='bbox 243 1678 375 1707; x_wconf 83' lang='lat' dir='ltr'>vatum</span> <span class='ocrx_word' id='word_1_226' title='bbox 402 1669 703 1717; x_wconf 76' lang='lat' dir='ltr'>aemulationem,</span> <span class='ocrx_word' id='word_1_227' title='bbox 742 1670 913 1722; x_wconf 77' lang='grc' dir='ltr'>προφῆτιν</span> <span class='ocrx_word' id='word_1_228' title='bbox 947 1668 1268 1717; x_wconf 81' lang='lat' dir='ltr'>vocat,Cohort.,</span> <span class='ocrx_word' id='word_1_229' title='bbox 1291 1668 1338 1706; x_wconf 88' lang='lat' dir='ltr'>ad</span> <span class='ocrx_word' id='word_1_230' title='bbox 1362 1669 1446 1720; x_wconf 56' lang='lat' dir='ltr'>Gla,</span> <span class='ocrx_word' id='word_1_231' title='bbox 1467 1682 1506 1721; x_wconf 89' lang='lat' dir='ltr'>p.</span> <span class='ocrx_word' id='word_1_232' title='bbox 1531 1671 1600 1710; x_wconf 83' lang='lat'>61:</span> 
     </span>
     <span class='ocr_line' id='line_1_24' title="bbox 138 1732 1601 1787; baseline 0 -15"><span class='ocrx_word' id='word_1_233' title='bbox 138 1733 251 1772; x_wconf 84' lang='grc' dir='ltr'>Πόθεν</span> <span class='ocrx_word' id='word_1_234' title='bbox 277 1733 345 1786; x_wconf 80' lang='grc' dir='ltr'>ἄρα</span> <span class='ocrx_word' id='word_1_235' title='bbox 367 1736 386 1773; x_wconf 82' lang='grc' dir='ltr'><strong>ὁ</strong></span> <span class='ocrx_word' id='word_1_236' title='bbox 408 1737 467 1772; x_wconf 71' lang='grc' dir='ltr'>τοῦ</span> <span class='ocrx_word' id='word_1_237' title='bbox 488 1732 648 1787; x_wconf 82' lang='grc' dir='ltr'>Γρύλλου</span> <span class='ocrx_word' id='word_1_238' title='bbox 668 1733 870 1787; x_wconf 60' lang='grc' dir='ltr'>σοφίζεταις</span> <span class='ocrx_word' id='word_1_239' title='bbox 890 1732 913 1781; x_wconf 86' lang='grc' dir='ltr'>ἢ</span> <span class='ocrx_word' id='word_1_240' title='bbox 933 1733 1067 1781; x_wconf 78' lang='grc' dir='ltr'>δηλαδὴ</span> <span class='ocrx_word' id='word_1_241' title='bbox 1096 1732 1193 1787; x_wconf 80' lang='grc' dir='ltr'>παρὰ</span> <span class='ocrx_word' id='word_1_242' title='bbox 1219 1736 1282 1780; x_wconf 71' lang='grc' dir='ltr'>τῆς</span> <span class='ocrx_word' id='word_1_243' title='bbox 1305 1733 1514 1787; x_wconf 74' lang='grc' dir='ltr'>προφήτιδος</span> <span class='ocrx_word' id='word_1_244' title='bbox 1539 1736 1601 1773; x_wconf 76' lang='grc' dir='ltr'>τῶν</span> 
     </span>
     <span class='ocr_line' id='line_1_25' title="bbox 137 1790 1600 1852; baseline 0 -16"><span class='ocrx_word' id='word_1_245' title='bbox 137 1795 329 1849; x_wconf 73' lang='grc' dir='ltr'>Ἑὸραίων,</span> <span class='ocrx_word' id='word_1_246' title='bbox 353 1796 580 1845; x_wconf 79' lang='grc' dir='ltr'>θεσπιζούσης</span> <span class='ocrx_word' id='word_1_247' title='bbox 609 1790 678 1836; x_wconf 67' lang='grc' dir='ltr'>ὧδέ</span> <span class='ocrx_word' id='word_1_248' title='bbox 694 1813 782 1846; x_wconf 86' lang='grc' dir='ltr'>πως,</span> <span class='ocrx_word' id='word_1_249' title='bbox 800 1797 867 1841; x_wconf 88' lang='grc' dir='ltr'>Τίς</span> <span class='ocrx_word' id='word_1_250' title='bbox 887 1796 954 1852; x_wconf 80' lang='grc' dir='ltr'>γὰρ</span> <span class='ocrx_word' id='word_1_251' title='bbox 974 1795 1060 1852; x_wconf 78' lang='grc' dir='ltr'>σὰρξ</span> <span class='ocrx_word' id='word_1_252' title='bbox 1088 1796 1256 1844; x_wconf 80' lang='grc' dir='ltr'>δύναται,</span> <span class='ocrx_word' id='word_1_253' title='bbox 1288 1814 1325 1837; x_wconf 83' lang='grc' dir='ltr'>κ.</span> <span class='ocrx_word' id='word_1_254' title='bbox 1339 1813 1376 1839; x_wconf 85' lang='grc' dir='ltr'>τ,</span> <span class='ocrx_word' id='word_1_255' title='bbox 1396 1799 1428 1836; x_wconf 87' lang='grc' dir='ltr'>λ.</span> <span class='ocrx_word' id='word_1_256' title='bbox 1449 1798 1600 1849; x_wconf 72' lang='lat' dir='ltr'>ibidem,</span> 
     </span>
     <span class='ocr_line' id='line_1_26' title="bbox 136 1861 1599 1917; baseline 0 -17"><span class='ocrx_word' id='word_1_257' title='bbox 136 1875 225 1914; x_wconf 85' lang='lat' dir='ltr'>pag.</span> <span class='ocrx_word' id='word_1_258' title='bbox 246 1863 296 1900; x_wconf 82' lang='lat'>66</span> <span class='ocrx_word' id='word_1_259' title='bbox 314 1876 325 1903; x_wconf 73' lang='lat' dir='ltr'><em>z</em></span> <span class='ocrx_word' id='word_1_260' title='bbox 344 1863 477 1902; x_wconf 79' lang='grc' dir='ltr'>Λύτίκα</span> <span class='ocrx_word' id='word_1_261' title='bbox 495 1861 565 1917; x_wconf 68' lang='grc' dir='ltr'>γὰρ</span> <span class='ocrx_word' id='word_1_262' title='bbox 585 1865 608 1910; x_wconf 83' lang='grc' dir='ltr'>ἡ</span> <span class='ocrx_word' id='word_1_263' title='bbox 630 1866 799 1916; x_wconf 73' lang='grc' dir='ltr'>προφῆτις</span> <span class='ocrx_word' id='word_1_264' title='bbox 818 1865 903 1915; x_wconf 79' lang='grc' dir='ltr'>ἡμῖν</span> <span class='ocrx_word' id='word_1_265' title='bbox 931 1861 1050 1916; x_wconf 77' lang='grc' dir='ltr'>ᾆσάτω</span> <span class='ocrx_word' id='word_1_266' title='bbox 1072 1862 1195 1916; x_wconf 84' lang='grc' dir='ltr'>πρώτη</span> <span class='ocrx_word' id='word_1_267' title='bbox 1218 1861 1398 1910; x_wconf 64' lang='lat' dir='ltr'>Etenna,</span> <span class='ocrx_word' id='word_1_268' title='bbox 1427 1871 1466 1901; x_wconf 90' lang='lat' dir='ltr'>et</span> <span class='ocrx_word' id='word_1_269' title='bbox 1495 1863 1599 1914; x_wconf 84' lang='lat' dir='ltr'>paulo</span> 
     </span>
     <span class='ocr_line' id='line_1_27' title="bbox 135 1926 1599 1980; baseline -0.001 -16"><span class='ocrx_word' id='word_1_270' title='bbox 135 1935 245 1973; x_wconf 81' lang='lat' dir='ltr'>ante,</span> <span class='ocrx_word' id='word_1_271' title='bbox 274 1940 312 1978; x_wconf 87' lang='lat' dir='ltr'>p.</span> <span class='ocrx_word' id='word_1_272' title='bbox 339 1933 412 1973; x_wconf 73' lang='lat'>44:</span> <span class='ocrx_word' id='word_1_273' title='bbox 437 1927 656 1970; x_wconf 78' lang='grc' dir='ltr'>Διδάσκαλον</span> <span class='ocrx_word' id='word_1_274' title='bbox 675 1926 713 1967; x_wconf 81' lang='grc' dir='ltr'>δὲ</span> <span class='ocrx_word' id='word_1_275' title='bbox 741 1927 822 1979; x_wconf 80' lang='grc' dir='ltr'>ὑμῖν</span> <span class='ocrx_word' id='word_1_276' title='bbox 853 1926 1104 1980; x_wconf 76' lang='grc' dir='ltr'>παραθήσομαι</span> <span class='ocrx_word' id='word_1_277' title='bbox 1129 1926 1193 1974; x_wconf 77' lang='grc' dir='ltr'>τὴν</span> <span class='ocrx_word' id='word_1_278' title='bbox 1214 1930 1385 1980; x_wconf 61' lang='grc' dir='ltr'>προφῆτιν</span> <span class='ocrx_word' id='word_1_279' title='bbox 1421 1927 1599 1967; x_wconf 69' lang='grc' dir='ltr'>Σίόυλλαν.</span> 
     </span>
     <span class='ocr_line' id='line_1_28' title="bbox 136 1990 1598 2044; baseline -0.001 -13"><span class='ocrx_word' id='word_1_280' title='bbox 136 1991 291 2044; x_wconf 86' lang='lat' dir='ltr'>Duplici</span> <span class='ocrx_word' id='word_1_281' title='bbox 317 2004 409 2043; x_wconf 87' lang='lat' dir='ltr'>ergo</span> <span class='ocrx_word' id='word_1_282' title='bbox 433 1991 546 2030; x_wconf 84' lang='lat' dir='ltr'>laude</span> <span class='ocrx_word' id='word_1_283' title='bbox 578 2005 661 2031; x_wconf 88' lang='lat' dir='ltr'>eam</span> <span class='ocrx_word' id='word_1_284' title='bbox 696 1991 841 2041; x_wconf 87' lang='lat' dir='ltr'>donat,</span> <span class='ocrx_word' id='word_1_285' title='bbox 862 1992 1076 2044; x_wconf 85' lang='lat' dir='ltr'>prophetiae</span> <span class='ocrx_word' id='word_1_286' title='bbox 1103 1992 1215 2030; x_wconf 86' lang='lat' dir='ltr'>simul</span> <span class='ocrx_word' id='word_1_287' title='bbox 1242 2000 1280 2030; x_wconf 87' lang='lat' dir='ltr'>et</span> <span class='ocrx_word' id='word_1_288' title='bbox 1312 1999 1493 2043; x_wconf 79' lang='lat' dir='ltr'>poeseos,</span> <span class='ocrx_word' id='word_1_289' title='bbox 1517 1990 1598 2029; x_wconf 81' lang='lat' dir='ltr'>ibid.</span> 
     </span>
     <span class='ocr_line' id='line_1_29' title="bbox 136 2055 1599 2111; baseline -0.002 -16"><span class='ocrx_word' id='word_1_290' title='bbox 136 2069 179 2108; x_wconf 87' lang='lat' dir='ltr'>p.</span> <span class='ocrx_word' id='word_1_291' title='bbox 211 2062 258 2102; x_wconf 72' lang='lat'>24</span> <span class='ocrx_word' id='word_1_292' title='bbox 277 2071 286 2095; x_wconf 76' lang='lat' dir='ltr'>t</span> <span class='ocrx_word' id='word_1_293' title='bbox 306 2057 430 2095; x_wconf 67' lang='grc' dir='ltr'>Ταῦτα</span> <span class='ocrx_word' id='word_1_294' title='bbox 448 2059 534 2108; x_wconf 84' lang='grc' dir='ltr'>ἡμῖν</span> <span class='ocrx_word' id='word_1_295' title='bbox 561 2059 583 2104; x_wconf 82' lang='grc' dir='ltr'>ἡ</span> <span class='ocrx_word' id='word_1_296' title='bbox 599 2055 798 2111; x_wconf 75' lang='grc' dir='ltr'>προφητικὴ</span> <span class='ocrx_word' id='word_1_297' title='bbox 822 2061 1003 2110; x_wconf 84' lang='grc' dir='ltr'>παρεγγυᾷ</span> <span class='ocrx_word' id='word_1_298' title='bbox 1021 2055 1082 2094; x_wconf 75' lang='grc' dir='ltr'>καὶ</span> <span class='ocrx_word' id='word_1_299' title='bbox 1101 2055 1266 2104; x_wconf 72' lang='grc' dir='ltr'>ποιητικὴ</span> <span class='ocrx_word' id='word_1_300' title='bbox 1289 2055 1460 2096; x_wconf 58' lang='lat' dir='ltr'>Etenna.</span> <span class='ocrx_word' id='word_1_301' title='bbox 1478 2057 1599 2106; x_wconf 81' lang='lat' dir='ltr'>Neque</span> 
     </span>
     <span class='ocr_line' id='line_1_30' title="bbox 137 2120 1601 2173; baseline -0.001 -13"><span class='ocrx_word' id='word_1_302' title='bbox 137 2121 238 2160; x_wconf 85' lang='lat' dir='ltr'>enim</span> <span class='ocrx_word' id='word_1_303' title='bbox 253 2120 476 2160; x_wconf 83' lang='lat' dir='ltr'>dubitanter</span> <span class='ocrx_word' id='word_1_304' title='bbox 492 2122 657 2160; x_wconf 83' lang='lat' dir='ltr'>affirmat</span> <span class='ocrx_word' id='word_1_305' title='bbox 677 2122 861 2160; x_wconf 89' lang='lat' dir='ltr'>divinitus</span> <span class='ocrx_word' id='word_1_306' title='bbox 875 2135 955 2160; x_wconf 89' lang='lat' dir='ltr'>eam</span> <span class='ocrx_word' id='word_1_307' title='bbox 976 2135 1134 2169; x_wconf 84' lang='lat' dir='ltr'>canere,</span> <span class='ocrx_word' id='word_1_308' title='bbox 1148 2121 1339 2167; x_wconf 81' lang='grc' dir='ltr'>θεσπίζειν,</span> <span class='ocrx_word' id='word_1_309' title='bbox 1359 2135 1397 2173; x_wconf 88' lang='lat' dir='ltr'>p.</span> <span class='ocrx_word' id='word_1_310' title='bbox 1412 2124 1476 2169; x_wconf 88' lang='lat'>61,</span> <span class='ocrx_word' id='word_1_311' title='bbox 1492 2120 1601 2162; x_wconf 68' lang='grc' dir='ltr'>ἕνῡέως</span> 
     </span>
     <span class='ocr_line' id='line_1_31' title="bbox 138 2185 1600 2240; baseline -0.001 -16"><span class='ocrx_word' id='word_1_312' title='bbox 138 2185 295 2240; x_wconf 72' lang='grc' dir='ltr'>σφόδρα,</span> <span class='ocrx_word' id='word_1_313' title='bbox 332 2201 418 2240; x_wconf 85' lang='lat' dir='ltr'>pag.</span> <span class='ocrx_word' id='word_1_314' title='bbox 451 2188 523 2237; x_wconf 85' lang='lat'>66;</span> <span class='ocrx_word' id='word_1_315' title='bbox 549 2188 739 2239; x_wconf 85' lang='lat' dir='ltr'>poeticam</span> <span class='ocrx_word' id='word_1_316' title='bbox 771 2201 863 2225; x_wconf 87' lang='lat' dir='ltr'>vero</span> <span class='ocrx_word' id='word_1_317' title='bbox 886 2188 960 2225; x_wconf 88' lang='lat' dir='ltr'>vim</span> <span class='ocrx_word' id='word_1_318' title='bbox 986 2201 1062 2225; x_wconf 92' lang='lat' dir='ltr'>non</span> <span class='ocrx_word' id='word_1_319' title='bbox 1083 2187 1314 2226; x_wconf 88' lang='lat' dir='ltr'>mediocrem</span> <span class='ocrx_word' id='word_1_320' title='bbox 1334 2187 1369 2226; x_wconf 87' lang='lat' dir='ltr'>ci</span> <span class='ocrx_word' id='word_1_321' title='bbox 1397 2187 1547 2233; x_wconf 84' lang='lat' dir='ltr'>tribuit,</span> <span class='ocrx_word' id='word_1_322' title='bbox 1566 2186 1600 2223; x_wconf 85' lang='lat' dir='ltr'>in</span> 
     </span>
     <span class='ocr_line' id='line_1_32' title="bbox 139 2249 1598 2305; baseline 0.001 -16"><span class='ocrx_word' id='word_1_323' title='bbox 139 2249 367 2302; x_wconf 85' lang='lat' dir='ltr'>Paedagogo‚</span> <span class='ocrx_word' id='word_1_324' title='bbox 398 2251 464 2291; x_wconf 88' lang='lat' dir='ltr'>lib.</span> <span class='ocrx_word' id='word_1_325' title='bbox 498 2252 553 2303; x_wconf 82' lang='lat'>11,</span> <span class='ocrx_word' id='word_1_326' title='bbox 585 2267 623 2305; x_wconf 86' lang='lat' dir='ltr'>p.</span> <span class='ocrx_word' id='word_1_327' title='bbox 645 2267 742 2303; x_wconf 84' lang='lat'>229,</span> <span class='ocrx_word' id='word_1_328' title='bbox 770 2252 837 2291; x_wconf 88' lang='lat' dir='ltr'>ubi</span> <span class='ocrx_word' id='word_1_329' title='bbox 869 2267 974 2301; x_wconf 88' lang='lat' dir='ltr'>eam,</span> <span class='ocrx_word' id='word_1_330' title='bbox 1002 2253 1112 2305; x_wconf 89' lang='lat' dir='ltr'>quasi</span> <span class='ocrx_word' id='word_1_331' title='bbox 1131 2252 1423 2304; x_wconf 82' lang='lat' dir='ltr'>gloriabundus,</span> <span class='ocrx_word' id='word_1_332' title='bbox 1443 2264 1598 2293; x_wconf 84' lang='lat' dir='ltr'>nostram</span> 
     </span>
     <span class='ocr_line' id='line_1_33' title="bbox 141 2315 1601 2371; baseline 0.006 -19"><span class='ocrx_word' id='word_1_333' title='bbox 141 2315 331 2366; x_wconf 85' lang='lat' dir='ltr'>poetriam</span> <span class='ocrx_word' id='word_1_334' title='bbox 362 2326 474 2355; x_wconf 89' lang='lat' dir='ltr'>vocat</span> <span class='ocrx_word' id='word_1_335' title='bbox 498 2333 507 2356; x_wconf 73' lang='grc' dir='ltr'>ε</span> <span class='ocrx_word' id='word_1_336' title='bbox 538 2316 610 2356; x_wconf 80' lang='grc' dir='ltr'>Ναὶ</span> <span class='ocrx_word' id='word_1_337' title='bbox 639 2317 708 2369; x_wconf 80' lang='grc' dir='ltr'>μὴν</span> <span class='ocrx_word' id='word_1_338' title='bbox 736 2317 798 2357; x_wconf 76' lang='grc' dir='ltr'>καὶ</span> <span class='ocrx_word' id='word_1_339' title='bbox 822 2320 844 2365; x_wconf 80' lang='grc' dir='ltr'>ἠ</span> <span class='ocrx_word' id='word_1_340' title='bbox 877 2317 961 2371; x_wconf 79' lang='grc' dir='ltr'>παρ’</span> <span class='ocrx_word' id='word_1_341' title='bbox 979 2321 1065 2369; x_wconf 81' lang='grc' dir='ltr'>ἡμῖν</span> <span class='ocrx_word' id='word_1_342' title='bbox 1081 2318 1260 2367; x_wconf 80' lang='grc' dir='ltr'>ποιητικὴ,</span> <span class='ocrx_word' id='word_1_343' title='bbox 1291 2318 1501 2365; x_wconf 76' lang='grc' dir='ltr'>ὀνειδίζουσοί</span> <span class='ocrx_word' id='word_1_344' title='bbox 1524 2333 1601 2364; x_wconf 73' lang='grc' dir='ltr'>πως,</span> 
     </span>
     <span class='ocr_line' id='line_1_34' title="bbox 141 2377 288 2433; baseline 0.014 -2"><span class='ocrx_word' id='word_1_345' title='bbox 141 2377 288 2433; x_wconf 61' lang='grc' dir='ltr'>γράφει,</span> 
     </span>
     <span class='ocr_line' id='line_1_35' title="bbox 272 2445 792 2499; baseline 0.006 -16"><span class='ocrx_word' id='word_1_346' title='bbox 272 2445 425 2499; x_wconf 78' lang='grc' dir='ltr'>Μοιχεία</span> <span class='ocrx_word' id='word_1_347' title='bbox 441 2445 536 2499; x_wconf 75' lang='grc' dir='ltr'>παρὰ</span> <span class='ocrx_word' id='word_1_348' title='bbox 555 2447 632 2495; x_wconf 72' lang='grc' dir='ltr'>σοὶ,</span> <span class='ocrx_word' id='word_1_349' title='bbox 652 2462 685 2485; x_wconf 86' lang='grc' dir='ltr'>κ.</span> <span class='ocrx_word' id='word_1_350' title='bbox 703 2462 738 2486; x_wconf 85' lang='grc' dir='ltr'>τ.</span> <span class='ocrx_word' id='word_1_351' title='bbox 759 2448 792 2486; x_wconf 90' lang='grc' dir='ltr'>λ.</span> 
     </span>
    </p>
   </div>
   <div class='ocr_carea' id='block_1_7' title="bbox 140 2509 1600 2563">
    <p class='ocr_par' dir='ltr' id='par_1_7' title="bbox 140 2509 1600 2563">
     <span class='ocr_line' id='line_1_36' title="bbox 140 2509 1600 2563; baseline 0 -16"><span class='ocrx_word' id='word_1_352' title='bbox 140 2509 234 2547; x_wconf 86' lang='lat' dir='ltr'>Nam</span> <span class='ocrx_word' id='word_1_353' title='bbox 264 2510 334 2548; x_wconf 88' lang='lat' dir='ltr'>etsi</span> <span class='ocrx_word' id='word_1_354' title='bbox 355 2509 533 2550; x_wconf 84' lang='lat' dir='ltr'>hocloco</span> <span class='ocrx_word' id='word_1_355' title='bbox 559 2511 644 2563; x_wconf 82' lang='grc' dir='ltr'>παρ’</span> <span class='ocrx_word' id='word_1_356' title='bbox 669 2513 748 2563; x_wconf 80' lang='grc' dir='ltr'>ὑμῖν</span> <span class='ocrx_word' id='word_1_357' title='bbox 769 2512 862 2551; x_wconf 89' lang='lat' dir='ltr'>editi</span> <span class='ocrx_word' id='word_1_358' title='bbox 883 2513 1034 2562; x_wconf 84' lang='lat' dir='ltr'>ferunt,</span> <span class='ocrx_word' id='word_1_359' title='bbox 1067 2512 1202 2551; x_wconf 87' lang='lat' dir='ltr'>melius</span> <span class='ocrx_word' id='word_1_360' title='bbox 1227 2521 1352 2552; x_wconf 88' lang='lat' dir='ltr'>tamen</span> <span class='ocrx_word' id='word_1_361' title='bbox 1383 2526 1468 2551; x_wconf 89' lang='lat' dir='ltr'>cum</span> <span class='ocrx_word' id='word_1_362' title='bbox 1497 2509 1600 2549; x_wconf 88' lang='lat' dir='ltr'>codi-</span> 
     </span>
    </p>
   </div>
   <div class='ocr_carea' id='block_1_8' title="bbox 141 2571 1671 2629">
    <p class='ocr_par' dir='ltr' id='par_1_8' title="bbox 141 2571 1671 2629">
     <span class='ocr_line' id='line_1_37' title="bbox 141 2571 1671 2629; baseline 0.001 -19"><span class='ocrx_word' id='word_1_363' title='bbox 141 2571 250 2611; x_wconf 86' lang='lat' dir='ltr'>cibus</span> <span class='ocrx_word' id='word_1_364' title='bbox 281 2573 508 2625; x_wconf 88' lang='lat' dir='ltr'>quibusdam</span> <span class='ocrx_word' id='word_1_365' title='bbox 532 2575 616 2629; x_wconf 81' lang='grc' dir='ltr'>παρ’</span> <span class='ocrx_word' id='word_1_366' title='bbox 640 2579 725 2628; x_wconf 79' lang='grc' dir='ltr'>ἡμῖν</span> <span class='ocrx_word' id='word_1_367' title='bbox 752 2577 873 2628; x_wconf 89' lang='lat' dir='ltr'>legas,</span> <span class='ocrx_word' id='word_1_368' title='bbox 893 2590 1012 2628; x_wconf 87' lang='lat' dir='ltr'>quum</span> <span class='ocrx_word' id='word_1_369' title='bbox 1033 2576 1103 2614; x_wconf 81' lang='lat' dir='ltr'>hos</span> <span class='ocrx_word' id='word_1_370' title='bbox 1127 2575 1329 2628; x_wconf 61' lang='lat' dir='ltr'>paedagogi</span> <span class='ocrx_word' id='word_1_371' title='bbox 1355 2575 1475 2615; x_wconf 87' lang='lat' dir='ltr'>libros</span> <span class='ocrx_word' id='word_1_372' title='bbox 1494 2574 1602 2614; x_wconf 85' lang='lat' dir='ltr'>Chri-</span> <span class='ocrx_word' id='word_1_373' title='bbox 1666 2581 1671 2586; x_wconf 92' lang='grc'><strong>’</strong></span> 
     </span>
    </p>
   </div>
   <div class='ocr_carea' id='block_1_9' title="bbox 139 2638 1602 2952">
    <p class='ocr_par' dir='ltr' id='par_1_9' title="bbox 139 2638 1602 2885">
     <span class='ocr_line' id='line_1_38' title="bbox 140 2638 1602 2698; baseline 0 -23"><span class='ocrx_word' id='word_1_374' title='bbox 140 2638 273 2676; x_wconf 77' lang='lat' dir='ltr'>stianis</span> <span class='ocrx_word' id='word_1_375' title='bbox 290 2652 311 2677; x_wconf 88' lang='lat' dir='ltr'>a</span> <span class='ocrx_word' id='word_1_376' title='bbox 328 2639 548 2678; x_wconf 85' lang='lat' dir='ltr'>Christiano</span> <span class='ocrx_word' id='word_1_377' title='bbox 564 2641 728 2693; x_wconf 87' lang='lat' dir='ltr'>scriptos</span> <span class='ocrx_word' id='word_1_378' title='bbox 748 2655 830 2680; x_wconf 87' lang='lat' dir='ltr'>esse</span> <span class='ocrx_word' id='word_1_379' title='bbox 846 2649 1008 2681; x_wconf 89' lang='lat' dir='ltr'>constet.</span> <span class='ocrx_word' id='word_1_380' title='bbox 1026 2643 1154 2689; x_wconf 87' lang='lat' dir='ltr'>Quum</span> <span class='ocrx_word' id='word_1_381' title='bbox 1174 2641 1292 2693; x_wconf 89' lang='lat' dir='ltr'>igitur</span> <span class='ocrx_word' id='word_1_382' title='bbox 1309 2641 1394 2698; x_wconf 87' lang='grc' dir='ltr'>παρ’</span> <span class='ocrx_word' id='word_1_383' title='bbox 1408 2643 1492 2691; x_wconf 83' lang='grc' dir='ltr'>ἡμῖν</span> <span class='ocrx_word' id='word_1_384' title='bbox 1506 2638 1602 2685; x_wconf 84' lang='lat' dir='ltr'>dicit,</span> 
     </span>
     <span class='ocr_line' id='line_1_39' title="bbox 141 2703 1602 2757; baseline -0.001 -16"><span class='ocrx_word' id='word_1_385' title='bbox 141 2703 254 2742; x_wconf 86' lang='lat' dir='ltr'>simul</span> <span class='ocrx_word' id='word_1_386' title='bbox 284 2704 448 2752; x_wconf 87' lang='lat' dir='ltr'>indicat,</span> <span class='ocrx_word' id='word_1_387' title='bbox 475 2705 515 2743; x_wconf 89' lang='lat' dir='ltr'>id</span> <span class='ocrx_word' id='word_1_388' title='bbox 535 2705 639 2757; x_wconf 87' lang='lat' dir='ltr'>quod</span> <span class='ocrx_word' id='word_1_389' title='bbox 666 2705 817 2744; x_wconf 83' lang='lat' dir='ltr'>abunde</span> <span class='ocrx_word' id='word_1_390' title='bbox 851 2719 873 2744; x_wconf 86' lang='lat' dir='ltr'>a</span> <span class='ocrx_word' id='word_1_391' title='bbox 896 2706 1050 2745; x_wconf 82' lang='lat' dir='ltr'>Justino</span> <span class='ocrx_word' id='word_1_392' title='bbox 1085 2705 1362 2755; x_wconf 86' lang='lat' dir='ltr'>didiceramus,</span> <span class='ocrx_word' id='word_1_393' title='bbox 1391 2705 1567 2756; x_wconf 84' lang='lat' dir='ltr'>Sibyllam</span> <span class='ocrx_word' id='word_1_394' title='bbox 1584 2714 1602 2739; x_wconf 84' lang='lat' dir='ltr'>a</span> 
     </span>
     <span class='ocr_line' id='line_1_40' title="bbox 140 2768 1601 2823; baseline -0.001 -16"><span class='ocrx_word' id='word_1_395' title='bbox 140 2768 366 2807; x_wconf 88' lang='lat' dir='ltr'>Christianis</span> <span class='ocrx_word' id='word_1_396' title='bbox 386 2768 609 2821; x_wconf 86' lang='lat' dir='ltr'>frequenter</span> <span class='ocrx_word' id='word_1_397' title='bbox 635 2770 709 2821; x_wconf 87' lang='lat' dir='ltr'>legi</span> <span class='ocrx_word' id='word_1_398' title='bbox 724 2771 895 2818; x_wconf 81' lang='lat' dir='ltr'>solitam3</span> <span class='ocrx_word' id='word_1_399' title='bbox 916 2771 1027 2810; x_wconf 90' lang='lat' dir='ltr'>simul</span> <span class='ocrx_word' id='word_1_400' title='bbox 1047 2771 1100 2810; x_wconf 90' lang='lat' dir='ltr'>ita</span> <span class='ocrx_word' id='word_1_401' title='bbox 1129 2771 1217 2823; x_wconf 89' lang='lat' dir='ltr'>legi,</span> <span class='ocrx_word' id='word_1_402' title='bbox 1258 2785 1337 2810; x_wconf 87' lang='lat' dir='ltr'>non</span> <span class='ocrx_word' id='word_1_403' title='bbox 1364 2779 1406 2809; x_wconf 91' lang='lat' dir='ltr'>ut</span> <span class='ocrx_word' id='word_1_404' title='bbox 1429 2770 1601 2812; x_wconf 88' lang='lat' dir='ltr'>alienam,</span> 
     </span>
     <span class='ocr_line' id='line_1_41' title="bbox 139 2833 1245 2885; baseline 0.005 -13"><span class='ocrx_word' id='word_1_405' title='bbox 139 2833 208 2873; x_wconf 82' lang='lat' dir='ltr'>sed</span> <span class='ocrx_word' id='word_1_406' title='bbox 236 2843 278 2873; x_wconf 89' lang='lat' dir='ltr'>ut</span> <span class='ocrx_word' id='word_1_407' title='bbox 308 2848 412 2874; x_wconf 89' lang='lat' dir='ltr'>suam</span> <span class='ocrx_word' id='word_1_408' title='bbox 426 2865 438 2884; x_wconf 92' lang='lat'>,</span> <span class='ocrx_word' id='word_1_409' title='bbox 461 2834 501 2873; x_wconf 86' lang='lat' dir='ltr'>id</span> <span class='ocrx_word' id='word_1_410' title='bbox 530 2843 599 2885; x_wconf 88' lang='lat' dir='ltr'>est,</span> <span class='ocrx_word' id='word_1_411' title='bbox 618 2835 816 2874; x_wconf 82' lang='lat' dir='ltr'>Hebraeam</span> <span class='ocrx_word' id='word_1_412' title='bbox 832 2835 1058 2876; x_wconf 86' lang='lat' dir='ltr'>Christianis</span> <span class='ocrx_word' id='word_1_413' title='bbox 1077 2837 1245 2878; x_wconf 83' lang='lat' dir='ltr'>affinem.</span> 
     </span>
    </p>

    <p class='ocr_par' dir='ltr' id='par_1_10' title="bbox 197 2894 1600 2952">
     <span class='ocr_line' id='line_1_42' title="bbox 197 2894 1600 2952; baseline 0 -14"><span class='ocrx_word' id='word_1_414' title='bbox 197 2899 254 2939; x_wconf 85' lang='lat' dir='ltr'>Eo</span> <span class='ocrx_word' id='word_1_415' title='bbox 273 2899 398 2939; x_wconf 87' lang='lat' dir='ltr'>minus</span> <span class='ocrx_word' id='word_1_416' title='bbox 420 2900 570 2940; x_wconf 87' lang='lat' dir='ltr'>dubitat</span> <span class='ocrx_word' id='word_1_417' title='bbox 596 2900 677 2952; x_wconf 87' lang='lat' dir='ltr'>ejus</span> <span class='ocrx_word' id='word_1_418' title='bbox 697 2900 751 2939; x_wconf 90' lang='lat' dir='ltr'>uti</span> <span class='ocrx_word' id='word_1_419' title='bbox 769 2910 807 2940; x_wconf 87' lang='lat' dir='ltr'>et</span> <span class='ocrx_word' id='word_1_420' title='bbox 831 2902 1023 2941; x_wconf 83' lang='lat' dir='ltr'>interdum</span> <span class='ocrx_word' id='word_1_421' title='bbox 1045 2901 1150 2942; x_wconf 89' lang='lat' dir='ltr'>abuti</span> <span class='ocrx_word' id='word_1_422' title='bbox 1179 2902 1418 2941; x_wconf 89' lang='lat' dir='ltr'>testimoniis.</span> <span class='ocrx_word' id='word_1_423' title='bbox 1440 2897 1546 2947; x_wconf 85' lang='lat' dir='ltr'>Quod</span> <span class='ocrx_word' id='word_1_424' title='bbox 1575 2894 1600 2933; x_wconf 76' lang='lat' dir='ltr'>⁵i</span> 
     </span>
    </p>
   </div>
  </div>
 </body>
</html>
