1686 3500
141 203 236 248 470
509 204 591 248 AD
623 204 972 252 slssYLLtNos
1008 206 1220 251 LIBROS

141 295 526 349 pseudo-Cyprianus
545 297 592 338 de
611 299 807 351 Baptismo
829 300 1126 349 Haereticorum‚
1151 298 1216 338 sed
1238 298 1398 351 primam
1418 297 1502 349 eius
1520 298 1603 336 ori-

141 360 264 412 ginem
289 369 464 414 repetens
494 377 541 402 ex
565 365 790 417 apocrypha
807 366 914 406 Pauli
947 364 1237 417 praedicatione,
1268 363 1399 403 eadem
1425 361 1604 401 videlicet

130 425 250 477 -cujus
268 427 359 465 olim
384 427 616 467 mentionem
645 430 804 470 fecimus
825 432 862 470 in
885 432 976 471 Exc.
997 431 1062 478 lv,
1083 443 1168 482 pag.
1193 429 1292 479 256,
1321 442 1381 481 sq·
1403 428 1544 479 Utique
1568 437 1605 466 ⁶²

140 490 406 544 undecumque
419 501 503 531 orta
518 493 685 533 innotuit
702 495 815 546 hujus
836 496 924 534 facti
938 495 1120 534 memoria
1133 495 1239 535 Julio
1255 507 1410 546 quoque
1429 492 1607 538 Firmico,

139 569 227 607 pag.
249 562 340 608 407,
357 565 474 606 extr„
492 567 531 597 et
555 559 661 610 apud
679 561 774 599 alios
794 561 924 600 Patres
946 573 1024 598 non
1052 560 1165 598 semel
1187 559 1368 609 tangitur.
1396 559 1439 597 In
1460 565 1603 596 tantum

138 633 231 659 vero
249 622 515 670 convaluerat,
537 632 580 662 ut
600 633 638 663 et
656 624 695 662 in
715 626 896 676 Syrorum
917 624 1107 677 liturgiam
1131 624 1331 671 transiret,
1353 630 1511 662 notante
1531 622 1602 661 Fa·

137 683 260 723 bricio
274 695 360 736 post
375 686 554 726 Grotium
570 702 618 728 ex
633 690 763 729 Severi
780 689 1029 728 Alexandrini
1046 703 1113 728 scu
1127 689 1257 741 potius
1276 686 1504 727 Antiocheni
1521 686 1605 726 fide.

138 749 214 787 Nec
234 749 356 789 Graeci
380 752 610 791 recentiores
632 767 711 792 eam
731 753 972 792 traditionem
1000 754 1320 805 repudiaverunt,
1340 752 1406 803 qui
1430 752 1524 790 festo
1544 751 1607 789 die

137 825 217 863 quo
235 814 377 853 Christi
393 815 599 867 baptismus
615 817 831 856 celebratur
858 819 987 869 (vulgo
1005 817 1049 857 τὰ
1077 818 1242 871 ἐπιφάνια
1260 815 1438 866 vocant),
1455 815 1607 854 decimo

137 877 262 917 adhuc
277 881 414 918 saeculo
428 880 479 918 ita
493 881 691 929 canebant,
708 882 809 933 apud
830 883 1074 935 Porphyrog.
1093 883 1141 921 de
1159 883 1317 929 Caerim.,
1337 880 1402 921 lib.
1418 882 1448 932 l,
1458 894 1543 931 cap.
1560 882 1604 920 3:

140 942 230 995 Πυρὶ
249 942 406 991 Θεότητος
419 944 454 982 ἐν
471 943 625 998 Ἰορδάνῃ
641 945 750 997 φλόγα
765 946 918 985 σὸεννύει
931 949 991 994 τ’ἧς
1010 947 1194 1000 ἁμαρτίας.
1215 946 1269 985 Eo
1287 959 1442 998 quoque
1461 953 1605 996 spectat

139 1010 362 1059 Anonymus
388 1022 520 1047 recens
539 1010 637 1048 inter
655 1010 849 1049 Anecdota
865 1011 1036 1050 Crameri
1057 1011 1307 1058 Parisiensia,
1330 1019 1355 1050 t.
1377 1010 1440 1057 lv,
1457 1023 1496 1060 p.
1513 1009 1606 1056 334,

140 1071 310 1110 versibus
331 1072 499 1112 iambicis
522 1074 755 1126 imperfectis
774 1076 916 1114 Christi
936 1075 1169 1128 baptismum
1190 1076 1241 1114 ita
1261 1074 1458 1114 celebrans
1478 1090 1485 1111 ε

425 1137 661 1192 Φαιδρύνεται
678 1140 740 1191 μὲν
759 1140 907 1184 ὠκεανὸς
923 1140 1123 1195 φωσφόρος,

426 1201 689 1256 Ἰορδοίνης[τῷ]
704 1204 865 1257 Δεσπότῃ
886 1205 1101 1258 λελουμένῳ,

426 1265 492 1310 Ὃς
511 1268 639 1321 φαιδρὰ
659 1270 792 1319 μᾶλλον
812 1269 870 1308 καὶ
887 1268 931 1307 τὰ
948 1272 1064 1323 ῥεῖθρα
1084 1269 1252 1318 δεικνύει,

424 1331 495 1370 Καὶ
511 1332 636 1376 κάλλος
650 1332 822 1380 ἐντίθησιν
833 1363 843 1380 ,
859 1333 898 1372 οὗ
912 1332 978 1386 γὰρ
995 1332 1170 1385 λαμὸοίνει
1182 1346 1193 1356 ·

426 1397 585 1439 Κάλλους
603 1396 721 1449 πατὴρ
739 1396 890 1448 πέφυκε,
911 1397 1025 1449 βλύζει
1043 1401 1114 1451 φῶς
1128 1398 1216 1442 ὅλος.

138 1462 212 1503 Ubi
235 1461 339 1500 vides
357 1460 674 1500 illuminationem
700 1461 866 1501 fluminis
884 1476 1041 1514 prorsus
1061 1464 1115 1501 illi
1134 1463 1294 1502 similem
1313 1476 1398 1514 quae
1415 1477 1436 1502 a
1456 1464 1610 1504 Justino

135 1537 174 1566 et
200 1526 419 1578 Epiphanio
435 1535 630 1579 narratur;
656 1534 694 1564 et
714 1526 803 1564 inde
823 1527 994 1565 fortassis
1013 1528 1122 1580 origo
1139 1528 1326 1566 luminum
1349 1528 1445 1566 sesto
1464 1528 1531 1567 illo
1548 1529 1611 1567 die

139 1590 295 1630 accendi
311 1591 528 1640 solitorum,
549 1605 569 1629 a
590 1591 729 1642 quibus
751 1591 833 1630 dies
853 1593 934 1643 ipse
954 1592 1078 1631 dictus
1097 1601 1151 1631 est
1171 1595 1192 1641 ἡ
1214 1594 1314 1646 ἑορτὴ
1330 1594 1400 1631 τῶν
1416 1591 1555 1647 φώτων.

189 1656 282 1704 Quis
310 1669 404 1695 vero
431 1655 584 1697 dubitet
611 1657 677 1696 illo
709 1656 889 1696 incendio
910 1657 1071 1696 multum
1095 1657 1244 1710 gavisos
1265 1657 1381 1698 fuisse
1408 1658 1610 1697 haereticos

134 1733 250 1773 supra
271 1721 424 1769 citatos,
440 1730 616 1772 tanquam
643 1720 823 1759 illabente
848 1730 929 1760 tum
954 1723 1108 1761 demum
1126 1722 1165 1760 in
1185 1723 1321 1762 Jesum
1344 1736 1464 1774 aquas
1483 1724 1609 1774 ingre-

135 1787 301 1825 dientem
322 1786 509 1837 simulque
529 1787 566 1824 in
593 1787 718 1838 ipsum
745 1786 899 1825 fluvium
920 1787 1226 1838 supervenientis
1255 1787 1395 1826 ardore
1414 1788 1612 1826 numinis?

133 1851 280 1892 Scimus
311 1851 425 1890 etiam
457 1852 574 1890 fuisse
609 1851 675 1902 qui
710 1851 800 1889 illuc
833 1851 1033 1890 traherent
1060 1853 1221 1891 Joannis
1253 1853 1435 1903 Baptistae
1466 1852 1585 1892 verba
1599 1882 1612 1901 ‚

139 1916 364 1967 Mattli.cap.
389 1924 409 1956 3
422 1945 432 1963 ,
454 1929 492 1955 v.
510 1930 532 1954 .ι
545 1930 558 1953 ι
581 1929 590 1955 :
609 1933 624 1950 α
644 1917 724 1966 Ego
748 1916 903 1967 quidem
920 1915 1077 1968 baptizo
1094 1930 1162 1954 vos
1186 1916 1225 1955 in
1252 1930 1370 1968 aqua.
1385 1946 1396 1956 .
1414 1946 1423 1957 .
1439 1917 1523 1969 ipse
1542 1930 1610 1955 vos

137 2000 152 2015 ο·
169 1980 377 2033 baptizabit
399 1981 437 2019 in
454 1980 601 2031 Spiritu
623 1988 754 2018 saneto
774 1988 812 2019 et
831 1980 909 2031 igni
926 1998 951 2019 υ.
973 1982 1097 2032 Atque
1116 1981 1216 2019 illius
1239 1979 1417 2033 baptismi
1436 1994 1505 2033 per
1518 1982 1607 2033 Spi-

140 2046 253 2085 ritum
270 2055 308 2084 et
325 2046 448 2097 ignem
467 2046 650 2096 primitias
670 2041 814 2085 iu'Jesu
836 2046 920 2097 ipso
942 2045 1477 2100 monstrare-volebantdicet
1499 2047 1608 2084 divus

139 2113 293 2158 Petrus,
320 2111 359 2149 in
379 2115 464 2150 Act.
485 2111 638 2162 Apost.,
667 2124 750 2161 cap.
777 2124 839 2158 11,
862 2124 894 2147 ν.
921 2110 979 2159 ι5,
997 2124 1071 2162 sq„
1093 2111 1201 2162 longe
1221 2111 1333 2149 aliter
1350 2111 1452 2149 hune
1481 2111 1607 2149 locum

140 2177 412 2228 interpretetur
432 2175 480 2213 de
504 2175 648 2226 Spiritu
678 2184 809 2213 sancto
838 2176 873 2212 in
907 2175 1116 2227 discipulos
1144 2177 1294 2228 illapso.
1320 2177 1393 2216 Sed
1425 2177 1499 2228 ipsi
1530 2190 1607 2215 suae

139 2240 334 2280 sententiae
364 2248 508 2278 tantum
547 2239 768 2287 instabant,
803 2248 845 2278 ut
876 2239 1068 2291 baptisma
1093 2240 1174 2278 sine
1204 2241 1292 2292 igne
1332 2241 1605 2279 contenderent

138 2322 154 2338 ιι
172 2304 385 2342 mutilatum
405 2317 485 2342 esse
504 2311 542 2342 et
554 2303 793 2342 decurtatum
808 2321 836 2353 υ,
858 2304 1042 2356 Cyprian.
1066 2304 1137 2343 loc.
1156 2318 1271 2357 supra
1289 2305 1352 2345 cit.
1372 2306 1497 2356 Atque
1517 2304 1607 2343 inde

138 2368 185 2406 ad
200 2369 384 2406 solemnes
399 2367 578 2419 baptismi
595 2368 691 2406 ritus
709 2368 933 2419 adjecerunt
948 2369 1046 2419 ignis
1061 2381 1192 2418 usum;
1208 2368 1362 2419 quidam
1379 2368 1492 2406 etiam
1515 2381 1605 2406 cor·-
1623 2396 1631 2407 .

140 2447 230 2485 pora
251 2433 457 2485 perignem
480 2432 744 2479 traducentes,
770 2433 874 2483 qnod
896 2432 942 2471 de
963 2433 1165 2471 Valentino
1181 2433 1296 2471 tradit
1315 2432 1602 2471 Tertullianus:

294 2499 356 2537 Bis
375 2498 506 2536 docuit
520 2498 613 2549 tingi
634 2498 810 2536 traducto
827 2512 990 2550 corpore
1007 2499 1169 2539 flamma.

139 2563 301 2602 Multum
326 2563 398 2601 hoc
424 2563 554 2601 differt
576 2577 598 2601 a
624 2563 892 2614 sphragidibus
908 2577 972 2602 seu
1004 2564 1105 2604 notis
1134 2563 1304 2602 cauterio
1324 2563 1477 2610 inustis,
1505 2576 1600 2613 qua-

139 2640 224 2665 rum
245 2640 353 2665 usum
383 2628 420 2664 in
449 2626 634 2677 baptismo
663 2627 764 2678 apud
796 2628 934 2666 multos
955 2628 1174 2674 haereticos,
1199 2628 1327 2666 forsan
1352 2636 1390 2665 et
1415 2627 1599 2678 quosdam

137 2691 394 2738 orthodoxos,
412 2691 479 2728 diu
499 2700 686 2728 servatum
696 2691 872 2729 ostendit
892 2691 1085 2730 Fabricius
1099 2721 1110 2739 ‚
1132 2692 1228 2731 ssibl.
1254 2706 1325 2743 gr„
1348 2701 1376 2732 t.
1399 2693 1437 2739 l,
1455 2706 1491 2744 p.
1514 2704 1599 2738 271,

136 2757 196 2795 ed.
225 2757 369 2794 nan-les.
403 2757 477 2795 Nec
501 2755 617 2806 magis
642 2764 700 2794 cst
727 2769 812 2794 cum
843 2756 1031 2795 Valentini
1067 2758 1140 2796 ritu
1168 2756 1440 2795 confundenda
1467 2755 1598 2794 libatio

136 2834 243 2871 aquae
271 2822 309 2858 in
333 2821 477 2871 ignem,
504 2820 611 2869 cujus
638 2820 867 2858 mentionem
890 2821 977 2859 facit
997 2821 1094 2860 idem
1123 2830 1250 2859 noster
1271 2821 1481 2872 Sibyllista,
1501 2819 1598 2857 libro

141 2885 230 2934 Vll,
254 2899 288 2925 v.
308 2887 352 2922 81
375 2899 383 2922 ι
