1686 3500
128 178 221 224 538
509 175 589 220 AD
622 175 971 222 SIBYLLINOS
1004 175 1215 222 LIBROS

127 276 226 313 rium
244 273 519 325 Sibyllinorum
539 272 724 312 librorum
749 273 763 311 Ι
783 282 822 312 et
841 274 892 322 11,
913 273 1070 326 Origeni
1087 284 1292 324 supparem
1318 280 1429 311 aetate
1445 286 1503 321 ac,
1522 274 1592 313 nisi

127 338 286 377 multum
308 338 487 386 fallimur,
509 351 555 376 ex
574 337 656 390 ejus
688 337 819 376 schola
855 338 1083 390 profectum.

151 399 157 405 “
177 403 244 441 lsti
274 411 399 441 tamen
419 414 586 450 errores,
615 402 706 440 licet
723 415 793 453 per
811 415 852 440 se
881 414 1013 453 graves
1037 399 1265 450 minimeque
1289 398 1457 444 serendi,
1477 402 1592 452 sopiti

125 466 287 505 sortasse
305 465 607 517 jacuissentcum
619 474 676 504 tot
691 465 775 504 aliis
791 467 1060 518 primaevorum
1074 465 1250 511 Patrum,
1269 464 1477 515 praesertinn
1492 465 1596 503 Grae-

123 545 255 570 corum
270 559 280 577 ‚
299 531 458 583 privatis
476 530 740 582 opinionibus,
760 530 993 584 imputandis
1007 542 1162 567 suorum
1181 529 1395 580 temporum
1414 529 1595 577 libertati,

123 596 442 648 ignoscendisque
461 609 570 644 sane,
595 596 767 647 quandiu
787 597 835 634 de
852 594 1081 646 gravissimis
1104 593 1294 645 plerisque
1323 595 1597 633 controversiis

90 668 96 674 ’
124 661 292 699 nondum
312 660 521 712 quidquam
540 659 590 698 ab
618 661 782 699 Ecclesia
810 667 989 697 statutum
1016 667 1110 696 erat.
1131 658 1229 696 Male
1254 666 1380 696 autem
1406 672 1491 696 cum
1508 659 1594 697 Ori·

122 738 220 776 gene
236 734 362 764 actum
380 733 436 763 est
455 725 560 776 quod
577 724 636 763 bis
653 724 933 763 recruduerunt
952 722 1034 774 ejus
1050 735 1215 769 errores,
1237 722 1373 774 bisque
1391 722 1596 762 damnandi

123 790 293 837 suerunt,
313 791 498 842 primum,
517 799 560 829 ut
579 791 757 837 diximus,
783 789 852 827 sub
872 790 999 840 quarti
1016 789 1143 827 saeculi
1162 789 1289 835 (inem,
1315 797 1392 826 tum
1416 801 1535 839 quum
1557 790 1596 826 in

104 855 383 893 —Alexandrina
400 855 548 906 synodo
568 854 761 906 reprobati
784 862 893 901 sunt3
915 854 1052 892 deinde
1074 862 1182 890 sexto
1198 853 1352 900 saecuio,
1370 861 1451 890 tum
1476 865 1595 903 quum

121 919 596 970 Justinianusimperator,
613 927 766 970 arrepta
798 917 973 969 cupidius
1004 918 1164 956 sortasse
1191 930 1306 969 quam
1335 916 1464 955 decuit
1492 917 1598 954 theo-

122 983 237 1035 logici
269 984 489 1022 certaminis
508 983 728 1032 occasione,
751 983 956 1021 concilium
975 983 1008 1021 11
1030 981 1499 1034 Constantinopolitanum
1523 981 1594 1019 ad-

122 1060 255 1086 versus
280 1048 482 1100 Origenem
501 1048 660 1099 ejusque
676 1048 834 1086 assectas
852 1047 1058 1085 concitavit
1080 1047 1318 1085 severissima
1338 1045 1514 1097 epistola,
1542 1045 1598 1083 le-

123 1112 264 1163 genda,
281 1113 311 1151 si
332 1112 393 1150 cui
411 1121 531 1160 vacat,
547 1111 651 1163 apud
669 1111 906 1161 Cedrenum,
924 1124 1010 1163 pag.
1026 1111 1120 1159 660,
1136 1124 1234 1162 sqq„
1252 1110 1312 1149 ed.
1333 1113 1473 1160 Bonn.,
1488 1110 1597 1161 cujus

123 1186 291 1215 extrema
311 1185 398 1214 sunt
418 1190 427 1213 ι
445 1175 511 1214 Διὰ
524 1179 635 1213 ταῦτα
653 1178 776 1226 γοῦν...
794 1176 1035 1229 προτρέπομεν
1051 1175 1126 1219 τοὺς
1142 1174 1350 1218 ὁσιωτάτους
1369 1176 1501 1226 ὑμᾶς...
1523 1176 1599 1213 ἐπι-

123 1241 235 1292 μελῶς
258 1241 413 1292 ἐντυχεῖν
431 1242 474 1291 τῇ
495 1238 758 1293 ὑποτεταγμένῃ
775 1240 927 1285 ἐκθέσει,
947 1241 1005 1279 καὶ
1022 1239 1166 1280 ἕκαστον
1186 1241 1254 1279 τῶν
1275 1241 1379 1279 αὐτοῦ
1399 1239 1596 1293 κεφαλαίων

120 1304 325 1358 κατακρῐναί
342 1320 380 1344 τε
398 1304 457 1343 καὶ
476 1304 728 1356 ἀναθεματίσαι
756 1303 845 1356 μετὰ
869 1307 930 1344 τοῦ
957 1305 1142 1349 δυσσεὸοῧς
1162 1304 1360 1358 Ὠριγένους
1379 1305 1439 1344 καὶ
1457 1304 1597 1343 πάντων

119 1372 188 1408 τῶν
211 1373 355 1409 τοιαῦτα
375 1368 589 1424 φρονούντων
609 1369 631 1417 ἢ
652 1370 894 1422 φρονησόντων
912 1371 959 1414 εἶς
977 1370 1086 1413 τέλος.
1105 1367 1269 1408 ’ΈκΟεσιν
1291 1380 1405 1409 vocat
1423 1384 1597 1409 errorum

118 1444 315 1487 syntagma
332 1448 429 1487 quos
460 1435 617 1486 Origeni
645 1434 827 1483 ascribit,
856 1448 1030 1486 quosque
1053 1447 1187 1473 omnes
1219 1444 1464 1474 enumeratos
1484 1450 1600 1487 repe-

119 1500 195 1539 rias
214 1501 251 1538 in
272 1500 442 1552 ejusdem
468 1500 658 1552 principis
678 1500 838 1551 epistola
867 1500 916 1538 ad
941 1500 1092 1539 Menam
1122 1500 1404 1551 patriarcham,
1431 1501 1497 1538 ubi
1515 1510 1601 1552 post

119 1565 214 1603 alios
237 1564 575 1603 anathematismos
609 1564 673 1603 hic
698 1573 890 1603 extremus
921 1564 1074 1603 additus
1099 1574 1180 1602 est:
1208 1564 1256 1603 Et
1283 1580 1334 1609 τις
1359 1563 1454 1616 λέγει
1473 1564 1496 1611 ἣ
1527 1565 1599 1618 ἔχει

118 1629 326 1683 πρόσκαιρον
346 1622 433 1668 εἶναι
450 1629 514 1677 τὴν
535 1631 605 1668 τῶν
626 1629 799 1680 δαιμόνων
812 1629 873 1668 καὶ
891 1629 1027 1668 ἀσεῧῶν
1041 1629 1231 1682 ἀνθρώπων
1248 1628 1404 1677 κόλασιν,
1422 1629 1481 1667 καὶ
1501 1628 1598 1674 τέλος

87 1728 90 1732 .
119 1693 208 1732 κατά
237 1709 314 1732 τινα
340 1692 463 1747 χρόνον
497 1693 604 1740 αὐτὴν
644 1692 753 1742 ἕξειν,
784 1693 890 1746 ἤγουν
921 1693 1204 1733 ἀποκατάστασιν
1236 1693 1397 1745 γενέσθαι
1426 1694 1597 1744 δαιμόνων

118 1757 141 1806 ἢ
171 1757 306 1796 ἀσεὸῶν
339 1757 552 1812 ἀνθρώπων,
571 1756 729 1810 ἀνάθεμα
747 1757 850 1798 ἔστω.
883 1757 994 1797 Unde
1015 1757 1146 1796 mirari
1174 1758 1278 1796 subit
1305 1758 1598 1809 epitomatorem

117 1817 392 1874 Sibyllinorum
410 1822 598 1861 librorum
617 1823 632 1862 1
653 1832 691 1861 et
706 1823 742 1862 11
758 1823 830 1862 sub
846 1823 1064 1862 Justiuiano
1083 1823 1288 1872 viventem,
1304 1837 1422 1875 quum
1443 1824 1562 1862 multa
1578 1837 1600 1862 e

119 1887 287 1925 secundo
321 1887 420 1926 libro
439 1888 643 1937 recideret,
673 1887 748 1926 hoc
771 1888 819 1926 de
840 1887 1030 1926 damnatis
1061 1887 1268 1927 liberandis
1303 1888 1487 1926 intactum
1508 1888 1599 1926 reli-

119 1951 263 2002 quisse,
280 1951 352 1990 nisi
371 1951 450 2004 ipse
470 1966 624 2004 quoque
642 1952 823 1991 immunis
839 1965 917 1990 non
937 1952 1010 1990 suit
1022 1952 1071 1991 ab
1092 1953 1334 2003 Origenianis
1349 1952 1605 2005 opinionibus.

121 2025 200 2054 tum
225 2017 409 2068 temporis
429 2017 759 2055 reviviscentibus.
1201 2011 1217 2026 ²

172 2081 371 2120 Posterior
398 2095 490 2120 vero
510 2081 689 2120 librarius
719 2081 876 2133 aliquiS,
897 2081 1015 2133 magis
1035 2081 1252 2120 orthodoxa
1280 2082 1470 2130 sentiens,
1501 2081 1605 2120 adeo.

119 2144 333 2183 doctrinam
351 2145 451 2183 illam
473 2146 714 2197 perhorruit,
736 2154 777 2184 ut
799 2153 887 2197 post
906 2145 1046 2184 librum
1068 2147 1115 2193 11,
1135 2145 1336 2200 ἀντίρῤησιν
1357 2145 1404 2184 ad
1422 2146 1526 2185 hunc
1545 2147 1602 2184 lo-

119 2223 207 2248 cum
226 2211 461 2262 appinxerit‚
481 2210 590 2262 cujus
608 2210 726 2249 verba
760 2211 927 2262 primum
948 2210 997 2249 ab
1025 2213 1222 2263 Opsopoeo
1250 2224 1296 2250 ex
1327 2211 1462 2250 codice
1488 2211 1597 2262 regio

119 2284 228 2313 eruta
256 2275 377 2313 iucem
406 2275 583 2313 viderunt
610 2276 650 2313 in
671 2275 862 2326 Sibyllina
892 2275 975 2326 ejus
996 2276 1245 2324 collectione3
1275 2276 1379 2313 edita
1408 2274 1548 2313 deinde
1578 2289 1600 2313 a.

119 2339 310 2377 Cotelerio
336 2339 389 2393 ad¹
404 2339 525 2379 Clein.
548 2341 682 2387 Rom.;
707 2339 798 2378 item
820 2353 842 2377 a
865 2339 1065 2387 Fabricio,
1085 2340 1187 2380 Bibl.
1206 2354 1265 2392 gr.
1284 2340 1355 2380 lib.
1377 2341 1408 2387 1,
1430 2354 1513 2391 cap.
1536 2341 1601 2383 32,

121 2403 280 2455 aliisque
298 2405 459 2455 passim,
480 2413 518 2443 et
537 2405 650 2444 nobis
670 2405 762 2456 ipsis
778 2405 850 2443 sub
870 2405 982 2443 finem
999 2405 1158 2452 librili,
1179 2406 1217 2444 in
1237 2406 1342 2444 bunc
1359 2405 1515 2444 modum
1538 2420 1546 2443 :

277 2470 403 2516 Ψευδῆ
418 2471 623 2522 προφανῶς·
649 2468 805 2522 οὐδὲγὰρ
823 2469 920 2516 λήξει
936 2469 1020 2508 ποτὲ

278 2533 332 2572 Τὸ
349 2536 418 2586 π’ὖρ
437 2533 582 2579 κολάζον
601 2532 680 2578 τοὺς
700 2533 1029 2587 κατακεκριμένους.

279 2596 388 2648 Κάγὼ
400 2597 466 2651 γὰρ
488 2598 529 2636 ἂν
545 2598 682 2650 εὕξαιμι
701 2602 782 2638 τοῦθ
797 2602 806 2617 ’
826 2598 933 2643 οὕτως
949 2599 1042 2651 ἔχειν
1057 2630 1068 2648 ,

278 2662 410 2706 Οὖλαῖς
427 2662 605 2713 μεγίσταις
625 2663 840 2715 σφαλμάτων
861 2661 1076 2714 ἐστιγμένος,

281 2725 328 2764 At
344 2726 495 2776 μείζονος
509 2726 676 2779 χρῄζουσι
695 2726 967 2779 φιλανθρωπίας.

281 2789 371 2829 Ἀλλ’
386 2791 601 2844 αἰσχυνέσθω
616 2792 803 2844 φληναφῶν
823 2790 929 2845 Ὠριγ
937 2790 1032 2839 ἔνης,

282 2853 397 2906 Πέρας
410 2853 570 2904 γενέσθαι
586 2857 654 2893 τῶν
671 2855 847 2894 κολάσεων
868 2854 991 2905 λέγων.
