1686 3500
130 229 222 275 360
509 227 588 271 AD
621 225 963 271 SIBYLLINOS
996 223 1207 269 LIBROS

126 338 210 364 rum
242 324 446 377 implorare
471 322 729 376 cogebantur3
764 323 895 361 confer
924 319 1099 361 machab.
1120 319 1186 358 lib.
1220 320 1257 367 1,
1282 328 1366 370 cap.
1392 320 1428 358 8.
1455 321 1585 372 ltaque

125 390 229 428 nulla
246 389 382 428 idonea
395 397 477 427 erat
489 401 617 436 causa,
636 401 705 426 cur
720 389 855 427 Noster
869 393 923 423 tot
943 397 1072 422 versus
1086 396 1162 421 non
1176 383 1223 421 de
1237 383 1283 421 iis
1298 381 1427 426 modo,
1448 383 1512 420 sed
1527 385 1586 421 ad·

88 484 95 491 .
127 467 259 492 versus
273 466 359 501 eos,
377 452 509 491 saltem
526 451 574 490 de
595 451 731 490 suturis
747 462 879 488 eorum
900 447 1132 494 infortuniis,
1150 445 1417 484 conscriberet.

175 519 255 556 Hoc
268 530 422 568 quoque
437 525 608 554 notatum
625 515 797 561 velimus,
813 525 925 564 quam
945 512 1116 550 diversus
1127 511 1175 548 de
1191 510 1368 550 Romanis
1383 521 1507 547 sermo
1524 510 1587 548 fiat

124 594 197 634 pro
218 581 376 620 diversis
403 581 515 630 hujus
544 580 631 619 libri
654 578 839 630 partibus.
872 577 966 617 Nam
995 576 1032 613 in
1060 574 1236 629 secunda
1256 582 1294 612 et
1328 583 1461 624 quarta
1480 582 1586 624 parte

125 645 290 684 extemis
312 645 436 684 adhuc
464 653 501 684 et
519 643 691 683 barbaris
716 642 886 695 populis,
917 649 1097 693 tanquam
1117 652 1251 678 recens
1270 638 1437 689 cogniti,
1471 650 1586 675 annu-

126 716 333 756 merantur,
355 717 397 747 ut
415 722 453 747 v.
474 709 562 759 597,
584 721 641 758 sq.
661 721 670 745 ι

333 766 404 812 Οἷά
421 787 458 810 τε
471 771 645 820 Φοίνικες,
665 768 869 822 Αἰγύπτιοι,
889 768 949 815 ἠδὲ
968 769 1126 816 Λατῖνοι,

331 835 461 880 Ἑλλάς
477 838 509 874 τ’
523 834 703 889 εὖρύχορος
714 863 724 882 ,
739 833 799 873 καὶ
814 835 929 872 ἄλλων
948 833 1044 871 ἔθνεα
1063 831 1187 880 πολλοί,

123 911 162 941 et
181 915 218 940 v.
237 903 334 941 520:

331 964 487 1012 Ἕλλησι
507 963 537 1002 δ’
557 962 685 1002 ὁπόταν
707 961 973 1016 πολυὸἄρὸαρον
989 960 1082 1006 ἔθνος
1102 959 1249 1012 ἐπέλθῃ,

125 1040 219 1071 etv.
241 1031 334 1081 638,
357 1043 439 1081 sq.:

802 1090 872 1130 Καὶ
894 1089 1065 1144 βάρὸαρος
1083 1090 1174 1143 ἀρχὴ

261 1201 264 1205 ,
329 1158 487 1198 ιἹίλλοίδα
505 1156 661 1210 πορθήσῃ
678 1161 804 1194 πᾶσαν.

124 1225 172 1263 At
188 1224 226 1262 in
242 1223 351 1262 tertia
377 1230 486 1273 parte
504 1221 648 1270 Roma,
669 1220 747 1259 sive
763 1220 884 1268 ltalia,
904 1227 1083 1270 tanquam
1100 1220 1178 1268 jam
1198 1219 1239 1257 in
1258 1217 1353 1256 orbe
1379 1217 1588 1262 dominans,

124 1290 204 1328 sola
223 1289 301 1326 sere
317 1287 468 1325 videtur
484 1286 612 1325 animo
626 1284 830 1325 scribentis
855 1283 1065 1323 obversari.
1085 1285 1272 1323 Praeterea
1292 1283 1331 1321 in
1351 1282 1483 1320 ceteris
1507 1295 1587 1333 par·

124 1353 228 1392 tibus
251 1351 465 1404 respublica
501 1351 729 1398 Quiritium,
760 1349 880 1387 libera
907 1357 945 1387 et
965 1349 1041 1388 suis
1073 1361 1247 1399 compos,
1283 1361 1304 1386 a
1329 1347 1529 1398 multiplici
1553 1356 1588 1386 et

124 1416 301 1456 dealbato
319 1416 502 1466 consilio,
520 1415 558 1453 id
573 1423 642 1464 est,
663 1428 684 1452 a
703 1423 834 1453 senatu
854 1427 922 1452 suo
942 1414 1099 1464 regitur,
1121 1427 1157 1452 v.
1179 1414 1273 1463 175,
1294 1426 1352 1464 sq.
1371 1426 1380 1449 ε

332 1479 451 1533 Αὐτὰρ
468 1479 574 1518 ἔπειτ’
591 1480 698 1526 ἄλλης
718 1478 918 1531 βασιληΐδος
934 1476 1073 1518 ἔσσεται
1088 1476 1179 1531 ἀρχὴ

332 1546 449 1591 Λευκὴ
468 1544 526 1583 καὶ
545 1543 769 1596 πολύκρανος.

123 1612 166 1651 ln
188 1611 297 1649 tertia
312 1618 438 1647 autem
456 1617 565 1660 parte
583 1608 631 1647 de
648 1607 825 1646 civilibus
845 1607 986 1659 ubique
1002 1606 1125 1653 bellis,
1143 1606 1190 1644 de
1206 1604 1414 1644 ambitione
1435 1603 1590 1649 ducum,

126 1688 169 1713 ac
197 1673 245 1713 de
263 1673 412 1712 divulsa
431 1673 531 1710 inter
553 1673 710 1710 aemulos
738 1685 884 1710 summa
907 1680 1093 1723 potestate
1113 1671 1257 1722 agitur,
1280 1683 1318 1709 v.
1343 1670 1433 1720 356,
1456 1682 1564 1720 sqq.:

333 1729 386 1775 τΩ
405 1736 553 1788 χλιδανὴ
573 1735 723 1789 ζάχρυσε
742 1736 922 1780 Λατινίδος
939 1735 1056 1787 ἔκγονε
1072 1734 1214 1786 Ῥώμης

335 1800 502 1854 Παρθένε,
521 1800 672 1839 πολλάκι
689 1806 780 1839 σοῖσι
797 1799 1071 1852 πολυμνήστοισι
1090 1800 1253 1851 γάμοισιν

334 1867 527 1906 Οἷνωθεῖσα
547 1865 665 1919 λάτρις
684 1865 894 1919 νυμφεύσεαι
913 1866 975 1904 οὐκ
991 1865 1040 1904 ἐνὶ
1060 1865 1192 1916 κόσμῳ.

125 1932 172 1971 Et
193 1944 232 1971 v.
253 1937 343 1978 (0¹²,
362 1942 443 1982 sq.2

336 1994 503 2038 Αἰνεάδας
521 2009 560 2045 γε
576 1992 687 2037 διδοὺς
705 1993 926 2046 αὐτόχθονας,
945 1994 1078 2045 ἐγγενὲς
1094 1987 1195 2044 αἷμα,

338 2056 441 2098 Ἀλλὰ
458 2058 518 2096 καὶ
534 2051 629 2101 αὖθις
648 2057 739 2111 ἕλωρ
758 2058 814 2097 ἐπὶ
831 2057 1061 2112 ἀνθρώποισιν
1081 2058 1250 2114 ἐρασταῖς.

129 2125 178 2164 Ει
197 2137 234 2165 ν.
258 2124 348 2171 464,
371 2136 454 2174 sqq.
473 2135 484 2162 ε

335 2187 468 2235 Ἰταλίη
487 2203 540 2227 σοι
556 2189 586 2226 δ’
599 2189 689 2232 οὔτις
707 2188 791 2241 ἅρης
814 2187 991 2242 ἀλλότριος
1010 2186 1103 2236 ἥξει,

342 2252 434 2293 Ἀλλ’
448 2253 609 2306 ἐμφύλιον
631 2247 738 2305 αἷμα,
756 2268 790 2291 κ.
806 2268 839 2294 τ.
857 2253 891 2291 λ.

125 2320 210 2359 Non
229 2332 318 2358 sane
342 2319 396 2357 sic
410 2317 717 2357 Machabaeorum
737 2317 823 2356 loco
839 2330 956 2368 supra
977 2316 1094 2354 citato
1109 2345 1119 2363 ,
1153 2315 1217 2354 ubi
1241 2316 1365 2355 civilia
1386 2315 1518 2355 Romae
1537 2315 1593 2352 in-

128 2385 261 2423 stituta
282 2397 522 2436 summopere
538 2383 757 2422 laudantur.
780 2384 857 2423 Nec
881 2391 1025 2421 tantum
1065 2381 1277 2422 tribuemus
1296 2381 1520 2433 Sibyllistae,
1543 2387 1593 2425 ut,

131 2448 400 2488 philometoris
422 2457 614 2500 tempore,
634 2456 814 2499 tanquam
836 2446 1019 2498 Polybius
1039 2446 1176 2496 aliquis
1193 2454 1258 2483 aut
1274 2445 1474 2497 plusquam
1490 2443 1596 2494 Poly*

131 2516 238 2565 bius,
253 2515 353 2554 bella
383 2516 509 2554 civilia
527 2516 751 2567 praesentire
768 2516 935 2566 potuerit
947 2542 956 2559 ,
972 2513 1110 2565 quibus
1127 2527 1205 2551 uno
1228 2522 1315 2564 post
1337 2512 1476 2551 saeculo
1503 2524 1596 2549 rem-

133 2579 323 2632 publicam
354 2581 561 2619 Romanam
579 2580 738 2618 distrahi
756 2580 868 2618 fatale
887 2588 982 2619 erat.
1004 2579 1071 2616 nis
1101 2577 1278 2616 omnibus
1311 2577 1539 2621 inducimur,
1557 2583 1596 2612 ut

137 2657 261 2696 prope
279 2653 384 2682 certo
401 2645 631 2682 affirmemus
644 2657 721 2682 non
742 2643 910 2695 potuisse
933 2642 1014 2679 haec
1040 2655 1061 2679 a
1090 2642 1226 2680 Nostro
1255 2640 1368 2679 scribi
1389 2650 1474 2678 ante
1490 2637 1595 2680 Marii

138 2708 271 2747 saltem
291 2722 333 2746 ac
350 2708 476 2759 Syllae,
492 2709 551 2746 vel
574 2708 730 2746 Caesaris
746 2721 790 2746 ac
810 2706 984 2757 Pompeii
1006 2715 1192 2756 tempora.

195 2771 296 2810 Illud
319 2772 443 2822 ipsum
473 2771 521 2810 de
549 2772 644 2809 Asiae
669 2771 808 2822 opibus
826 2771 967 2808 avectis
989 2770 1080 2808 olim
1101 2770 1137 2807 in
1160 2769 1305 2808 ltaliam
1331 2780 1535 2818 rursusque
1563 2767 1597 2801 in

141 2836 266 2875 Asiam
289 2837 528 2887 revehendis,
552 2850 587 2874 v.
613 2836 804 2883 350-355‚
824 2835 929 2887 quod
955 2835 1064 2873 facile
1096 2834 1249 2885 quidem
1276 2835 1360 2885 capi
1383 2840 1506 2885 posset
1530 2828 1597 2868 sub

144 2909 312 2940 extrema
337 2900 553 2953 reipublicae
574 2909 745 2952 tempora
763 2901 887 2952 primo
911 2909 998 2938 ante
1021 2899 1217 2938 Christum
1237 2899 1376 2937 saeculo
1398 2906 1461 2935 aut
1488 2895 1602 2933 ctiam
