1686 3500
157 192 248 235 474
538 190 620 234 AD
654 189 1001 235 SIBYLLlNOS
1036 186 1242 231 LIBROS

156 297 276 339 ptum.
304 288 431 334 Quare
455 299 573 337 quum
596 287 750 326 minime
781 287 941 326 dubium
959 286 1006 324 sit
1025 284 1184 323 multum
1211 283 1396 334 ejuda'ica
1418 285 1621 326 traditione

155 353 193 388 in
214 351 394 402 primaeva
417 350 584 389 Ecclesia
602 352 843 398 remansisse,
865 351 896 390 si
917 363 993 388 rem
1024 357 1138 386 totam
1155 361 1177 385 a
1202 347 1415 399 primordio
1435 347 1622 389 deducere

120 453 127 461 ,
154 415 333 461 velimus,
358 427 509 453 necesse
543 423 599 453 est
637 424 696 461 ut,
726 415 936 454 intermissa
971 413 1167 464 paulisper
1202 411 1400 450 christiani
1435 412 1622 463 dogmatis

150 478 414 529 expositione,
432 478 576 529 aliquid
603 478 650 517 de
670 479 805 518 M‹·ssia
819 478 1042 519 Judaeorum
1056 504 1065 522 ,
1088 476 1211 526 qualis
1227 488 1248 514 e
1265 474 1464 526 Sibyllinis
1485 478 1622 516 nostris

152 540 261 580 libris
280 543 456 592 cognosci
476 551 625 593 potest,
645 544 895 594 inquiramus.

439 800 551 839 CAP.
568 799 665 838 Vlll.
689 802 749 836 De
772 799 917 836 Messia
939 799 1136 836 secuudum
1167 798 1332 835 ludam.

203 927 258 966 De
278 926 410 966 Messia
442 935 559 965 totam
589 927 810 966 Judaeorum
833 926 1173 974 existimationem,
1202 925 1326 976 qualis
1347 934 1428 964 erat
1451 927 1620 965 seeundo

147 1000 237 1028 ante
265 991 457 1029 Christum
491 992 650 1038 saeculo,
681 991 718 1028 in
748 998 856 1042 parte
889 989 1154 1040 antiquissima
1185 989 1485 1041 Sibyllinorum,
1520 990 1620 1028 libro

149 1054 277 1102 tertio,
293 1058 312 1101 S
330 1060 368 1103 l„
388 1054 605 1105 plenissime
627 1054 805 1092 traditam
822 1054 1041 1105 accipimus.
1065 1052 1121 1092 lbi
1142 1054 1258 1099 enim,
1277 1063 1364 1105 post
1382 1054 1561 1093 Antiochi
1583 1056 1618 1093 in

147 1118 352 1170 AEgyptum
382 1119 690 1171 expeditionem,
726 1128 930 1157 monentur
962 1120 1120 1170 gentiles
1150 1127 1191 1157 ut
1218 1120 1325 1157 malis
1353 1120 1431 1157 suis
1455 1119 1581 1158 edocti
1599 1137 1619 1159 a

146 1176 326 1223 salsorum
359 1185 557 1223 numinum
583 1186 688 1223 cultu
721 1185 768 1223 ad
789 1199 923 1223 verum
949 1186 1070 1224 Deum
1099 1193 1388 1233 convertantur,
1417 1184 1496 1233 111,
1529 1185 1620 1234 616,

143 1262 248 1300 sq‹1.;
269 1250 360 1297 624,
382 1262 467 1300 sqq.
490 1249 602 1296 Quod
630 1250 660 1287 si
681 1249 764 1296 fiat,
789 1249 964 1287 liumanae
985 1249 1088 1300 genti
1115 1249 1212 1287 mira
1235 1250 1476 1301 promittitur
1496 1249 1618 1287 felici—

145 1322 222 1362 tas,
250 1313 356 1360 ibid..
384 1313 473 1363 619,
504 1326 589 1364 sqq.
615 1314 681 1352 Sin
706 1313 852 1361 minus,
872 1314 943 1352 Dei
969 1314 1065 1351 ultio
1087 1314 1346 1365 portenditur,
1379 1313 1496 1362 ibid.,
1526 1314 1616 1361 632,

143 1390 263 1427 eaque
283 1377 488 1416 teterrimis
504 1377 700 1416 coloribus
717 1377 985 1427 adumbratur,
1009 1391 1046 1416 v.
1066 1380 1156 1425 633,
1175 1392 1256 1430 sqq.

195 1441 292 1478 Dum
313 1454 406 1480 vero
424 1442 656 1480 calamitates
679 1441 903 1490 horrendae,
926 1451 1066 1494 pesteS,
1086 1442 1343 1481 barbarorum
1368 1442 1616 1490 incursiones,

140 1505 262 1544 caedes
291 1505 512 1557 hominum,
532 1520 712 1559 agrorum
745 1507 977 1546 incultorum
1011 1507 1210 1557 sterilitas,
1234 1507 1333 1545 mala
1355 1507 1483 1545 omnia
1507 1509 1617 1546 terris

140 1570 362 1610 incumbent
378 1573 430 1624 (v.
448 1573 538 1619 633,
557 1574 656 1625 sqq.)
672 1601 683 1620 ,
701 1572 828 1611 veniet
852 1586 917 1611 rex
938 1586 960 1611 a
981 1573 1061 1611 Deo
1081 1573 1216 1610 missus
1231 1572 1278 1609 ‹le
1298 1572 1401 1620 sole,
1420 1572 1457 1609 id
1480 1581 1548 1616 est,
1569 1572 1616 1610 de

139 1635 232 1673 caelo
256 1635 304 1686 (v.
323 1636 414 1685 652,
443 1637 568 1688 sqq.),
588 1637 653 1688 qui
674 1651 749 1675 non
774 1637 850 1675 suis
867 1637 934 1675 sed
962 1637 1033 1676 Dei
1052 1637 1221 1676 consiliis
1239 1635 1340 1675 bella
1367 1636 1613 1687 comprimat,

139 1701 371 1752 populorum
397 1702 498 1740 inter
516 1716 556 1740 se
570 1702 875 1754 depugnantium
901 1703 996 1741 alios
1019 1703 1104 1741 neci
1130 1702 1273 1749 tradat,
1295 1702 1389 1741 alios
1408 1702 1615 1740 foederibus

138 1766 346 1818 conjungat
375 1767 425 1817 (v.
447 1767 552 1819 654),
567 1767 788 1807 Judaeorum
805 1778 955 1818 gentem
970 1768 1138 1820 erigatet
1156 1781 1288 1806 rursus
1304 1767 1482 1806 omnibus
1504 1767 1615 1805 bonis

137 1839 272 1881 ornet,
293 1845 330 1869 v.
355 1832 445 1880 657,
465 1845 547 1884 sqq.

189 1896 265 1934 Nec
285 1904 408 1935 tamen
429 1895 579 1935 interim
598 1897 723 1949 impiae
739 1905 869 1949 gentes
885 1897 1017 1936 deletae
1032 1910 1164 1936 omnes
1182 1897 1323 1936 suerint
1342 1906 1407 1935 aut
1425 1897 1610 1937 subactae:

136 1973 222 1998 nam
255 1974 386 2000 rursus
415 1976 522 2014 reges
547 1963 646 2001 inter
665 1976 729 2009 se,
753 1963 1041 2014 conspiratione
1063 1962 1184 2009 sacta,
1199 1961 1420 2013 junctisque
1441 1960 1588 1999 viribus
1604 1991 1615 2008 ,

135 2033 285 2076 gentem
301 2034 470 2064 sanctam
492 2034 530 2063 et
544 2025 677 2064 urbem
700 2035 737 2063 et
759 2027 942 2077 templum
966 2026 1252 2077 aggredientur,
1269 2040 1305 2066 v.
1327 2028 1415 2072 660,
1439 2040 1520 2078 sqq.
1537 2026 1613 2065 Sed

135 2098 215 2127 tum
243 2090 374 2128 ultima
405 2091 475 2129 Dei
504 2091 777 2142 omnipotentis
800 2091 856 2129 ira
884 2089 1394 2143 exardescet,''ignibusque
1422 2101 1459 2130 et
1484 2092 1612 2129 fulmi-

137 2153 247 2191 nibus
263 2154 300 2192 in
327 2164 459 2206 gentes
483 2156 616 2206 impias
646 2155 825 2207 depluet,
850 2156 964 2194 urbes
992 2170 1123 2194 eorum
1142 2156 1306 2204 delebit,
1325 2170 1490 2207 corpora
1509 2170 1612 2207 spar-

134 2227 198 2269 get
228 2218 419 2271 insepulta
436 2251 446 2267 ,
470 2234 508 2259 v.
530 2221 628 2271 669,
647 2234 732 2272 sqq.

186 2286 284 2324 Tum
313 2285 362 2324 ab
392 2287 496 2325 omni
525 2301 623 2325 nova
653 2287 759 2326 clade
788 2300 922 2326 secura
956 2287 1179 2327 Judaeorum
1214 2289 1371 2327 felicitas
1399 2288 1609 2338 effingitur.

135 2363 169 2386 v.
192 2363 282 2398 702,
305 2364 388 2401 sqq.
417 2352 534 2400 Cujus
559 2352 734 2403 exemplo
761 2351 912 2389 demum
945 2352 1071 2391 edocti
1089 2352 1226 2404 reliqui
1244 2366 1376 2391 omnes
1403 2352 1537 2403 populi
1562 2351 1610 2390 ad

136 2425 262 2451 veram
293 2415 512 2466 religionem
544 2415 753 2463 accedent,
788 2427 823 2454 v.
851 2415 941 2463 715,
959 2430 1044 2468 sqq.
1071 2417 1232 2468 Eritque
1251 2426 1369 2455 status
1391 2417 1453 2455 ille
1482 2430 1611 2454 rerum

135 2476 206 2515 sub
224 2478 360 2517 Messia
382 2490 468 2531 rege
488 2481 641 2518 ultimus
661 2489 774 2530 atque
792 2489 979 2526 aeternus,
1000 2495 1034 2520 v.
1059 2483 1147 2530 766,
1168 2495 1256 2532 sqq.
1283 2495 1290 2518 :

294 2542 364 2581 Καὶ
380 2544 457 2582 τότε
473 2543 504 2582 δ’
523 2543 669 2596 ἐξεγερεῖ
691 2543 874 2596 βασιλήϊον
891 2545 938 2588 εἰς
956 2546 1083 2588 αἰῶνας

295 2606 432 2651 Πάντας
451 2608 506 2645 ἐπ’
522 2607 742 2660 ἀνθρώπους,
758 2624 791 2646 κ.
812 2625 842 2647 τ.
864 2610 896 2647 λ.

126 2681 131 2685 ·
186 2671 310 2709 Porro
342 2671 484 2710 nullam
505 2672 544 2710 in
575 2673 632 2710 his
664 2672 1029 2724 reperimusjudicii
1059 2675 1249 2726 supremi,
1278 2672 1391 2726 quale
1410 2674 1565 2725 quidem
1586 2687 1608 2712 a

132 2733 243 2773 nobis
260 2744 518 2786 exspectatur,
538 2737 792 2782 mentionem3
811 2745 959 2775 aeternae
977 2751 1066 2776 vero
1088 2747 1195 2776 extra
1223 2739 1324 2778 hunc
1346 2738 1531 2777 mundum
1554 2739 1588 2776 se

132 2799 284 2838 licitatis
308 2809 374 2839 aut
405 2809 631 2839 aeternarum
664 2801 699 2838 in
727 2800 859 2838 inseris
895 2815 1120 2853 poenarum,
1148 2816 1196 2841 ne
1228 2803 1400 2841 umbram
1433 2802 1603 2854 quidem.

131 2865 267 2905 Omnia
289 2866 456 2906 terrestri
477 2865 643 2917 quodam
662 2875 697 2905 ct
720 2879 906 2917 corporeo
932 2880 1057 2905 rerum
1080 2867 1227 2907 ambitu
1254 2868 1511 2907 continentur.
1533 2868 1607 2906 Τει-
