1752 3495
535 189 836 235 EXCURSUS
870 190 925 234 11.
1358 191 1447 252 113

1 298 68 336 lam
82 300 118 330 et
132 290 225 328 alios
239 287 375 327 similes
392 294 496 338 vates
511 285 627 323 multa
642 285 859 336 praedixisse
872 284 918 323 ad
936 285 1129 323 civitatum
1147 287 1450 338 populorumque

2 358 192 399 utilitatem
228 351 336 390 valde
373 357 613 400 opportuna3
649 362 722 398 qua
755 349 801 386 de
833 362 874 386 re
905 348 986 399 ipsa
1015 357 1102 386 sunt
1126 349 1212 400 ejus
1238 350 1378 398 verba,
1410 351 1448 389 in

2 420 172 465 Pliaedro,
190 431 227 468 p.
254 421 337 460 ml..
359 413 418 452 ed.
438 414 574 464 steph.
593 426 602 452 :
621 412 678 451 Τὰ
698 411 845 463 μέγιστα
864 414 932 450 τῶν
955 414 1091 461 ἀγαθῶν
1111 415 1195 463 ἡμῖν
1223 414 1375 464 γίγνεται
1394 414 1450 452 διὰ

3 485 140 540 μανίας,
169 480 240 534 θείᾳ
268 478 383 529 μέντοι
407 476 498 515 δόσει
527 476 726 527 δεδομένης.
745 504 754 514 .
772 504 781 514 .
811 475 869 514 καὶ
892 474 950 514 ἐὰν
972 474 1013 523 δὴ
1032 474 1188 527 λέγωμεν
1214 475 1386 516 Σίὸυλλάν
1414 492 1451 515 τε

2 550 54 590 καὶ
74 548 216 591 ἄλλους,
235 542 308 581 ὅσοι
335 543 484 592 μαντικῇ
503 539 675 592 χρώμενοι
695 539 816 592 ἐνθέῳ,
838 538 950 578 πολλὰ
976 539 1016 585 δὴ
1046 540 1185 582 πολλοῖς
1203 540 1386 592 προῦλεγον
1404 543 1451 584 εἰς

1 614 36 653 τὸ
56 611 177 664 μέλλον
205 608 332 658 ὀρθῶς,
356 603 565 656 μηκύνοιμεν
598 603 637 641 ἂν
667 604 754 650 δῆλα
771 602 876 642 παντὶ
900 603 1069 654 λέγοντες.
1095 605 1185 642 ltem
1212 604 1250 641 in
1267 604 1449 651 Mcnone,

3 693 36 731 p,
65 690 134 726 99,
166 671 339 710 fatidicos
369 678 407 707 ct
435 677 539 706 vates
569 668 718 714 laudat,
744 667 974 720 χρησμῳδούς
997 666 1108 705 τεκαὶ
1128 667 1345 718 θεομάντεις,
1367 676 1452 705 tan-

3 753 107 793 quam
141 735 318 788 praeclare
348 747 446 783 saepe
482 732 529 770 de
564 732 758 782 republica
792 734 943 770 meritos
972 732 1135 782 ideoque
1164 745 1233 782 pro
1260 732 1396 770 divinis
1418 740 1456 769 et

4 804 136 845 sanctis
167 798 361 838 habendos
380 812 389 834 τ
413 797 568 849 Καὶῖγὰρ
589 791 680 834 οὗτοι
698 795 836 846 λέγουσι
859 794 920 846 μὲν
941 796 1051 841 ἀληθῆ
1071 794 1130 833 καὶ
1149 795 1282 843 πολλὰ,
1301 794 1396 834 ἴσασι
1419 794 1456 833 δὲ

5 870 92 909 οὐδὲν
114 860 159 904 ὧν
185 863 360 915 λέγουσιν.
379 892 388 901 .
406 891 415 900 .
452 861 601 908 Οὔκουν,
628 854 655 899 ὦ
675 860 815 908 Μένων,
837 860 929 904 ἄξιον
948 861 1088 904 τούτους
1114 859 1221 902 θείους
1244 861 1360 897 καλεῖν
1379 857 1456 901 τοὺς

4 935 142 986 ἄνδρας,
165 928 285 971 οἵτινες
315 930 392 966 νοῦν
423 925 471 978 μὴ
493 926 625 978 ἔχοντες
655 923 766 963 πολλὰ
795 924 853 964 καὶ
887 924 1022 974 μεγάλα
1051 927 1294 977 κατορθοῦσιν;
1318 924 1457 964 Confer

4 1002 76 1038 liaec
93 996 297 1034 imitantem
315 991 531 1037 Aristidem,
546 992 652 1029 Orat.
670 991 815 1028 Platon.
831 991 859 1038 l,
880 1002 964 1040 pag.
987 991 1044 1036 13,
1058 989 1118 1026 ed.
1147 989 1258 1027 Dind.
1277 990 1369 1035 Quae
1388 989 1458 1026 etsi

5 1065 47 1101 de
67 1060 226 1099 fatidicis
249 1055 425 1094 omnibus
451 1056 574 1101 dicta,
598 1064 718 1091 tamen
741 1053 789 1091 ad
816 1054 998 1104 Sibyllam
1029 1054 1233 1104 prsesertim
1261 1053 1458 1091 reserenda

5 1142 77 1167 esse
102 1123 246 1163 censuit
273 1122 446 1161 Justinus
472 1120 629 1169 Mai-tyr,
649 1118 808 1158 Coliort.
833 1118 879 1156 ad
907 1120 970 1156 Gr.
990 1122 1008 1165 S
1032 1120 1076 1166 37
1096 1134 1104 1156 ι
1121 1120 1227 1156 Δοκεῖ
1246 1116 1282 1155 δέ
1313 1132 1371 1169 μοι
1389 1124 1459 1163 τοῖς

5 1192 122 1238 ταύτης
153 1190 228 1241 [τ’ἧς
272 1184 461 1236 Σιὸύλλης]
492 1188 664 1236 χρησμοῖς
702 1181 850 1234 ἐντυχὼν
888 1185 906 1221 ὁ
937 1182 1087 1221 Πλάτων
1125 1181 1200 1225 τοὺς
1233 1180 1460 1235 χρησμῳδοὺς

5 1256 190 1298 ἐκθειάζειν.
208 1250 328 1303 ‘Ei-Spu
347 1247 411 1302 γὰρ
439 1248 482 1286 τὰ
502 1247 560 1286 ὑπ’
579 1248 683 1294 αὐτῆς
702 1246 813 1285 πάλαι
831 1245 1062 1300 προειρημένα
1082 1244 1191 1299 ἔργοις
1213 1244 1458 1297 πληρούμενα,

6 1321 57 1360 καὶ
79 1318 132 1356 διὰ
150 1320 249 1355 τοῦτο
281 1313 461 1364 θαυμάσας
490 1313 524 1349 ἐν
550 1315 599 1364 τῷ
626 1311 708 1362 πρὸς
733 1310 880 1348 Μένωνα
909 1310 1000 1362 λόγῳ
1025 1311 1143 1351 αὐταῖς
1166 1307 1295 1352 λέξεσιν
1327 1310 1458 1346 ἐπαινεῖ

5 1384 71 1426 τοὺς
96 1377 334 1434 χρησμῳδούς.
364 1377 517 1416 ,ἳιιεῑίηο
538 1375 699 1413 libenter
717 1374 945 1411 assentimur
969 1389 976 1412 :
998 1387 1064 1411 nec
1096 1382 1152 1410 est
1172 1371 1274 1423 quod
1299 1373 1457 1410 inultum

7 1451 152 1486 sortasse
184 1445 365 1481 miremur
402 1441 502 1478 illam
536 1453 622 1490 erga
659 1438 842 1490 Sibyllam
880 1447 1100 1488 ceterosque
1135 1437 1282 1474 divinos
1314 1437 1459 1474 liduciae

6 1509 285 1549 ostentationem
307 1507 343 1543 in
366 1506 544 1550 Platone,
560 1503 722 1540 rhetoris
744 1502 933 1539 interdum
957 1516 1033 1538 nou
1056 1502 1177 1538 minus
1199 1514 1311 1551 qnam
1330 1501 1458 1550 philo-

7 1575 107 1626 sophi
129 1582 252 1625 partes
282 1579 427 1621 agente.
460 1569 566 1607 Adde
591 1569 692 1618 quod
725 1568 803 1604 liaec
826 1568 1040 1617 loquentem
1068 1566 1214 1603 inducit
1240 1566 1433 1603 Socratem
1449 1594 1459 1611 ,

7 1653 108 1691 quem
140 1638 231 1675 alias
262 1633 429 1672 ostendit
460 1633 584 1670 Genio
612 1645 681 1669 suo
714 1631 931 1668 credentem
959 1629 1006 1666 ab
1030 1642 1154 1680 eoque
1185 1629 1232 1666 de
1260 1629 1396 1665 suturis
1419 1642 1459 1666 se

8 1703 107 1741 rebus
138 1699 333 1739 admoneri
348 1698 611 1749 jactitantem,
637 1697 713 1734 imo
743 1695 813 1733 sub
841 1695 929 1732 vitae
948 1707 1022 1732 suae
1051 1695 1155 1731 exitu
1192 1693 1458 1731 vaticinantem

6 1770 140 1818 ipsum,
159 1766 196 1802 in
227 1763 387 1815 Apolog.
420 1766 439 1809 §
468 1763 516 1799 30
538 1775 546 1798 ι
566 1760 617 1799 Τὸ
645 1759 679 1798 δὲ
700 1759 742 1806 δὴ
775 1757 863 1810 μετὰ
885 1762 983 1797 τοῦτο
1011 1758 1168 1808 ἐπιθυμῶ
1187 1760 1266 1807 ὑμῖν
1285 1772 1458 1810 χρησμῳ-

6 1833 115 1878 δῆσαι.
133 1859 140 1867 .
166 1828 224 1867 καὶ
250 1827 313 1880 γάρ
348 1828 419 1876 εἰμι
446 1825 513 1872 ἤδη
535 1826 678 1862 ἐνταῦθα
698 1825 732 1861 ἐν
759 1819 788 1877 ᾧ
811 1822 952 1873 μάλιστ’
972 1823 1144 1873 ἅνθρωποι
1172 1822 1455 1873 χρησμῳδοῧσιν,

6 1894 78 1932 ὅταν
95 1894 265 1944 μέλλωσιν
284 1892 540 1929 ἀποθανεῖσθαι.

53 1962 220 1997 Ceterum
255 1957 321 1994 ‹liu
349 1956 461 1993 etiam
492 1963 575 2005 post
598 1953 690 1990 illud
721 1962 870 2001 tempus
897 1951 1075 1988 mansisse
1105 1950 1207 1999 apud
1237 1951 1455 1988 Graecorum

9 2026 128 2075 vulgus
155 2023 384 2073 Sibyllarum
408 2034 483 2056 non
511 2020 644 2056 samam
672 2017 798 2063 modo,
825 2017 942 2053 sedet
968 2016 1249 2052 venerationem
1270 2029 1313 2052 ac
1332 2015 1457 2058 fidem,

8 2097 110 2126 testes
130 2096 219 2125 sunt
247 2086 423 2124 Atliena'is
447 2082 641 2133 l·'‚ryt}u·aea
663 2080 734 2118 sub
756 2080 972 2118 Alexandro
1002 2080 1140 2129 Magno
1157 2108 1166 2124 ,
1191 2078 1373 2117 Pliaenno
1392 2092 1457 2116 sen

9 2152 183 2192 Pliaennis
207 2150 277 2188 sub
305 2148 528 2199 Lysimacho
545 2146 718 2185 Thraciae
748 2158 860 2194 rege,
885 2157 1020 2181 nomen
1048 2143 1104 2180 vel
1140 2145 1302 2193 speciem
1331 2143 1459 2194 Sibyl·

10 2217 116 2254 larum
137 2216 381 2253 affectantes:
402 2211 533 2249 confer
563 2211 654 2249 Exc.
684 2210 721 2256 l,
752 2221 835 2259 cap.
858 2221 903 2253 2,
933 2221 971 2258 p.
997 2219 1059 2254 αι,
1089 2214 1125 2243 et
1145 2219 1228 2257 cap.
1250 2209 1286 2254 6,
1326 2221 1362 2258 p.
1392 2209 1455 2253 48.

10 2282 126 2330 Neque
142 2280 242 2334 enim·
261 2281 340 2316 istae
361 2290 496 2314 vanum
517 2288 673 2321 nomen,
694 2274 773 2311 sine
799 2273 918 2324 gratia
938 2280 974 2309 et
991 2271 1235 2317 auctoritate,
1265 2280 1458 2323 tantopere

10 2345 293 2395 exquisivisscnt.
317 2343 372 2381 Sit
395 2342 506 2379 etiam
531 2346 754 2389 argumento
775 2336 1117 2375 Alexandrinorum
1148 2335 1184 2372 in
1206 2336 1356 2374 Troade
1373 2350 1457 2374 cum

12 2409 202 2459 Erytliraeis
222 2406 470 2453 contestatiO,
492 2404 539 2442 de
556 2417 628 2453 qua
652 2416 720 2439 nos
742 2401 859 2438 multa
878 2401 914 2436 in
936 2400 1024 2438 Exc.
1047 2400 1086 2446 l,
1109 2412 1188 2449 cap.
1209 2399 1244 2445 3,
1265 2408 1302 2439 et
1329 2409 1459 2438 auctus

11 2472 74 2509 snb
99 2473 225 2510 eadem
248 2471 325 2508 sere
344 2479 539 2520 tempora,
567 2467 719 2504 urbium
741 2465 995 2512 aemulatione,
1013 2463 1241 2512 Sibyllarum
1271 2477 1461 2504 numerus.

12 2537 101 2582 Quin
132 2537 384 2584 etssllomanos
417 2546 573 2582 quoque
599 2530 804 2581 optimates
826 2526 1208 2579 pseudo—Sibyllinis
1239 2527 1460 2568 Graecorum

13 2610 129 2638 vatum
167 2598 373 2637 mendaciis
402 2596 558 2634 nimiam
591 2594 702 2631 fidem
735 2592 928 2638 tribuisse,
972 2589 1197 2628 Plutarchus
1231 2590 1396 2628 ostendit
1421 2591 1460 2628 in

14 2666 215 2713 Mariivita,
234 2662 434 2712 sub‘sinitia
454 2660 543 2698 belli
563 2659 705 2705 civilis,
734 2656 933 2695 Octavium
955 2653 1147 2691 consulem
1172 2666 1192 2690 a
1220 2653 1402 2692 Chaldaeis
1426 2663 1464 2692 et

14 2723 222 2767 sacrificulis
238 2737 274 2766 et
291 2726 484 2778 sibyllistis
506 2725 802 2761 circumventum
825 2720 939 2756 fuisse
968 2731 1143 2764 narrans,
1165 2725 1190 2756 t.
1223 2718 1275 2764 ll,
1306 2731 1340 2767 p.
1372 2718 1465 2764 885,

16 2795 67 2831 cd.
94 2795 237 2833 lleisk.:
260 2790 447 2832 Ὀκτοὶῧιον
469 2789 504 2826 δὲ
535 2788 705 2828 Χαλδαῖοι
740 2784 797 2822 καὶ
823 2783 919 2821 θύται
951 2781 1039 2825 τινὲς
1063 2781 1120 2820 καὶ
1143 2781 1359 2820 σιὸυλλισταὶ
1392 2782 1468 2820 πε(-

17 2872 126 2900 σαντες
157 2860 191 2895 ἐν
221 2857 344 2908 Ῥώμῃ
382 2852 563 2904 κατέσχον.
593 2852 796 2899 Quumque
818 2848 853 2885 in
875 2847 1067 2885 Ciceronis
1093 2847 1217 2896 vita,§
1238 2860 1298 2895 ¹7,
1317 2860 1356 2896 p.
1381 2848 1466 2892 780,

135 2930 218 2974 ΠΙ.
1282 2917 1307 2960 8
