1737 3495
664 124 966 203 131xcunsns
1004 159 1056 205 v.
1169 171 1171 174 ⁴
1411 222 1419 233 ἱ
1483 157 1572 202 31⁶:

115 276 199 305 tunc
216 271 347 300 rursus
367 258 471 296 omni
501 268 626 312 reruni
651 243 764 306 copia
783 253 958 293 fruentur
980 264 1118 306 pucatae
1147 265 1294 308 gentes,
1315 269 1351 296 v.
1381 255 1472 306 619,
1491 266 1576 304 sqq.

162 325 373 366 luviianun·
389 335 482 373 ergo
501 329 632 372 gentes
650 319 698 359 ad
719 319 986 371 deponendam
1004 318 1196 358 idolorum
1216 322 1423 358 vanitatem
1436 349 1446 366 ,
1467 318 1580 358 victi-

112 402 262 441 masque
280 386 344 425 nni
366 387 446 425 Deo
468 384 703 430 offerendas,
725 383 1123 430 624-6313110111111101·
1141 394 1323 421 cessatum
1347 384 1393 421 iri
1414 397 1435 420 a
1451 381 1574 426 benis,

112 451 379 499 seditionibus,
401 450 566 501 rapinis,
590 448 763 486 barbarae
791 449 999 498 praesertim
1028 448 1151 498 gentis
1179 448 1237 495 (an
1268 448 1574 496 Romanorumn

113 516 310 560 horrendis
334 528 402 566 per
421 523 535 552 totam
557 513 745 552 Graeciam
772 511 1077 560 incursionibus,
1099 526 1136 550 v.
1153 512 1342 550 632-651.

161 579 307 626 Quibus
328 577 436 615 maiis
457 590 524 614 rex
544 589 564 613 a
585 577 664 614 sole
684 575 821 613 missus
844 575 1027 625 (Messias,
1047 582 1089 612 ut
1104 573 1269 625 videtur)
1286 575 1397 611 [inem
1418 584 1472 611 est
1487 575 1579 613 atta-

113 655 233 687 turns,
251 654 294 679 ac
314 648 393 678 tum
411 639 562 678 florebit
589 653 720 677 rursus
739 648 863 677 amata
890 640 969 677 Deo
991 651 1102 690 gens,
1123 652 1159 676 v.
1180 639 1365 688 652-659.
1383 637 1456 677 Sed
1474 651 1579 690 reges

113 707 249 749 invidia
268 706 358 743 moti
376 735 385 753 ,
406 705 502 743 inito
520 704 703 743 adversus
722 704 822 741 iliani
842 703 1006 752 foedere,
1026 711 1196 741 sanctam
1219 712 1357 740 terram
1378 701 1578 748 invadent,

114 778 287 828 templum
315 775 571 822 obsidebunt,
591 788 624 814 v.
651 775 841 824 660-669.
861 775 960 812 Tum
983 774 1051 812 Dei
1074 774 1197 811 unierit
1214 772 1424 822 jndicinm3
1442 771 1580 810 cadent

113 844 156 882 de
170 842 257 880 caeto
274 840 394 885 fam-53
416 849 512 878 terra
534 838 854 884 commovebitur,
870 847 907 876 et
925 851 1059 875 omnes
1072 838 1283 875 viventium
1312 837 1458 888 species
1485 849 1581 873 con-

115 907 341 954 tremiscent3
356 914 486 956 gentes
507 904 629 955 impiae
641 933 652 953 ‚
666 912 824 954 propter
839 903 1031 940 admotam
1054 903 1139 940 nrbi
1169 912 1309 940 sanctae
1323 901 1580 950 obsidionem,

114 973 251 1024 ignium
271 978 308 1008 et
331 969 498 1021 lapidum
520 969 641 1006 inibi-e
660 969 944 1019 opprimentur,
968 980 1004 1005 v.
1027 967 1214 1017 670-698.

162 1036 306 1074 Interea
322 1033 440 1070 sancti
460 1032 511 1084 (id
525 1040 596 1083 est,
609 1032 749 1082 Jndaei)
772 1032 873 1069 circa
887 1031 1069 1082 templum
1089 1030 1317 1078 habitantes,
1335 1043 1481 1068 summu
1507 1030 1584 1067 sru-

114 1110 220 1139 entur
243 1098 440 1143 sciit-itate,
467 1111 504 1137 v.
529 1098 695 1147 699-7o‹
713 1127 722 1143 ,
742 1096 850 1146 cnjus
869 1096 1092 1147 spectaculo
1109 1096 1271 1133 invitata:
1285 1103 1415 1145 gentes
1431 1093 1479 1132 ad
1502 1094 1583 1132 veri

115 1164 177 1204 Dei
194 1162 336 1200 cultum
358 1169 609 1207 revertentur,
633 1174 666 1199 v,
692 1162 877 1208 7xo·731.

163 1229 303 1267 Rursus
333 1226 479 1264 Graecia
502 1233 693 1273 monetur,
721 1223 759 1261 1⁰
785 1232 826 1262 ut
847 1225 971 1262 Deum
994 1237 1127 1262 verum
1157 1225 1275 1270 coiat3
1300 1222 1341 1260 2⁰
1371 1232 1494 1262 uteos
1516 1223 1582 1275 qui

115 1301 196 1332 sunt
214 1305 234 1329 e
255 1300 353 1329 terra
374 1298 504 1328 sancta
519 1289 673 1327 oriundi
692 1289 873 1340 (Judaeos,
890 1289 976 1340 quis
993 1287 1189 1340 ‹inbitet?)
1205 1289 1243 1327 in
1262 1289 1360 1326 hauc
1378 1288 1511 1330 urbem
1529 1288 1584 1340 (id

115 1365 189 1404 est,
210 1355 486 1407 Hierosolyma)
507 1355 676 1392 remittat
691 1383 702 1400 ,
733 1368 806 1392 neu
835 1353 1076 1392 camarinam
1097 1354 1234 1405 agitet.
1256 1354 1467 1406 pardumve
1488 1353 1584 1391 dor-

117 1422 287 1460 mientem
313 1421 454 1458 excitet
475 1419 664 1469 (obscurae
688 1419 748 1457 hic
780 1419 962 1456 videntur
987 1419 1108 1457 inesse
1130 1419 1243 1456 minae
1261 1419 1485 1457 Jmtaeorum
1515 1418 1586 1456 ad·

116 1498 237 1525 versus
259 1484 416 1536 gentiles
432 1484 524 1536 ipsis
541 1485 578 1522 in
600 1485 761 1536 patriam
780 1484 960 1522 redituris
980 1483 1207 1535 obstantes->3
1230 1485 1331 1525 3⁰,nt
1348 1492 1493 1536 partem
1509 1498 1587 1522 me-

117 1558 238 1588 reatur
254 1549 442 1588 felicitatis
459 1563 541 1600 quae
557 1550 625 1587 Dei
642 1550 723 1587 veri
743 1549 957 1587 cultoribus
975 1550 1164 1600 promissa
1175 1558 1253 1598 est,
1267 1563 1301 1587 v,
1323 1553 1506 1598 732·7!.2.

164 1614 255 1653 Hinc
280 1614 418 1652 iterum
438 1627 481 1651 en
512 1613 674 1651 sciicitas
702 1613 958 1659 describitur,
981 1613 1163 1652 admixtis
1182 1613 1411 1665 quibusdam
1434 1627 1584 1652 mortun

117 1678 313 1731 praeceptis
326 1706 337 1724 ,
356 1691 390 1716 v.
407 1678 593 1725 743-784.
616 1678 752 1717 Gaude
768 1687 805 1716 et
822 1678 968 1725 laetare,
988 1679 1063 1716 fitia
1084 1679 1176 1718 Sion
1189 1708 1200 1725 ‚
1220 1692 1334 1730 quani
1352 1687 1442 1717 aetas
1458 1687 1586 1717 manet

117 1756 249 1789 aurea,
270 1742 372 1793 iupis
389 1751 427 1780 et
445 1742 552 1793 agnis
569 1743 679 1780 simui
704 1742 945 1792 pascentibus
958 1751 1074 1793 ,etc.,
1099 1757 1133 1781 ν.
1155 1744 1344 1794 785·79Ι,.

165 1808 249 1845 ltaec
278 1820 368 1845 vero
394 1806 485 1846 ὃιυιι
507 1807 770 1857 propinquare
790 1807 910 1845 discet
927 1807 1103 1858 esignis,
1130 1820 1215 1858 qnae
1240 1808 1357 1845 muita
1373 1807 1498 1845 statim
1521 1821 1586 1846 re-

118 1879 319 1916 censentur,
341 1880 507 1908 nieteora
530 1871 722 1921 pleraque,
737 1880 777 1908 ut
799 1872 979 1909 nocturni
1001 1872 1215 1922 percaeluni
1238 1872 1439 1910 rutiiantes
1455 1870 1586 1923 gladii,

120 1936 233 1986 pulvis
254 1935 302 1974 de
321 1935 431 1979 caeio,
448 1935 537 1973 solis
552 1934 747 1984 desectus,
763 1944 853 1980 etc..
869 1949 904 1973 v.
923 1935 1108 1987 795-805.
1129 1935 1279 1981 Quibus
1297 1936 1475 1974 omnibus
1494 1949 1587 1987 pro-

120 1998 220 2050 digiis
241 2000 326 2037 linis
355 1992 542 2037 maiorum
569 1999 824 2049 poi-tendetur
842 2009 957 2051 atque
974 1999 1164 2038 beliorum
1178 2029 1188 2048 ,
1204 2000 1235 2038 si
1256 2000 1372 2038 niodo
1394 2000 1476 2052 regi
1500 2013 1588 2038 om-

121 2063 300 2114 nipotenti
320 2078 426 2102 sacra
449 2064 608 2114 posthac
624 2064 672 2101 ab
689 2063 868 2102 omnibus
889 2064 1042 2115 populis
1059 2064 1288 2112 ossei-antur,
1307 2078 1344 2103 v.
1364 2065 1454 2112 806,
1472 2078 1529 2116 sq.
1550 2078 1561 2102 ε

266 2130 384 2167 Τοῦτο
401 2128 497 2171 τέλος
514 2127 683 2179 πολέμοιο
700 2129 791 2167 τελεῖ
811 2128 899 2172 (θεὸς
915 2129 1059 2182 οὐρανὸν
1078 2129 1199 2167 οἰκῶν.

271 2192 376 2232 Ἀλλὰ
392 2192 461 2245 χρὴ
478 2192 610 2236 πάντας
625 2193 715 2231 θύειν
737 2193 883 2247 μεγαλῳ
908 2194 1066 2245 βισιλῆἵ.

120 2256 290 2307 Sequitur
315 2258 513 2310 epilogus,
545 2258 720 2296 versibus
750 2267 929 2297 constans
956 2259 1014 2296 vei
1049 2273 1074 2297 x
1107 2260 1164 2298 vel
1186 2273 1268 2306 xxi,
1287 2259 1335 2298 de
1365 2273 1444 2311 quo
1476 2260 1588 2312 pium

121 2319 210 2359 infra
225 2322 537 2374 disputabuntur.

168 2388 302 2426 Omnia
317 2388 467 2426 interim
486 2402 569 2439 qua:
583 2402 628 2426 ex
643 2388 809 2426 secunda
830 2397 868 2427 et
884 2398 1022 2439 quarta
1042 2400 1151 2440 parte
1169 2403 1284 2442 snpra
1307 2404 1327 2428 n
1345 2389 1458 2428 nobis
1474 2390 1589 2429 aliatn

123 2463 221 2499 sunt,
242 2462 403 2505 apparet
425 2467 541 2491 unum
563 2454 670 2504 qnasi
691 2467 832 2505 corpus
857 2455 1026 2503 efficere,
1057 2463 1162 2494 certe
1192 2456 1387 2494 sententiis
1409 2465 1446 2494 et
1473 2456 1589 2495 rebus

123 2515 213 2555 inter
230 2532 268 2557 se
284 2519 431 2570 optime
444 2519 662 2558 convenire.
679 2520 762 2558 dam
781 2527 856 2557 tota
875 2532 962 2570 pars
981 2519 1146 2557 secunda
1159 2519 1210 2558 ita
1232 2533 1308 2558 uno
1328 2528 1460 2560 tc'nore
1473 2520 1591 2560 ‹ledu-

124 2581 229 2632 citur,
255 2591 294 2621 nt
315 2584 471 2622 minimo
492 2584 610 2622 scindi
634 2593 699 2622 ant
721 2584 839 2622 dividi
861 2585 992 2635 possit.
1014 2585 1194 2623 Continet
1214 2586 1425 2636 primorum
1454 2599 1591 2638 regno-

126 2659 200 2685 rutn
217 2657 331 2700 atquc
352 2649 526 2701 inprimis
543 2650 713 2689 Hebraeae
732 2650 854 2701 gentis
875 2650 1072 2688 historiam
1094 2664 1214 2702 usqne
1233 2651 1280 2689 ad
1301 2652 1413 2690 finem
1432 2651 1590 2703 Babylo-

126 2711 190 2749 niae
211 2714 452 2765 captivitatis,
470 2715 609 2761 Quarta
631 2723 755 2752 autem
777 2727 865 2765 pars
885 2723 972 2765 post
991 2715 1120 2753 brevia
1142 2725 1178 2753 ct
1200 2729 1319 2766 panca
1344 2717 1520 2755 vaticinia
1550 2718 1586 2754 in
1638 2729 1644 2735 ·

125 2784 264 2816 exteras
285 2787 429 2830 gentes,
456 2778 493 2816 id
514 2792 630 2816 unum
652 2779 744 2830 agit,
773 2788 814 2817 ut
843 2780 1021 2818 ostendat
1045 2781 1239 2819 cumulum
1261 2782 1391 2819 adesse
1412 2781 1589 2820 humanis

127 2840 397 2881 calamitatibus
426 2841 650 2895 (pracsertim
678 2852 765 2896 post
792 2844 971 2882 Antiochi
996 2849 1202 2896 tempora),
1232 2846 1402 2885 Messinm
1428 2845 1588 2897 propin-
