1752 3495
238 252 327 298 172
387 229 389 232 ⁴
605 250 685 295 Αι)
718 247 1067 294 5ιΒΥω.,ιΝοε
1107 241 1316 287 [annos

233 345 462 391 comittissae,
482 343 644 396 primum
671 356 691 381 a
710 342 924 393 'l'arquinio
953 343 989 377 in
1008 335 1214 387 Sibyllinis,
1234 332 1373 372 deinde
1392 332 1440 370 ab
1465 333 1548 385 ipso
1567 349 1683 379 senatu

234 407 496 446 inTiburtinae
522 406 702 445 Albunea:
725 407 943 457 Begoesque
964 402 1089 448 libris,
1119 400 1174 437 uti
1194 397 1308 435 modo
1331 394 1509 434 diximus.

285 470 398 522 Atqui
426 483 541 522 supra
561 471 638 519 jam
660 470 887 515 notavimus,
916 480 991 504 non
1012 464 1166 503 oracula
1190 469 1336 499 tantum
1358 459 1422 498 illa
1443 459 1519 498 duo
1538 476 1618 512 quae
1646 481 1685 507 ex

238 535 332 574 Livii
352 534 426 574 fide
445 535 665 583 retulimus,
695 534 761 573 sed
793 533 910 571 libros
939 531 1108 581 integros
1133 528 1270 565 horum
1301 533 1429 563 vatum
1462 538 1685 571 consecratos

239 597 506 649 publicojussu
530 598 657 636 fuisse.
686 599 732 636 Et
756 596 942 635 librorum
963 593 1116 646 quidem
1138 590 1281 629 mentio
1306 587 1470 628 recurrit
1495 591 1589 639 apud
1609 593 1687 644 Sep.

248 661 349 700 vium
364 691 375 712 ‚
397 662 444 700 ad
461 662 544 701 AEn.
563 663 628 708 vl,
650 675 712 710 72,
731 661 801 698 loc.
831 672 945 710 supra
966 658 1029 695 cit.
1048 655 1122 695 Sed
1143 654 1271 694 duone
1292 666 1422 690 revera
1444 651 1530 690 libri
1548 654 1686 707 suerint,

249 733 289 763 ut
308 726 431 777 palam
458 725 678 764 Macrobius
705 724 836 762 asserit
853 751 862 768 ,
892 734 1026 772 nempe
1046 720 1244 769 utriusque
1267 718 1427 754 fratrum
1448 716 1580 766 singuli
1601 719 1686 769 libri,

240 803 286 826 an
307 802 405 827 unus
424 789 585 827 duorum
601 817 611 834 ‚
639 776 776 839 plurali
798 786 951 824 nomine
979 785 1071 823 salso
1092 784 1322 832 designatus,
1353 794 1428 818 non
1451 781 1538 817 satis
1557 782 1687 822 videtur

241 852 298 897 iis,
316 865 408 902 quas
430 851 542 889 modo
566 851 795 903 protulimus
810 878 819 896 ,
846 847 1141 887 auctoritzuibus
1161 845 1310 892 evinci,
1339 843 1519 894 quoniam
1540 857 1603 882 ncc
1619 847 1687 885 Ma-

241 916 393 954 crobius
408 929 476 953 nec
489 915 640 954 Servius
660 914 751 960 ullo,
768 921 906 964 praeter
921 912 1083 959 Livium,
1098 919 1254 948 auctore
1273 909 1329 946 usi
1347 906 1526 945 videntur
1542 938 1551 953 ,
1578 908 1688 950 Livius

241 993 330 1018 vero
364 980 570 1017 carminum
600 976 842 1016 solummodo
871 975 1035 1014 duorum
1072 975 1302 1012 mentionem
1336 972 1436 1010 facit.
1467 971 1609 1009 Certius
1626 983 1685 1021 est,

241 1043 344 1093 qnod
371 1041 619 1092 Symmachus
657 1054 726 1078 nos
759 1040 895 1085 docet,
929 1037 1136 1076 corticibus
1166 1036 1349 1086 inscripta
1380 1035 1493 1075 fuisse
1525 1036 1589 1072 ista
1619 1051 1688 1074 car.

194 1156 198 1160 ι
242 1106 364 1155 mina,
396 1113 436 1142 ut
462 1105 544 1155 ipse
567 1105 618 1142 ait
638 1105 723 1142 loco
743 1104 805 1142 cit.
833 1117 841 1140 ε
865 1120 880 1136 σι
909 1102 1140 1141 Marciorum
1162 1100 1313 1151 quidem
1339 1099 1498 1136 fratrum
1525 1098 1688 1138 divinatio

241 1168 391 1207 caducis
411 1168 608 1206 codicibus
627 1168 770 1205 inclusa
789 1165 876 1221 [vel,
899 1172 939 1204 u‘t
958 1166 1021 1204 alii
1044 1166 1190 1211 volunt,
1213 1160 1418 1215 inculcata]
1440 1170 1508 1199 cst.
1525 1165 1628 1199 »Non
1647 1165 1688 1202 sic

243 1233 278 1270 in
296 1232 492 1282 Sibyllinis
509 1232 630 1280 libris,
652 1245 749 1283 quos
769 1232 907 1269 linteos
927 1231 1044 1268 fuisse
1064 1230 1241 1267 diximus.

295 1296 407 1343 Quod
439 1297 468 1334 si
496 1310 516 1333 e.
550 1296 770 1346 fragmentis
800 1293 1275 1346 superstitibusjudicium
1307 1290 1463 1341 aliquod
1494 1289 1541 1327 de
1557 1290 1688 1340 reliquis

242 1360 354 1397 etiam
375 1360 536 1398 oraculis
557 1360 758 1398 Marcianis
781 1359 877 1397 ferre
896 1359 994 1407 licet,
1018 1358 1172 1395 suerunt
1195 1357 1257 1393 illa
1282 1355 1475 1407 apertiora
1496 1362 1532 1391 ct
1551 1354 1689 1394 clariora

243 1439 357 1476 quam
379 1425 490 1476 vulgo
516 1425 692 1462 vaticinia
716 1425 864 1463 solent:
886 1431 1069 1475 praeterea
1100 1408 1180 1459 tarn¹
1196 1420 1376 1459 Romanis
1401 1418 1529 1465 rebus,
1560 1427 1690 1470 tamque

245 1489 405 1539 negotiis
419 1488 667 1539 praesentibus
685 1487 982 1533 accommodata,
998 1495 1038 1524 ut
1057 1486 1191 1523 merito
1209 1485 1256 1522 de
1273 1497 1404 1522 eorum
1428 1483 1572 1532 origine
1588 1484 1690 1532 suspi-

245 1554 305 1591 cio
323 1553 443 1592 cuivis
458 1553 622 1591 suboriri
640 1552 829 1591 debuerit.
847 1553 976 1591 Genus
999 1551 1071 1589 fuit
1086 1551 1237 1588 dicendi
1255 1548 1367 1599 quale
1386 1548 1459 1585 illis
1481 1546 1691 1596 temporibus

245 1618 390 1668 sperari
421 1625 587 1668 poterat,
605 1617 821 1654 archaicum
838 1629 939 1662 sane,
959 1624 1169 1652 nontamen
1186 1614 1231 1651 ad
1249 1614 1349 1651 illam
1366 1612 1500 1650 veteris
1517 1611 1691 1648 archaismi

247 1682 421 1729 sormam,
438 1695 521 1732 quae
541 1681 577 1718 in
599 1681 727 1719 decern
747 1680 886 1718 tabulis
903 1690 941 1718 et
960 1680 995 1717 in
1014 1680 1174 1717 fratrum
1197 1678 1382 1715 arvalium
1401 1686 1513 1714 cantu
1529 1674 1691 1713 barbaria:

247 1747 407 1798 propior
426 1747 613 1794 occurrit3
632 1746 748 1784 latina
763 1745 839 1796 jam
857 1744 982 1783 oratio
1010 1758 1053 1782 ac
1079 1758 1185 1795 paene
1206 1743 1404 1790 Plautina3
1426 1740 1491 1779 sed
1516 1740 1617 1778 metri
1635 1740 1690 1777 iin-

247 1811 382 1863 peritia
401 1824 522 1849 aevum
543 1811 636 1849 illud
659 1811 806 1863 prodit,
833 1823 909 1861 quo
928 1809 1098 1847 nondum
1120 1809 1205 1846 satis
1226 1808 1431 1846 informata
1449 1815 1528 1843 erat
1547 1809 1692 1843 Romana

246 1877 353 1915 Musa
379 1876 428 1914 ad
450 1876 660 1914 hexametri
686 1889 816 1914 versus
845 1875 1141 1913 modulationem
1160 1861 1332 1925 graecam,
1347 1871 1566 1923 Scipionum
1586 1869 1691 1919 auspi-

245 1940 312 1978 ciis
329 1939 408 1991 jani
434 1949 512 1978 tum
529 1941 567 1978 in
588 1941 738 1979 Latium
758 1940 962 1987 invectam,
994 1938 1154 1977 necdum
1178 1938 1290 1977 Ennii
1309 1937 1408 1975 curis
1427 1935 1638 1986 expolitam.
1653 1936 1692 1970 Ac

246 2014 347 2044 certe
365 2019 442 2043 nou
462 2006 526 2044 illo
548 2006 742 2058 epitaphio
765 2005 944 2053 deterior,
968 2004 1070 2056 quod
1093 2005 1130 2042 in
1158 2003 1332 2054 sepulcro
1350 2002 1570 2052 Scipionum
1589 1999 1692 2036 lloniae

247 2070 396 2121 legitur,
419 2070 596 2108 Cornelio
609 2070 779 2121 Scipioni
800 2069 990 2115 Barbam,
1005 2067 1177 2108 Africani
1197 2067 1348 2118 majoris
1363 2078 1511 2117 proavo
1528 2063 1691 2106 dicatum,

248 2134 334 2172 licet
365 2135 479 2186 paulo
509 2136 698 2186 posterius
720 2143 941 2181 exaratum,
976 2133 1078 2185 apud
1104 2133 1224 2175 Orell.
1261 2133 1375 2170 inser.
1412 2130 1502 2178 550,
1532 2127 1626 2179 quod
1656 2126 1690 2163 ad

249 2206 418 2238 nostram
439 2201 852 2252 sere-orthographiam
869 2200 919 2238 ita
939 2200 1053 2238 scribi
1075 2208 1199 2251 potest
1219 2213 1227 2235 :

452 2264 557 2302 Cneo
577 2273 685 2316 patre
704 2274 914 2316 prognatus
927 2293 936 2311 ,
959 2264 1068 2302 sortis
1085 2265 1146 2302 vir
1164 2264 1392 2314 sapiensque
1405 2290 1416 2309 ,

454 2328 571 2379 Cujus
591 2330 711 2366 forma
730 2329 870 2366 virtute
890 2329 1103 2380 parissuma
1126 2329 1217 2375 suit,

454 2394 619 2445 Consul,
636 2408 784 2441 censor,
805 2394 924 2432 aedilis
944 2395 1010 2445 qui
1030 2393 1102 2433 suit
1121 2393 1223 2444 apud
1246 2405 1324 2430 vos.

249 2458 397 2505 Quibus
423 2459 595 2496 versibus
624 2460 864 2511 antiquitatis
883 2473 997 2497 causa
1022 2458 1298 2511 ignoscendum
1317 2466 1394 2504 est,
1411 2455 1514 2507 quod
1540 2449 1694 2501 informa

249 2522 486 2573 producatur
506 2525 652 2574 ultima,
677 2524 810 2562 dorico
833 2526 992 2562 sortasse
1012 2536 1138 2570 more3
1161 2532 1197 2561 et
1216 2527 1351 2560 virtute
1373 2521 1555 2571 scriptum
1574 2517 1617 2555 sit
1638 2526 1694 2565 pr0

249 2589 391 2635 virtuti,
414 2589 572 2639 antiquo
592 2602 637 2626 ex
658 2603 753 2639 115113
775 2598 813 2627 et.
831 2590 867 2626 in
882 2587 977 2638 fecit,
995 2598 1172 2640 tanquam
1191 2587 1305 2635 furit,
1325 2600 1348 2621 ιι
1366 2586 1518 2636 longum
1547 2582 1618 2627 liat,
1633 2590 1693 2615 non

251 2651 333 2689 sine
369 2652 553 2690 Ennianis
574 2654 771 2704 exemplis;
806 2662 844 2691 et
883 2654 920 2690 in
951 2655 1155 2703 purissima
1193 2653 1357 2703 primum
1392 2664 1416 2686 a
1455 2647 1673 2699 producatur
1686 2669 1694 2685 ,

252 2725 386 2754 contra
409 2717 633 2755 hodiernam
655 2718 837 2769 regulam,
853 2728 891 2756 et
909 2733 950 2755 or
966 2719 1002 2756 in
1022 2733 1169 2767 censor,
1188 2730 1353 2769 graecum
1373 2715 1490 2766 magis
1510 2712 1555 2751 ad
1573 2718 1694 2748 morem

255 2794 368 2831 quam
391 2781 560 2821 latinum.

307 2846 455 2884 Scimus
476 2846 523 2884 ab
540 2848 778 2894 Hermanno,
800 2849 881 2886 viro
898 2847 1128 2897 doctissimo,
1144 2849 1208 2887 sed
1230 2848 1266 2886 in
1284 2844 1513 2897 conjecturis
1529 2850 1696 2894 gramma-

255 2910 336 2948 ticis
356 2924 398 2948 ac
421 2911 585 2949 metricis
605 2911 878 2950 audentissinm
893 2941 901 2957 ‚
920 2912 1078 2950 multum
1094 2925 1316 2964 open-aecssc
1339 2911 1568 2961 impensum,
1587 2911 1621 2940 nt
1642 2901 1703 2937 hus-
