1752 3495
165 170 226 215 20
542 169 622 212 AD
654 168 994 215 SIBYLLINOS
1026 169 1236 214 LIBROS

161 266 231 305 ἀπὸ
248 266 412 318 πολίχνης
431 265 613 319 Ἐρυθρίας
638 266 850 316 καλουμένης
876 267 928 318 [ὸ
947 267 1118 305 locorum
1138 276 1176 305 et
1199 265 1393 303 nominum
1414 264 1535 317 fatui]
1548 267 1612 304 oiv-

159 328 257 381 τικρὺ
276 329 380 375 Χίου,
406 331 429 376 ἡ
445 328 506 367 καὶ
523 329 680 372 ἐποποιὸς
705 323 809 375 οὖσα,
829 324 871 376 ’ἧς
889 329 948 366 καὶ
967 330 1077 377 στήλη
1107 330 1200 368 ἐστὶν
1222 330 1258 368 ἐν
1284 331 1326 380 τῇ
1347 329 1433 380 αὐτῇ
1450 328 1614 381 Ἐρυθρίᾳ

163 391 241 444 ἔχρι
260 394 320 430 τοῦ
340 395 398 430 νῦν
416 392 506 430 κατὰ
524 392 587 439 τὴν
606 393 744 444 στερεὰν
765 390 905 442 ἀντικρὺ
924 391 1022 429 Χίου.

207 456 280 494 Sed
297 463 334 494 et
355 457 392 494 in
413 458 667 494 monumentis
684 468 838 506 prorsus
850 454 899 492 ab
919 454 992 493 hoc
1006 465 1230 506 argumento
1247 456 1382 494 alienis
1402 456 1616 493 invenimus

119 550 125 557 .
157 518 203 557 nb
223 518 390 570 ejusdem
424 520 530 558 urbis
555 520 686 558 incolis
715 519 851 556 saetam
881 518 1035 568 Sibyltae
1063 520 1309 567 mentionem,
1334 529 1375 559 ut
1399 520 1435 556 in
1468 518 1610 569 publici

150 583 343 634 quondam
364 584 478 621 sontis
500 583 746 632 inscriptione
773 582 950 632 Erythris
970 594 1121 633 reperta
1140 596 1161 620 a
1193 583 1411 621 doctissimo
1433 591 1470 620 et
1501 582 1613 620 nobis

149 646 376 684 amicissimo
390 646 473 684 viro
490 646 587 683 Phil.
612 645 751 693 Lehas,
768 645 907 682 inedita
925 645 1127 691 hactenus,
1146 646 1394 693 breviantem
1414 645 1610 696 proditura

147 710 184 747 in
202 711 313 749 tertio
324 711 405 762 ejus
421 722 487 760 per
502 709 684 748 Graeciam
699 717 735 746 et
750 709 873 748 Asiam
898 709 1248 760 peregrinationum
1270 711 1460 748 volumine
1482 725 1489 747 :

693 771 819 823 ἈγαΟῇ
840 771 942 824 τύχῃ.

304 838 463 890 Νύμφαις
480 838 629 877 Ναϊάσιν
641 868 652 886 ,
669 837 796 889 ἀγλαὸν
812 837 907 890 γένος
926 836 1004 876 ἔνθα
1025 836 1218 885 Σιὸύλλης,

304 901 456 954 Εἰρήνης
479 901 582 954 ἄρξας
600 901 814 954 Εὑτυχιανὸς
833 902 872 940 τὸ
884 901 1048 954 πάροιθε,

300 963 404 1019 [Καὶ]
425 965 595 1008 δαπάναις
611 965 758 1016 ἑτοίμοις
778 965 990 1017 ἀγορανόμος
1007 964 1223 1018 φιλότειμος,

297 1029 419 1082 Ἄμφω
435 1029 467 1066 δ’
486 1029 642 1082 εὐψύχως
658 1028 719 1067 σὺν
740 1031 944 1082 Εὖτυχιανῷ
963 1029 1062 1067 παιδὶ
1077 1030 1364 1082 πανηγυριάρχῃ,

296 1093 363 1132 'Ex
381 1093 557 1146 πρόσοδων
578 1093 672 1131 ἰδίων
693 1097 735 1144 τῇ
754 1094 895 1145 πατρίδι
910 1093 948 1132 τὸ
972 1092 1082 1146 ὕδωρ·

292 1158 486 1211 ψαίδρυνέν
509 1173 545 1196 τε
564 1163 711 1211 γραφαῖς
733 1156 969 1207 ἐπικοσμήσας
992 1156 1031 1195 τὸ
1059 1155 1224 1211 [δοχεῖον]
1238 1186 1249 1204 ,

295 1222 523 1273 Μνημόσυνον
542 1225 641 1260 τοῦτο
662 1227 770 1259 τοῖσιν
789 1223 1044 1271 ἕπεσσομὲνοις.

191 1287 450 1337 Eutychianus
468 1300 561 1339 ergo
583 1287 740 1338 quidam
761 1299 1014 1337 agoranomus
1043 1286 1120 1324 sive
1139 1285 1282 1334 aedilis,
1300 1286 1390 1324 olim
1415 1299 1505 1324 vero
1527 1287 1607 1325 ire-

138 1351 301 1398 narcha,
332 1364 417 1388 cnm
435 1351 513 1388 lilio
527 1351 695 1402 ejusdem
719 1350 905 1398 nominis,
925 1349 1116 1399 gaudente
1142 1350 1448 1401 panegyriarchae
1467 1351 1579 1389 titulo
1593 1380 1604 1399 ‚

136 1415 279 1454 sontem
312 1416 413 1453 hunc
433 1415 709 1454 decoraverunt
739 1415 996 1466 nymphisque
1025 1423 1266 1453 sacraverant
1299 1428 1423 1467 prope
1452 1415 1604 1465 Sibynae

135 1478 382 1526 incunabula,
402 1478 531 1530 ἀγλαὸν
548 1479 643 1529 γένος
667 1478 746 1517 ἔνθα
774 1478 950 1525 Σιῧύλλης
971 1493 979 1515 :
1002 1492 1156 1530 nempe,
1179 1479 1252 1517 nisi
1280 1479 1468 1525 fallimur,
1490 1492 1604 1516 orna-

133 1551 259 1581 menta
279 1542 451 1593 quaedam
479 1543 629 1593 sculpta
658 1543 837 1593 pictaque
871 1543 1098 1582 addiderant
1125 1543 1222 1581 sonti
1237 1543 1318 1594 jam
1345 1553 1454 1582 antea
1479 1543 1602 1581 tradi-

136 1607 239 1644 tione
260 1606 443 1657 Sibyilina
465 1606 628 1658 insigni,
645 1615 681 1644 et
700 1606 856 1644 sortasse
875 1606 1056 1657 Nymphae
1074 1607 1128 1644 illi
1156 1615 1326 1657 sacrato,
1343 1619 1426 1657 quae
1445 1606 1598 1657 Sibyltae

133 1679 254 1709 mater
275 1671 391 1708 fuisse
411 1670 616 1709 serebatur.
634 1671 675 1709 ln
692 1670 804 1708 tertio
822 1683 932 1708 versu
950 1670 1010 1708 καί
1024 1670 1139 1709 hodie
1158 1685 1232 1708 non
1246 1671 1405 1721 legitur,
1426 1672 1545 1709 latens
1561 1671 1599 1708 in

131 1735 268 1786 lapidis
293 1737 392 1773 erosi
411 1735 603 1785 margine3
623 1736 719 1773 male
739 1748 830 1773 vero
849 1735 998 1784 ἑτοίμοις
1012 1735 1178 1773 secunda
1197 1736 1305 1774 brevi
1321 1736 1504 1787 scriptum
1520 1745 1598 1780 est,

130 1798 181 1837 ob
201 1799 283 1851 ejus
299 1799 404 1838 vocis
420 1800 703 1837 similitudinem
732 1813 818 1837 cum
847 1798 1005 1850 ἐτύμοις;
1027 1809 1160 1838 contra
1188 1801 1226 1837 in
1246 1800 1456 1852 ἀγορανόμος
1491 1803 1600 1839 tertia

127 1864 223 1902 male
244 1864 481 1915 producitur,
500 1874 660 1902 accentu
689 1864 810 1903 vicem
827 1864 1046 1915 quantitatis
1065 1861 1244 1916 gerente,
1272 1865 1343 1903 nisi
1364 1874 1475 1915 poeta
1501 1866 1595 1903 seri-

131 1937 237 1980 ptum
256 1931 427 1966 voluerat
451 1927 663 1980 ἅγορανόμος
678 1929 723 1971 ὡς
742 1927 854 1980 φιλότ.
872 1928 929 1966 vel
945 1927 1188 1980 ἀγορανομέων
1206 1927 1393 1980 φιλοτίμως
1414 1928 1472 1966 vel
1488 1927 1600 1979 quid-

126 1996 184 2034 vis
203 1995 320 2033 aliud.
352 1995 394 2033 ln
423 2003 563 2046 quarto
583 1995 647 2032 filii
675 1994 903 2045 Eutychiani
927 2007 1066 2031 nomen
1091 1995 1265 2032 consecto
1295 1995 1373 2046 jam
1396 1994 1520 2045 elogio
1539 1995 1596 2031 in·

126 2068 271 2097 trusum
312 2068 392 2105 est,
436 2060 555 2110 patris
590 2060 748 2098 sortasse
786 2059 993 2108 voluntate,
1027 2059 1128 2098 haud
1166 2059 1282 2098 dubie
1311 2068 1443 2099 eontra
1474 2070 1596 2111 poetae

128 2132 312 2171 mentem,
334 2125 441 2174 eujus
472 2123 630 2161 omnino
661 2123 804 2174 rumpit
826 2137 1019 2162 numeros,
1049 2125 1089 2163 ln
1116 2132 1224 2167 sexto
1251 2124 1383 2176 δοχεῖον
1416 2139 1436 2162 e
1465 2133 1597 2163 nostra

125 2197 184 2225 est
205 2188 442 2236 conjectura,
476 2187 541 2225 ubi
571 2188 665 2238 lapis
696 2189 831 2225 αὖλεῖον
858 2187 998 2226 habere
1028 2188 1231 2226 videbatur
1256 2190 1397 2226 fissurae
1424 2188 1532 2226 vitio.
1554 2190 1595 2227 ln

128 2252 262 2290 ultimo
284 2254 354 2304 legi
375 2262 572 2303 praestaret
590 2251 733 2299 τούτου,
754 2252 793 2290 id
813 2261 880 2299 est,
898 2253 1001 2291 αὐτοῦ
1017 2256 1076 2291 τοῦ
1095 2251 1346 2304 κοσμήσαντος.
1628 2252 1633 2258 ’

179 2317 321 2369 Utique
337 2326 483 2355 :etatem
499 2317 758 2368 inscriptionis
770 2316 846 2367 jam
864 2317 1062 2364 declivem,
1082 2318 1221 2369 quarti,
1236 2326 1277 2355 ut
1292 2318 1507 2368 opinamur,
1526 2303 1597 2355 sae-

123 2383 220 2431 culi,
243 2382 450 2420 ostendunt
477 2396 596 2434 quum
625 2382 802 2420 dictionis
836 2392 873 2420 et
894 2383 1005 2422 metri
1025 2383 1192 2430 incuria,
1218 2391 1297 2420 tum
1324 2381 1434 2419 etiam
1455 2390 1594 2432 penta-

126 2448 234 2486 metri
260 2461 390 2486 versus
419 2448 647 2488 hexametris
672 2457 813 2487 temere
832 2448 1012 2496 admixti,
1043 2448 1151 2499 cujus
1184 2448 1346 2488 licentiae
1374 2448 1489 2486 multa
1509 2457 1596 2486 sunt

123 2514 161 2550 in
182 2513 312 2559 titulis,
334 2513 400 2551 sed
421 2527 491 2551 nec
519 2513 792 2565 antiquissimis
817 2527 886 2552 nec
907 2514 1078 2564 optimis,
1096 2514 1269 2564 exempla
1295 2513 1438 2561 (confer
1455 2520 1492 2549 et
1509 2525 1594 2562 quae

123 2576 212 2614 olim
233 2577 447 2615 notavimus
467 2578 513 2615 ad
533 2577 720 2628 Sibyllina
737 2587 887 2625 nostra,
910 2578 974 2617 lib.
991 2579 1020 2627 1,
1040 2592 1076 2616 v·
1101 2578 1201 2622 146).
1222 2578 1331 2615 Patet
1347 2585 1473 2615 autem
1491 2577 1593 2615 scri-

123 2649 231 2689 ptum
247 2640 348 2678 hunc
362 2649 449 2679 ante
467 2641 580 2680 fuisse
595 2654 708 2692 quam
723 2642 883 2680 ethnicae
897 2642 1090 2694 religionis
1109 2640 1287 2692 publicus
1306 2654 1394 2680 usus
1412 2641 1589 2680 abolere-

122 2713 198 2750 tur,
221 2704 256 2741 id
289 2714 358 2750 est,
378 2714 465 2743 ante
494 2706 617 2756 quinti
637 2707 764 2744 sarculi
784 2707 913 2753 initia,
934 2707 1004 2744 etsi
1024 2706 1086 2743 vix
1115 2715 1202 2744 ante
1224 2706 1375 2744 tertium
1394 2713 1461 2743 aut
1479 2719 1594 2756 quar·

120 2777 211 2804 tum.
234 2767 306 2804 Diu
332 2780 423 2815 crgo
443 2776 479 2804 cet
496 2781 613 2818 usque
630 2767 676 2805 ad
694 2777 862 2806 extrema
879 2768 1101 2817 gentilitatis
1123 2777 1295 2819 tempora
1320 2767 1455 2805 mansit
1486 2768 1588 2817 apud

121 2832 338 2880 Erythraeus
367 2831 520 2880 Sibynae
544 2833 755 2876 veneratio,
779 2842 815 2870 et
839 2833 990 2882 quidem
1016 2842 1191 2884 tanquam
1223 2833 1406 2883 Nympha·
1428 2832 1587 2882 aiicujus
