1752 3495
127 231 188 276 80
507 227 588 271 AD
621 227 672 271 Sl
680 224 891 271 BYLLIN
895 226 968 271 OS
1001 225 1207 270 LlBROS

123 323 233 362 ὅυλλα
252 326 274 371 ἠ
291 321 480 374 Ἐρυῡραία
513 322 547 359 ἐν
578 320 747 373 Αἰγύπτῳ
765 321 974 371 ἐγνωρίζιτο.
1004 320 1076 360 Sed
1099 320 1194 358 male
1219 318 1392 370 profecto
1419 318 1586 369 scriptor

124 386 401 425 Alexandrinus
430 384 468 423 id
491 384 614 422 laudis
641 384 687 421 ud
715 383 910 434 AEgyptios
942 384 1074 431 traxit,
1103 395 1218 434 quum
1242 381 1346 433 apud
1377 381 1583 420 Eusebium

122 458 314 488 auctorem
335 461 445 486 suum
459 476 470 495 ,
489 457 581 486 teste
609 447 832 486 Armeniaca
863 446 1060 493 versione,
1080 446 1159 484 lnasc
1183 453 1325 483 tantum
1351 445 1554 483 invenisset
1575 458 1583 480 ε

122 512 278 552 Σίῦυλλα
297 514 319 559 ἦ
341 510 529 563 Ἰἰρυθραία
553 511 763 562 ἱγνωρίζετο.
787 512 865 548 Nee
883 510 999 560 magis
1024 510 1214 548 lideudum
1238 508 1281 546 iis
1302 521 1386 557 quae
1407 507 1587 557 leguntur

72 616 79 624 ,
121 576 223 627 apud
245 575 414 617 Suidam,
432 589 470 616 v.
491 573 705 628 Προμηθεύς,
721 573 800 610 sive
820 572 865 609 ad
885 573 1097 624 [Egyptiam
1113 572 1292 623 Sibyllam
1316 572 1394 609 sive
1411 571 1458 608 nd
1473 571 1585 608 aliam

121 640 354 677 referantur:
374 631 444 676 ’Ἦν
463 637 498 675 δὲ
518 638 594 675 τότε
619 636 676 674 καὶ
697 636 816 686 μάντις
833 635 990 674 Σίῧυλλα
1003 665 1012 683 ,
1034 636 1268 686 βασιλεύοντος
1287 636 1368 686 παρ’
1387 634 1587 683 Αἰγυπτίοις

120 701 278 753 Φαραὼ,
298 705 358 740 τοῦ
389 702 446 741 καὶ
467 700 642 751 Ταραχὼ,
670 701 754 749 παρ’
773 698 929 744 Ἕλλησι
958 698 993 736 δὲ
1023 701 1057 737 ἐν
1088 699 1245 745 Ἀθήναις
1276 699 1465 751 Κέκροπος.
1492 698 1585 736 Nam

120 769 283 818 primum
311 776 411 804 totus
428 767 490 804 illc
507 765 631 804 Suidae
646 764 766 810 locus,
783 763 887 801 unde
912 763 991 800 liaec
1010 763 1126 801 verba
1144 764 1341 814 desumpta
1360 771 1463 812 sunt,
1481 777 1501 800 e
1518 775 1586 799 va-

119 832 264 868 riorum
289 844 445 882 operum
466 830 644 866 ramentis
672 829 800 878 inepte
827 827 1031 865 admodum
1055 829 1241 864 conflatus
1272 835 1329 864 est
1358 826 1405 863 ab
1439 827 1585 864 incerto

118 891 382 945 compilatore.
406 892 602 932 Deindein
623 893 680 929 his
697 892 788 942 ipsis
808 891 934 928 verbis
950 900 1123 941 tempora
1145 891 1257 928 stulte
1271 877 1584 936 confunduntur,

111 973 235 1010 quum
253 960 417 1008 Cecrops
435 957 717 1007 antiquissimus
735 957 796 993 ille
814 955 1046 994 Athenarum
1065 955 1260 999 conditor,
1278 963 1315 996 et
1332 954 1508 992 'l'aruclio
1520 967 1586 991 rex

120 1023 317 1074 AEgyptius
334 1035 377 1059 ex
394 1021 603 1070 [Etliiopica
622 1020 815 1069 dynastia,
832 1020 941 1056 :uiuis
965 1020 1049 1070 plus
1070 1018 1320 1069 septingentis
1346 1026 1585 1068 separentur.

119 1087 245 1126 Unum
267 1098 397 1122 verum
416 1092 486 1130 est,
504 1083 738 1121 'ran-achonis
755 1092 792 1121 et
811 1083 963 1133 Sibyllae
984 1082 1111 1134 (modo
1132 1091 1267 1120 auctor
1291 1082 1477 1132 Erythraei
1497 1095 1586 1119 car-

119 1151 244 1197 minis,
264 1163 338 1187 non
354 1148 435 1198 ipsa
454 1147 597 1198 Sibylla
618 1148 877 1198 intelligatur),
896 1157 1064 1198 tempora
1080 1148 1169 1185 satis
1191 1155 1290 1185 reete
1308 1148 1344 1184 in
1363 1160 1480 1184 unum
1502 1160 1587 1183 eon-

116 1213 271 1260 venire,
294 1225 429 1262 nempe
452 1213 488 1249 in
510 1222 688 1250 octavum
710 1211 787 1248 sere
806 1212 985 1249 saeculum
1010 1219 1097 1248 ante
1115 1210 1256 1248 Christi
1277 1211 1428 1248 natales.
1453 1211 1588 1248 Cetera

116 1277 262 1313 somnia
287 1275 464 1312 videntur
483 1274 795 1326 grammaticastri
815 1274 1058 1321 recentioris,
1081 1287 1130 1311 ne
1150 1274 1266 1312 Suida
1287 1274 1440 1324 quidem
1461 1273 1586 1324 digna.

170 1328 351 1378 Doctiora
366 1345 468 1386 sunt,
488 1353 556 1377 nec
574 1349 696 1377 tamen
718 1339 890 1385 veriora,
906 1338 1139 1388 omninoque
1159 1338 1455 1376 Alexandrinam
1479 1338 1588 1374 vani-

119 1412 232 1442 tatem
253 1403 449 1448 redolent,
471 1417 556 1453 quae
572 1403 674 1453 apud
697 1403 934 1440 Eustatliium
953 1403 1131 1453 leguntur
1146 1402 1193 1439 ad
1216 1402 1354 1452 Odyss.
1377 1418 1423 1453 μ,
1446 1403 1494 1438 (53
1513 1433 1522 1448 ‚
1541 1414 1588 1439 ex

119 1468 335 1506 Alexandro
364 1467 531 1517 Paphio,
555 1468 708 1505 incertae
737 1468 856 1504 :etatis
885 1476 1061 1517 auctore,
1091 1466 1138 1504 de
1158 1465 1310 1516 ,Sibylla
1342 1466 1421 1503 sive
1457 1479 1588 1516 reapse

118 1532 293 1583 AEgyptia
331 1532 409 1569 sive
438 1531 568 1569 saltem
595 1531 630 1568 in
666 1530 827 1582 AEgypto
856 1539 1137 1577 commorante,
1174 1543 1259 1581 quae
1289 1530 1445 1569 Homeri
1482 1530 1587 1581 (uam

118 1597 222 1634 illum
255 1609 409 1647 quoque
427 1596 464 1632 iu
483 1596 644 1646 AEgypto
664 1596 829 1645 genitum
851 1595 977 1646 plures
997 1595 1240 1632 commentati
1267 1596 1365 1643 sunt)
1389 1594 1588 1632 cunabulis

117 1660 270 1697 assuerit
293 1674 300 1697 :
320 1658 542 1710 Ἀλέξανδρος
571 1662 589 1696 ὁ
618 1659 752 1711 Πάφιος
768 1660 895 1710 ἱστορεῖ
914 1657 970 1696 τὸν
988 1655 1152 1711 υΟμηρον
1176 1659 1246 1696 υἱὸν
1269 1659 1466 1708 Αἰγυπτίων
1483 1660 1588 1707 Δμα-

117 1724 264 1775 σαγόρου
294 1723 352 1762 καὶ
378 1722 564 1773 Αἴθρας...,
594 1723 770 1775 εὑρεθῆναί
794 1738 831 1760 τε
859 1721 927 1776 [τὸ]
958 1722 1094 1760 παιδίον
1127 1722 1215 1774 μετὰ
1249 1725 1461 1775 περιστερῶν
1492 1722 1588 1760 ἐννέα

116 1789 237 1830 παῖζον
261 1786 316 1824 ἐπὶ
335 1788 395 1832 ’.ἧς
412 1786 541 1832 κλίνης.
564 1786 820 1838 Εὐωχουμένην
839 1786 874 1823 δὲ
894 1784 988 1839 παρὰ
1010 1791 1079 1829 τοῖς
1096 1789 1157 1824 τοῦ
1179 1785 1300 1829 παιδὸς
1319 1785 1510 1832 &Cenum
1527 1787 1589 1836 ἐμ-

118 1852 209 1899 μανῆ
234 1856 435 1900 γεγονυῖαν,
455 1849 520 1896 ἔπη
553 1848 748 1900 σχεδιάσαι,
768 1843 815 1887 ὧν
840 1848 952 1902 ἀρχὴ,
973 1849 1189 1902 Δμασαγόροι
1215 1849 1398 1898 πολύνικε,
1415 1851 1448 1887 ἐν
1467 1844 1513 1892 οἷς
1530 1848 1590 1888 καὶ

118 1915 292 1964 μεγακλεῆ
309 1915 368 1952 καὶ
389 1914 596 1967 στεφανίτην
629 1914 729 1952 αὐτὸν
749 1920 948 1966 προσειπεῖν
965 1944 975 1962 ,
994 1915 1051 1952 καὶ
1071 1904 1165 1952 ναὸν1
1180 1914 1296 1952 κτίσαι
1316 1916 1477 1952 κελεῦσαι
1493 1913 1589 1951 ἐννέα

118 1979 297 2031 Πεγριὸῶν
315 1976 386 2031 [an
408 1976 768 2032 Πιερίδωνῖ]·ἑδήλου
786 1978 822 2016 δὲ
842 1977 901 2020 τὰς
917 1977 1080 2021 Μούσας·
1103 1977 1161 2016 τὸν
1178 1978 1213 2017 δὲ
1232 1978 1291 2016 καὶ
1310 1982 1410 2015 τοῦτο
1429 1981 1590 2023 ποι-ἧσαι,

117 2042 176 2080 καὶ
192 2045 241 2095 τῷ
257 2042 355 2080 παιδὶ
369 2041 575 2095 ἀνδρωθέντι
595 2043 737 2087 ἐξειπεῖν
754 2043 793 2081 τὸ
812 2049 972 2095 πρᾶγμα.
987 2045 1085 2082 'rum
1108 2057 1200 2094 ergo
1220 2056 1338 2094 quum
1356 2043 1434 2080 haec
1451 2042 1591 2080 scribe-

118 2115 267 2152 rentur,
286 2115 416 2144 notum
435 2115 515 2144 erat
532 2120 683 2145 carmen
710 2108 866 2158 aliquod
891 2121 955 2146 seu
976 2109 1155 2146 carminis
1180 2108 1431 2157 fragmentum
1445 2134 1456 2152 ,
1480 2106 1585 2156 quod

118 2169 271 2220 Sibyllae
291 2179 464 2220 tanquam
486 2171 667 2221 AEgyptiae
691 2170 960 2218 tribuebatur,
984 2172 1169 2222 scriptum
1192 2171 1368 2209 videlicet
1393 2170 1431 2208 in
1462 2171 1589 2209 liono-

121 2247 198 2270 rem
217 2234 368 2271 llomeri
383 2234 542 2284 ejusque
558 2244 758 2285 parentum
777 2249 784 2273 :
809 2235 847 2272 in
865 2244 1116 2286 quopropter
1133 2235 1328 2282 infantem,
1343 2235 1403 2272 cui
1419 2235 1588 2272 nascenti

119 2310 255 2334 novem
279 2297 464 2334 columbae
487 2297 698 2335 adfuissent
720 2298 872 2347 (confer
892 2299 1111 2346 Horatium,
1144 2299 1206 2336 lib.
1238 2299 1313 2346 lll,
1331 2298 1394 2338 od.
1425 2304 1444 2342 l.
1460 2326 1470 2342 ‚
1492 2313 1527 2337 ν.
1551 2312 1587 2347 9,

118 2360 219 2411 ἕψῃ,
247 2361 387 2411 aliquid
408 2361 528 2400 simile
550 2363 660 2401 de‘se
682 2363 921 2413 jactantem),
947 2363 1156 2412 jubebatur
1176 2371 1283 2414 pater
1310 2363 1488 2400 sacellum
1517 2377 1588 2400 no-

119 2438 203 2462 vem
224 2425 341 2463 Musis
357 2435 561 2464 exstruere.
581 2428 675 2472 Quae
692 2428 866 2477 quamvis
881 2427 1059 2475 absurda,
1079 2436 1200 2464 tamen
1218 2427 1428 2478 antiquitus
1449 2436 1538 2465 nota
1553 2436 1589 2464 et

118 2489 220 2527 clara
246 2489 360 2527 fuisse
379 2499 527 2528 constat
551 2504 595 2529 ex
615 2491 857 2542 Antliologiae
876 2492 1168 2542 epigrammate,
1190 2492 1308 2542 Anah,
1330 2500 1354 2529 t.
1376 2492 1407 2540 1,
1428 2505 1465 2543 p.
1492 2492 1584 2540 487,

118 2552 241 2604 epigr.
263 2555 284 2590 6
300 2582 310 2599 ‚
330 2554 366 2590 in
384 2567 459 2603 quo
479 2555 531 2592 sic
547 2555 708 2605 loquens
730 2557 916 2593 Homerus
932 2555 1125 2594 inducitur
1145 2569 1152 2593 ε

274 2615 352 2655 Οὔκ
368 2618 449 2665 εἶμ’,
469 2618 538 2655 οὐδ’
559 2618 684 2670 ἔσομαι
701 2618 915 2668 Σαλαμίνιος
930 2648 940 2666 ,
960 2618 1036 2657 οὐδὲ
1055 2618 1117 2670 μὲν
1137 2618 1206 2662 υἱὸς

325 2680 571 2734 Δμτβαγόρου.

116 2744 227 2785 Unde
241 2745 341 2782 enim
359 2746 625 2797 Dmasagorae,
650 2757 827 2797 tanquam
850 2748 1005 2786 llomeri
1029 2749 1195 2798 parentis
1209 2777 1219 2796 ,
1243 2747 1386 2785 mentio
1416 2747 1494 2792 ssat,
1514 2747 1588 2789 nisi¹

117 2822 165 2846 ex
192 2809 256 2846 illa
279 2808 432 2848 sabula?
464 2812 530 2849 Est
563 2825 678 2862 porro
709 2812 801 2850 illud
831 2812 1064 2862 epigramma
1095 2812 1206 2850 Alcaei
1235 2812 1436 2855 Messenii,
1469 2825 1583 2862 quem

118 2873 256 2911 vixisse
295 2883 442 2913 constat
478 2876 549 2913 sub
584 2876 765 2927 Philippo
796 2877 837 2924 V,
858 2876 1088 2913 Macedoniae
1115 2889 1224 2925 rege,
1256 2876 1438 2913 Demetrii
1477 2875 1555 2912 filio
1569 2902 1581 2919 ‚
