1686 3500
596 157 614 193 s
650 158 958 204 EXCURSUS
990 162 1046 206 V·.
1490 161 1578 206 36¹¹:

317 253 453 306 Πρόσθε
473 252 635 306 κεραυνὸς
656 255 772 306 φῶτα,
792 268 829 291 κ.
850 267 881 292 τ.
901 255 936 291 λ.
1427 237 1436 248 ⁵

111 319 243 371 Agitur
266 315 314 354 de
336 329 424 367 rege
444 315 618 367 quodam'
632 317 764 368 ignoto
791 316 926 368 etjam
953 315 1064 354 nobis
1087 318 1373 368 investigando,
1390 331 1490 356 saevo
1515 318 1583 356 illo

109 382 258 435 quidem
275 389 312 418 et
330 380 474 432 injusto
494 389 531 418 et
554 380 744 427 violento,
763 381 829 432 qui
850 394 964 432 grave
981 380 1029 419 sit
1054 380 1195 418 bellum
1215 382 1387 420 illaturus
1405 383 1503 421 Asiae
1525 382 1582 420 di·

109 446 247 486 vitibus
269 445 364 492 oris,
388 446 436 488 εἷς
463 444 622 487 Ἀσσίδος
647 443 762 483 ὄλόιον
791 438 911 492 οὖδας,
937 454 974 482 et
1005 458 1092 482 eum
1121 444 1275 495 quidam
1304 446 1580 495 Alexandrum,

109 510 259 564 quidam
281 509 512 548 Antiochum
536 517 769 560 putaverunt
787 522 797 556 ς
823 509 936 548 nobis
953 508 1046 561 quid
1068 508 1116 547 de
1131 521 1173 547 ea
1189 521 1230 547 re
1252 509 1442 564 videatur,
1458 524 1581 563 expo-

110 588 198 614 nere
213 573 292 626 jam
314 582 463 625 tempus
479 582 548 612 est.

157 640 295 678 Verum
317 638 355 676 in
375 638 502 689 primo
517 638 640 677 statim
667 651 780 676 versu
800 637 923 676 nodus
949 636 1092 686 obstat,
1108 638 1213 690 quod
1238 637 1291 689 ibi
1311 638 1425 677 codd.
1447 653 1580 678 omnes

110 703 350 755 manuscripti
372 703 406 749 ἐξ
425 702 579 746 Ἀσσίδος
605 703 664 742 vel
687 702 722 748 ἐξ
747 702 896 751 Ἀσίδος,
918 716 994 741 non
1015 703 1062 746 εἰς
1087 701 1240 747 Ἀσσίδος
1262 703 1450 749 habeant,
1470 705 1520 743 ita
1541 714 1583 743 ut

107 784 150 810 ex
176 768 263 808 Asia
292 782 417 820 regem
444 768 659 816 adducant,
676 781 790 820 quem
812 769 930 806 altera
951 768 1064 806 lectio
1091 769 1129 806 in
1153 769 1279 806 Asiam
1297 769 1445 807 venisse
1460 769 1580 820 fingit.

106 837 271 882 Quarum
306 833 512 871 lectionum
539 833 725 871 alterutra
757 842 945 884 quantum
977 833 1102 871 valeat
1139 832 1187 870 ad
1212 833 1430 872 mutandam
1467 834 1583 872 totius

107 900 176 939 loci
194 899 523 951 significationem,
541 912 654 937 nemo
677 912 754 937 non
776 899 896 938 videt.
916 900 1058 938 Verum
1078 908 1210 950 aperte
1234 908 1334 937 stare
1362 913 1438 937 non
1455 908 1584 951 potest

107 965 137 1010 ἐξ
157 963 309 1007 Ἀσσίδος
333 964 423 1015 quia
450 964 574 1002 statim
599 964 755 1016 legitur,
777 977 811 1002 v.
833 966 922 1014 390,
943 977 997 1015 sq.
1018 973 1040 1002 τ’
1586 973 1591 977 ’

417 1029 447 1067 K
454 1027 537 1066 ακὸν
559 1029 587 1066 δ’
603 1027 700 1076 Ἀσίη
718 1027 819 1080 ζυγὸν
840 1027 907 1073 ἔξει

311 1094 432 1140 Πᾶσα,
454 1091 563 1131 πολὺν
584 1091 619 1130 δὲ
641 1091 735 1146 χθὼν
757 1092 873 1132 πίεται
892 1093 993 1146 φόνον
1012 1092 1226 1146 ὄμὸρήεντα.

104 1159 208 1200 Unde
224 1157 544 1210 apparet-bellum
567 1158 606 1196 in
627 1158 753 1196 Asiam
766 1189 776 1207 ,
792 1172 867 1196 uon
886 1172 932 1196 ex
952 1158 1040 1198 Asia
1056 1172 1136 1197 esse
1151 1158 1297 1197 illatum
1313 1172 1322 1196 :
1344 1157 1583 1197 retinendum

104 1237 190 1280 ergo
211 1225 257 1266 εἷς
281 1221 435 1267 Ἀσσίδος
458 1221 575 1261 ὅλῧιον
589 1216 711 1266 οὖδας.
741 1223 998 1261 Grammatica
1018 1223 1134 1261 etiam
1156 1223 1244 1261 huic
1269 1223 1426 1261 lectioni
1457 1222 1580 1269 favet,

103 1295 278 1346 quoniam
303 1295 332 1332 si
358 1293 391 1339 ἐξ
417 1293 572 1338 Ἀσσίδος
589 1296 814 1348 retineatur,
838 1295 933 1333 illud
954 1295 1094 1334 deinde
1111 1294 1228 1333 ὄλὸιον
1247 1287 1369 1342 οὖδας,
1389 1293 1583 1332 subtracta

105 1359 391 1411 praepositione,
414 1372 535 1410 graece
559 1358 712 1410 quidem
737 1359 912 1407 fortasse,
934 1359 1003 1397 sed
1018 1358 1198 1411 ambigue
1218 1358 1362 1397 dictum
1384 1358 1509 1397 suerit.
1537 1358 1583 1396 Et

103 1425 240 1475 legerat
264 1437 353 1461 sane
374 1423 575 1461 nobiscum
595 1424 642 1467 εἰς
656 1423 811 1468 Ἀσσίδος
834 1432 969 1461 auctor
988 1423 1178 1462 librorum
1193 1423 1469 1475 Sibyllinorum
1492 1422 1583 1460 ulti-

103 1502 262 1535 morum,
283 1488 349 1540 qui
373 1488 451 1526 baec
469 1487 516 1526 ad
534 1488 793 1526 Alexandrum
814 1489 959 1536 retulit,
982 1488 1049 1529 lib.
1074 1490 1144 1535 XX,
1161 1502 1198 1528 v.
1220 1489 1310 1535 215,
1333 1501 1418 1540 sqq.
1439 1499 1450 1527 2

308 1552 426 1597 Δεινὸς
441 1552 507 1606 γάρ
527 1568 565 1591 σε
578 1551 667 1591 λέων
688 1552 873 1599 ἐπιίξεται,
893 1551 1072 1606 ὠμοὸόρος
1092 1552 1178 1606 Θήρ,

307 1616 465 1671 Ἄγριος,
492 1619 697 1666 ἁλλοδίκης,
718 1634 754 1658 κ.
776 1635 806 1657 τ.
829 1620 865 1659 λ.

101 1683 252 1735 Rejecta
269 1683 388 1735 igitur
407 1692 474 1722 aut
493 1683 540 1722 ad
560 1694 713 1735 tempus
730 1684 898 1734 neglecta
918 1684 1082 1723 lectione
1099 1682 1132 1729 ἐξ
1151 1682 1324 1732 Ἀσσίδος,
1350 1691 1579 1735 servataque

102 1748 237 1794 altera,
259 1763 372 1800 quam
397 1742 593 1797 dedimus,
617 1749 902 1788 consideremus
927 1750 1030 1801 jam,
1056 1758 1186 1788 utrum
1218 1757 1321 1788 recte
1351 1762 1474 1788 necne
1500 1749 1583 1787 haec

101 1813 144 1851 ad
174 1814 431 1852 Alexandrum
464 1814 596 1852 referri
617 1815 781 1866 possint3
808 1814 912 1866 quod
930 1815 1153 1870 *praesertim
1179 1828 1200 1853 e
1230 1813 1479 1866 sequentibus
1509 1826 1581 1852 co-

102 1887 318 1931 gnoscetur.
347 1879 554 1918 Proximus
574 1880 729 1931 quidem
749 1893 904 1927 versuS,
927 1882 1002 1931 393
1026 1896 1035 1919 :

307 1943 411 1984 Ἀλλὰ
427 1944 487 1983 καὶ
509 1943 557 1988 ὣς
575 1946 766 1983 πανάϊστον
783 1945 909 1984 ἅπαντ’
932 1944 1044 1992 Ἀΐδης
1065 1944 1268 1998 θεραπεύσει
1280 1973 1291 1994 ,

102 2009 146 2047 de
166 2009 374 2048 Alexandri
391 2016 514 2048 morte
533 2010 624 2048 ferri
644 2018 782 2062 potest.
801 2010 875 2050 Sed
891 2011 984 2062 quid
1002 2011 1233 2062 sequentes?

305 2067 376 2112 Ἷὶν
397 2073 439 2121 δή
461 2089 526 2126 περ
544 2073 664 2125 γενεὴν
684 2074 784 2117 αὐτὸς
801 2075 891 2113 Οέλει
912 2074 1144 2119 §innoteseat
1158 2103 1168 2121 ,

307 2138 371 2178 Ἐκ
391 2142 458 2178 τῶν
479 2139 520 2186 δὴ
540 2133 659 2191 γενέἧς
678 2142 782 2179 αὐτοῦ
802 2139 898 2190 γένος
915 2140 1146 2186 ἐξαπολεῖται.

61 2197 64 2199 ’
103 2204 156 2241 An
180 2203 252 2242 hoc
270 2204 458 2242 ullatenus
480 2204 528 2243 de
549 2204 774 2243 Alexandro
792 2212 924 2243 verum
941 2214 1020 2250 est,
1043 2204 1255 2258 periturum
1274 2205 1375 2244 illius
1397 2217 1518 2257 genus
1529 2203 1581 2244 ab

101 2267 144 2306 iis
161 2281 326 2319 quorum
350 2269 432 2320 ipse
446 2282 565 2320 genus
584 2270 742 2319 perdere
763 2270 958 2308 voluerit?
983 2271 1028 2308 Et
1050 2270 1124 2308 hoc
1145 2269 1285 2309 deinde
1306 2283 1315 2309 ι

307 2331 427 2378 Ῥίζαν
445 2332 502 2372 ἴαν
518 2350 557 2385 γε
577 2333 707 2383 διδοὺς,
727 2334 775 2382 ἣν,
788 2335 846 2374 καὶ
867 2334 966 2389 κόψεν.
985 2335 1212 2389 Βροτολοιγὸς

307 2398 375 2437 Ἐκ
392 2397 476 2437 δέκα
493 2398 534 2445 δὴ
554 2400 708 2453 κεράτων
719 2429 728 2447 ,

102 2479 116 2496 v«
137 2462 300 2502 radicem
329 2476 467 2514 nempe
488 2477 601 2501 unam
626 2464 846 2515 relinquens
860 2494 870 2513 ,
890 2477 1004 2514 quam
1033 2464 1135 2502 Mars
1160 2462 1351 2501 homicida
1368 2461 1512 2501 secabit
1531 2475 1579 2500 ex

101 2545 114 2560 ι
133 2527 258 2566 decem
270 2528 455 2565 cornibus
468 2556 477 2574 ‚
495 2546 510 2562 n
527 2528 564 2566 id
585 2537 654 2576 est,
672 2538 806 2580 aperte
825 2538 914 2581 post
929 2528 1061 2566 decem
1082 2528 1351 2580 generationes
1368 2540 1378 2568 τ
1395 2527 1488 2578 quid
1508 2525 1583 2565 hoc

101 2600 207 2641 putas
219 2594 327 2630 esse?
347 2593 439 2631 Nam
453 2622 463 2640 ‚
484 2606 731 2645 quocumque
753 2593 870 2631 modo
886 2593 1151 2644 generationes
1170 2590 1426 2630 Macedonum
1449 2604 1581 2643 regum

101 2664 181 2694 ante
212 2657 468 2696 Alexandrum
493 2672 669 2709 magnum
691 2667 966 2706 numerentur,
990 2671 1067 2695 non
1089 2664 1214 2708 potest
1233 2670 1322 2695 sane
1344 2657 1401 2694 vel
1422 2656 1504 2708 ipse
1521 2654 1581 2694 vel

99 2719 175 2771 ejus
196 2722 295 2760 filius
313 2722 444 2773 AEgm,
465 2732 643 2773 tanquam
671 2723 843 2761 decimus
874 2731 939 2760 aut
964 2722 1188 2760 undet-imus
1213 2734 1303 2769 rex,
1323 2720 1485 2760 admitti.
1513 2720 1580 2759 Sin

100 2798 186 2823 vero
208 2787 339 2825 decem
355 2796 441 2838 post
455 2787 716 2826 Alexandrum
739 2801 846 2839 reges
863 2786 1072 2838 intelligas,
1091 2796 1129 2824 et
1149 2786 1315 2824 radicem
1337 2799 1415 2824 non
1436 2799 1482 2824 ex
1504 2798 1579 2836 qua

100 2850 192 2903 ipse,
221 2851 284 2889 sed
317 2865 400 2903 quae
428 2866 472 2890 ex
495 2853 580 2904 ipso
602 2852 851 2899 succreverit,
886 2866 1016 2890 rursus
1044 2865 1275 2903 quaeremus,
1304 2851 1423 2902 Syros
1445 2862 1504 2895 ne,
1529 2862 1578 2888 an
