1686 3500
187 257 280 304 502
570 256 651 302 AD
683 248 1020 303 SissYLLiNos
1045 255 1263 320 Lissizos·

184 353 216 392 δ’
236 353 274 398 ὃς
293 354 440 406 Περσῶν
453 352 561 407 λάχεν
570 384 583 406 ,
603 367 736 394 rursus
751 353 800 393 ab
820 355 1027 396 Occidente
1045 352 1251 392 arcessitur
1272 351 1408 391 orbem
1429 351 1652 390 universum

183 425 470 468 expugnaturus
485 425 798 469 vastanti-usque,
823 432 859 458 v.
881 419 965 465 103,
983 431 1042 468 sq.
1062 430 1073 456 .·

340 479 452 524 Αὐτὸς
467 479 496 518 δ’
512 481 550 519 ἐκ
566 481 707 532 δυσμῶν
722 480 946 529 εἰσπτῆσεται
966 480 1098 531 ἅλματι
1119 478 1257 532 κούφῳ,

340 541 538 595 Σῦμπασαν
551 548 655 595 γαῖαν
670 545 863 598 πολιορκῶν
873 573 884 592 ,
901 549 1017 582 πᾶσαν
1031 545 1183 595 ἕρημῶν.

181 607 307 646 Porro
330 606 423 645 iilud
448 607 486 646 ἐκ
510 607 649 659 δυσμῶν
668 608 780 660 (sicut
801 606 981 659 θυγατέρες
1007 607 1170 657 δυσμῶν,
1191 605 1266 646 iib.'
1282 605 1335 645 Hi
1350 635 1360 655 ,
1385 619 1420 646 ν.
1447 605 1539 657 324)
1558 605 1648 653 ,vix

180 671 340 722 intelligi
368 679 493 722 potest
514 671 588 710 nisi
614 671 662 710 de
687 672 807 711 Roma
836 671 913 709 sive
933 671 1065 718 ltalia,
1093 683 1170 721 qua
1196 668 1340 721 potitus
1369 667 1648 718 Antichristus,

179 748 313 773 rursus
339 735 376 772 in
399 734 545 783 Asiam,
567 744 604 774 et
634 735 792 775 sortasse
811 735 848 773 in
869 734 1037 773 Judaeam
1052 762 1063 782 ,
1084 742 1306 784 ceterasque
1329 733 1500 772 Orientis
1520 732 1652 783 plagas

178 798 350 837 nondum
366 799 602 851 perdomitas
624 800 851 838 transiturus
869 808 935 837 est.
954 800 1072 838 Roma
1093 798 1192 836 enim
1210 797 1289 849 jam
1311 810 1331 835 a
1351 796 1480 848 primo
1497 808 1651 834 accessu

177 863 390 913 potiturum
423 864 552 912 illum,
584 864 652 903 etsi
683 864 755 902 hoc
779 864 865 902 ioco
896 877 972 901 non
1001 863 1167 910 dicitur,
1203 872 1329 900 tamen
1353 862 1452 900 infra
1476 861 1652 910 dicetur,

179 937 215 962 v.
240 925 314 962 366
333 937 342 963 :
1263 931 1265 933 “

335 982 402 1033 ’Ἧς
420 988 521 1042 χάριν
535 988 645 1027 ὤλετό
664 989 695 1026 τ’
719 988 820 1032 αὐτὸς
829 1020 842 1040 ,
865 990 934 1027 ἑλεῖ
947 988 1077 1036 ταύτην
1095 991 1334 1042 παραχρῆμα,

178 1051 241 1090 ubi
266 1053 457 1091 notandus
477 1054 573 1091 ordo
595 1067 720 1092 rerum
738 1054 933 1105 quomodo
954 1054 1182 1100 deducatur,
1199 1067 1233 1093 v.
1258 1054 1347 1101 362,
1362 1067 1444 1105 sqq.
1468 1069 1475 1093 ε

333 1115 435 1162 Ἷὶξει
449 1117 478 1155 δ’
496 1118 534 1156 ἐκ
555 1118 714 1171 περάτων
729 1117 833 1170 γαίης
848 1118 1079 1171 μητροκτόνος
1095 1117 1199 1170 ἀνήρ,

333 1369 378 1414 ’Ἥ
384 1391 398 1418 ς
411 1374 514 1429 χάριν
529 1375 639 1414 ὤλετό
654 1375 684 1413 τ’
701 1375 820 1422 αὐτὸς,
836 1377 908 1414 ἑλεῖ
922 1376 1055 1423 ταύτην
1073 1381 1308 1430 παραχρῆμα.

175 1440 256 1477 Hoc
279 1453 371 1491 ergo
394 1440 569 1477 ultimum
588 1439 870 1477 hemistichium
892 1439 986 1477 nihil
1006 1439 1110 1477 aliud
1128 1440 1203 1478 sibi
1228 1440 1332 1487 vult,
1353 1440 1424 1479 nisi
1447 1440 1605 1479 Romam
1629 1454 1651 1479 a

173 1505 326 1544 Nerone
352 1513 506 1556 captum
528 1504 601 1552 iri,
624 1504 733 1556 cujus
753 1503 895 1541 invidia
917 1495 1097 1555 perierat,
1117 1505 1214 1542 sicut
1234 1518 1304 1542 nos
1330 1505 1421 1543 olim
1447 1513 1650 1543 notavera-

174 1583 257 1608 mus
275 1568 322 1607 ad
345 1569 383 1607 h.
409 1570 434 1610 1.
472 1572 594 1620 Atque
619 1567 673 1606 ibi
708 1568 951 1606 muita'saeva
982 1568 1150 1619 patrabit
1173 1569 1290 1606 homo
1319 1569 1446 1617 dirus,
1476 1578 1512 1607 et
1537 1569 1649 1621 plura

173 1647 286 1685 qnam
307 1633 507 1685 quisquam
526 1642 613 1671 ante
634 1633 781 1684 ipsum;
807 1632 912 1670 addit
933 1633 1033 1670 enim
1052 1643 1188 1684 poeta,
1207 1646 1242 1672 v.
1263 1634 1352 1684 367,
1375 1646 1457 1685 sqq.
1479 1646 1488 1673 e

330 1694 473 1751 Ἄνδρας
491 1700 525 1734 τ’
541 1695 689 1741 ἐξολέσει
705 1695 851 1739 πολλοὺς
863 1726 874 1748 ‚
889 1696 1058 1747 μεγάλους
1072 1711 1108 1734 τε
1123 1696 1310 1749 τυράννους
1322 1726 1332 1744 ,

330 1761 470 1805 Πάντας
482 1761 513 1798 τ’
533 1760 723 1814 ἐμπρήσει,
743 1761 787 1803 ὡς
806 1759 932 1807 δήποτε
953 1760 1054 1803 ἄλλος
1069 1761 1198 1809 ἐποίει,

170 1827 242 1864 nisi
265 1826 398 1864 melius
427 1839 512 1864 cum
543 1825 697 1863 Bieekio
726 1824 828 1876 legas
857 1824 975 1862 ἄλλοτ’
995 1824 1127 1871 ἐποίει,
1158 1834 1197 1862 ut
1224 1824 1375 1863 easdem
1399 1823 1652 1875 caedes,quas

169 1891 281 1941 olim,
313 1904 428 1941 quum
464 1890 628 1942 primum
669 1897 868 1940 regnaret,
908 1890 1180 1927 commissurus
1215 1890 1355 1928 iterum
1392 1888 1643 1942 praedicatur,

170 1957 386 2007 iterumque
406 1957 561 1994 nomam
582 1953 740 1992 flammis
761 1953 932 2000 daturus,
949 1953 1079 1997 πάντας
1094 1954 1125 1992 τ’
1143 1954 1332 2008 ἐμπρήσει.

221 2020 292 2059 Sed
305 2020 397 2071 quid
414 2020 563 2057 interim
585 2019 792 2058 Antonini?
807 2018 949 2056 Credas
967 2019 1071 2069 ipsos
1094 2032 1249 2069 quoque
1268 2019 1507 2067 interfectos,
1527 2032 1648 2070 quum

167 2085 318 2124 additos
337 2086 436 2136 legas
453 2086 665 2122 occisorum
683 2097 842 2121 numero
863 2097 1019 2134 magnos
1032 2083 1218 2135 quosdam
1240 2084 1456 2136 principes,
1477 2084 1646 2135 μεγάλους

168 2164 206 2188 τε
224 2149 419 2202 τυράννους.
440 2154 560 2200 Atque
577 2149 672 2186 hanc
687 2148 943 2199 suspicionem
958 2148 1161 2186 confirmat
1178 2148 1284 2186 iocus
1303 2148 1415 2193 alius,
1434 2149 1502 2186 etsi
1525 2161 1592 2199 per
1608 2161 1647 2185 se

169 2214 373 2261 obscurus,
392 2214 560 2265 ejusdcm
584 2213 670 2250 libri
687 2213 733 2250 de
751 2212 886 2251 eodem
912 2213 1166 2259 Antichristo,
1185 2225 1222 2253 v,
1247 2226 1338 2259 221,
1355 2227 1437 2264 sqq.
1460 2227 1468 2253 :

326 2279 459 2329 Πρῶτοι
479 2276 540 2327 μὲν
555 2278 594 2315 ἐκ
609 2279 758 2329 τρισσῶν
774 2278 932 2330 κεφαλῶν
956 2276 1016 2316 σὺν
1036 2277 1191 2327 πληγάδι
1212 2277 1304 2331 ῥίζας

326 2340 576 2391 Σπασσᾶμενος
594 2341 770 2393 μεγάλως,
788 2340 914 2393 ἑτέροις
931 2341 1052 2380 δώσειε
1070 2341 1269 2389 πάσασθαι,

325 2406 434 2445 “stete
453 2412 573 2459 φαγεῖν
594 2407 723 2457 σάρκας
742 2406 870 2457 γονέων
894 2408 1064 2457 βασιλῆας
1084 2407 1262 2457 ἀνάγνους.

172 2471 352 2517 Quamvis
367 2471 467 2508 enim
485 2470 654 2521 quaedam
677 2471 711 2507 in
732 2479 836 2508 textu
858 2471 1003 2508 incerta
1024 2470 1099 2508 sint
1119 2479 1156 2508 ct
1177 2471 1336 2509 sortasse
1355 2479 1552 2521 corrupta,
1575 2484 1643 2507 no-

171 2534 230 2572 bis
249 2542 371 2571 tamen
391 2534 548 2572 dubium
569 2548 644 2572 non
667 2542 722 2572 est
742 2535 833 2584 quin
850 2533 990 2586 τρισσὰς
1010 2533 1159 2587 κεφαλάς
1179 2543 1254 2572 tres
1276 2535 1486 2573 Antoninos
1511 2544 1642 2580 vocet,

171 2606 318 2650 patrem
351 2606 388 2635 et
417 2599 513 2636 lilios
547 2598 765 2649 adoptiv053
790 2611 933 2649 eosque
965 2599 1079 2648 fingat
1100 2597 1147 2636 ab
1173 2598 1410 2636 Antichristo
1436 2598 1473 2636 in
1495 2607 1643 2636 mutuas

171 2660 290 2699 caedes
303 2662 521 2712 compuisos
536 2662 690 2699 alternis
710 2662 849 2700 ictibus
865 2662 1057 2712 perituros
1069 2691 1079 2709 ,
1101 2675 1176 2712 qua
1193 2662 1239 2700 de
1259 2676 1301 2700 ro
1318 2664 1428 2714 plura
1445 2675 1515 2700 nos
1528 2663 1642 2703 infra.

170 2725 246 2765 Sed
275 2734 398 2763 tamen
434 2739 552 2763 unum
579 2739 626 2763 ex
657 2726 703 2764 iis
722 2740 917 2777 supere-53(¹
948 2740 1096 2765 necesse
1119 2727 1211 2773 erit,
1241 2728 1336 2766 sicut
1363 2741 1478 2779 supra
1500 2726 1640 2766 dictum

171 2792 317 2837 suerat,
334 2803 372 2830 v,
397 2790 440 2827 51
466 2805 472 2826 :

565 2853 610 2894 ‘O
631 2854 666 2893 δὲ
682 2855 839 2905 τρίτατος
856 2858 950 2909 σφῶν
965 2856 1026 2909 ὀψὲ
1043 2857 1231 2908 κρατήσει,

172 2920 276 2971 isque
296 2919 387 2957 dum
414 2918 646 2957 Antichristo
669 2920 840 2958 resistcre
865 2921 1017 2971 quaerit,
1036 2921 1074 2958 in
1095 2922 1278 2959 Graeciam
1301 2931 1335 2959 et
1358 2921 1640 2968 Macedoniam,
