1686 3500
558 199 560 203 ,
584 161 986 212 exemimus-v.
1370 207 1378 218 .
1420 168 1515 230 337,-

99 271 179 310 Hue
197 265 297 306 redit
311 264 431 302 altera
457 262 679 314 conjectura
706 276 820 317 quam
840 277 953 316 supra
968 263 1047 316 jam
1068 265 1107 303 in
1128 254 1202 319 line
1220 267 1354 320 capitis
1373 269 1516 321 prioris

51 332 303 386 exposuimus.
326 330 422 369 Nam
439 328 599 367 sortasse
624 328 720 367 idem
742 329 799 367 vel
821 330 918 367 alius
938 329 1134 381 Sibyllista
1152 334 1443 373 acrostichidem
1464 335 1516 375 ita

51 407 192 440 auctam
221 404 258 434 et
285 394 324 432 in
345 391 501 432 modum
521 392 723 445 justiilibri
755 394 1046 445 amplificatam,
1074 394 1266 448 principio
1293 411 1370 436 non
1399 399 1517 451 magis

50 476 157 516 quam
182 461 256 498 line
286 471 417 497 carere
447 457 631 505 volucrit3
660 466 776 509 atque
800 458 889 496 ideo
917 458 1144 497 carmen-illi
1166 458 1284 498 breve
1302 462 1517 513 quoddam,

50 525 191 567 exordii
215 536 281 562 seu
308 523 457 574 prologi
478 522 613 573 instar,
647 522 873 574 praefixerit,
906 522 1010 574 quod
1038 531 1171 576 postea
1201 523 1291 563 lnde
1327 525 1518 567 revulsum

52 591 231 640 tertioque
264 586 364 625 libro
391 599 604 633 annexum,
634 599 768 624 rursus
791 587 957 638 denique
974 601 995 626 a
1019 588 1133 626 tertio
1159 587 1262 627 libro
1286 599 1519 649 separatum,

50 654 139 696 illud
159 655 282 705 ipsum
308 653 447 691 factum
467 652 542 700 sit,
562 651 666 702 quod
687 665 790 690 nune
809 651 1009 704 habemus,
1026 654 1279 695 Prooemium.
1301 656 1350 694 Et
1365 655 1518 707 quidem

52 724 142 760 inter
158 717 387 758 Prooemium
408 725 446 755 et
470 716 570 755 haue
588 716 714 755 octavi
743 716 830 755 libri
859 725 1001 769 partem
1022 719 1288 770 cognationem
1317 719 1521 772 quamdam

52 783 315 826 sententiarum
346 791 383 821 et
403 782 611 830 orationis,
632 792 815 833 praeterea
835 795 962 821 rerum
995 796 1150 835 quoque
1172 785 1306 823 seriem
1329 798 1404 823 uon
1424 785 1522 824 male

52 849 303 889 continuatam
323 847 540 886 notavimus
557 846 715 898 ibidem,
736 861 773 899 p.
795 847 885 892 334.
906 847 981 888 Sed
1012 848 1108 895 haec,
1130 848 1242 899 quia,
1263 857 1306 887 ut
1334 848 1519 897 diximus,

52 930 147 956 mere
173 914 420 963 conjectanea
439 920 552 961 sunt,
584 912 622 950 ln
648 912 851 963 praesentia
874 912 1114 960 omittantur,
1144 921 1181 952 et
1200 913 1246 951 de
1261 913 1343 966 ipsa
1363 914 1523 952 acrosti-

52 980 156 1020 chide
175 979 347 1017 instituta
363 977 538 1029 quaestio,
555 990 632 1027 quo
655 978 771 1027 coepit
786 977 841 1015 ire
862 977 959 1028 pede
974 1006 984 1024 ,
1004 986 1154 1029 pergat.

98 1046 178 1084 Non
203 1042 518 1081 dissimulandum
542 1054 695 1092 gravem
725 1041 982 1092 suspicionem
1000 1055 1081 1080 esse
1107 1050 1248 1080 motam
1270 1042 1480 1094 praesertim
1501 1056 1524 1083 a

52 1110 207 1158 Gallaeo,
226 1108 386 1146 Dissert.
413 1120 450 1158 p.
476 1107 561 1153 133,
586 1119 687 1157 sqq„
706 1106 808 1157 quod
828 1120 849 1144 a
869 1107 1009 1145 sanetis
1029 1107 1221 1154 Patribus,
1246 1107 1523 1159 Sibyllinorum
1578 1148 1582 1152 ,

52 1174 201 1214 assiduis
215 1171 421 1211 lectoribus
434 1171 814 1222 excerptoribusque‚
827 1171 928 1210 nulla
941 1180 1028 1210 ante
1040 1171 1248 1211 Eusebium
1265 1172 1408 1211 mentio
1419 1185 1525 1211 acro-

53 1238 214 1279 stichidis
234 1238 352 1284 fieret,
376 1249 493 1287 quam
512 1231 959 1285 si‘novissent,1ibente1·
975 1237 1186 1275 exhibituri
1204 1237 1381 1285 fuissent,
1397 1237 1522 1289 palam

53 1306 186 1357 quippe
205 1303 394 1341 faventem
410 1300 628 1339 christianae
643 1300 848 1349 doctrinm,
870 1315 948 1339 non
968 1302 1168 1340 sententiis
1193 1302 1328 1350 modo,
1353 1301 1419 1340 sed
1443 1316 1522 1340 ver·

53 1383 152 1408 suum
176 1367 316 1414 initiis,
340 1364 621 1416 habentemque
647 1365 685 1402 in
706 1379 746 1403 se
771 1375 943 1404 sanctum
970 1366 1095 1418 ipsum
1114 1366 1382 1419 Redemptoris
1401 1366 1524 1406 nostri

54 1445 194 1472 nomen.
210 1431 332 1470 Assert
350 1444 398 1469 ex
411 1431 491 1481 ipsa
512 1430 729 1472 Lactantius
742 1430 858 1469 variis
875 1431 967 1469 locis
985 1443 1116 1471 versus
1132 1439 1311 1482 quatuor,
1325 1437 1413 1481 224,
1428 1433 1520 1483 239.
1542 1441 1545 1446 '

57 1505 134 1544 241,
149 1511 225 1548 sq.;
247 1496 326 1534 fors
341 1504 378 1534 et
394 1494 534 1534 alicubi
552 1494 710 1547 respicit
727 1495 773 1532 ad
798 1509 831 1534 v.
859 1496 956 1546 2363
977 1509 1164 1547 nusquam
1193 1510 1284 1535 vero
1300 1505 1459 1536 servatae
1483 1496 1521 1535 in

54 1564 91 1601 iis
117 1560 290 1599 versibus
310 1560 423 1598 ullius
448 1559 540 1611 legis
558 1559 740 1599 meminit.
766 1560 862 1607 lmo,
881 1573 922 1601 v.
943 1566 1032 1607 224,
1047 1559 1114 1599 ubi
1134 1560 1329 1599 literarum
1349 1561 1447 1600 ordo
1473 1560 1525 1615 ῥί-

54 1631 144 1678 ψουσι
160 1626 338 1678 postulat,
357 1624 501 1663 habent
518 1624 706 1662 Lactantii
720 1625 951 1676 exemplaria
966 1625 1139 1679 τρίψουσι,
1152 1639 1264 1664 sensu
1281 1639 1387 1678 aeque
1404 1625 1523 1678 bono,

56 1701 89 1730 ut
103 1690 297 1742 italegisse
310 1690 475 1741 scriptor
493 1689 555 1727 ille
572 1688 801 1728 videaturne
820 1690 955 1728 seriem
974 1690 1168 1729 literarum
1187 1690 1341 1729 minime
1356 1704 1520 1730 curasse.

55 1756 135 1796 lnde
162 1755 317 1808 quidam
355 1754 693 1807 excogitaverunt,
730 1755 967 1806 compositos
999 1755 1124 1807 primo
1154 1768 1286 1794 versus
1318 1756 1410 1795 istos
1437 1755 1520 1795 sine

56 1824 120 1862 ulla
145 1821 461 1861 acrostichiorum
482 1820 587 1871 lege,
607 1828 752 1870 postea,
785 1822 939 1859 mutatis
961 1820 1218 1871 quorumdam
1248 1831 1432 1859 versuum
1451 1821 1521 1859 ini·

55 1890 121 1938 tiis,
136 1889 171 1926 in
190 1901 271 1926 eam
289 1900 404 1938 quam
424 1899 526 1923 nunc
542 1885 729 1923 babemus
749 1886 910 1923 formam
929 1899 1009 1925 esse
1028 1885 1213 1924 redactos.
1229 1886 1302 1925 Sed
1321 1886 1427 1924 istam
1442 1887 1522 1938 opi-

55 1955 191 1992 nionem
214 1953 304 1992 satis
326 1952 530 2005 revincunt
550 1950 706 1989 adducti
724 1958 800 1988 tres
825 1964 846 1988 a
872 1951 1070 1990 Lactantio
1095 1964 1228 1989 versus
1246 1951 1326 1989 siue
1341 1952 1454 1990 ullius
1475 1952 1521 1990 li-

56 2019 172 2057 terulae
193 2017 416 2056 mutatione.
436 2016 479 2055 ln
497 2028 610 2053 versu
624 2023 749 2052 autem
767 2020 840 2059 224
860 2014 917 2053 vel
931 2015 1120 2065 scriptura
1134 2015 1321 2053 Lactantii
1337 2025 1521 2068 corrupta

55 2093 113 2134 est,
128 2084 185 2121 vel
206 2083 299 2134 ipse,
318 2089 359 2119 ut
383 2082 447 2128 fit,
469 2079 692 2118 memoriter
711 2079 864 2117 citando
882 2079 1026 2130 aliquid
1047 2078 1191 2117 inscius
1211 2079 1518 2131 peccavit.Quod

55 2149 171 2186 attinet
191 2147 237 2186 nd
269 2148 424 2187 Petrum
455 2144 646 2183 silentium
665 2172 673 2187 ,
703 2144 888 2182 credibile
914 2152 970 2182 est
992 2142 1144 2183 illorum
1170 2152 1387 2195 temporum
1407 2145 1522 2186 Chri-

55 2212 180 2250 stianos
198 2209 504 2254 acrostichidem,
532 2220 646 2259 quam
669 2207 844 2258 plerique
862 2221 951 2246 vere
969 2207 1194 2259 Sibyllinam
1213 2206 1412 2258 putabant,
1433 2222 1521 2260 gen.

58 2276 143 2314 tibus
160 2285 282 2314 tamen
297 2288 373 2313 non
396 2275 449 2311 ita
468 2272 629 2310 fidenter
647 2271 889 2323 opposuisse,
912 2272 1014 2323 quod
1037 2286 1178 2310 arcano
1195 2273 1359 2323 quodam
1379 2275 1520 2313 veritu-

58 2340 94 2378 tis
119 2355 225 2380 sensu
259 2340 573 2385 admonerentur
598 2338 720 2389 ipsam
756 2337 868 2376 uimis
889 2337 1119 2389 exquisitam
1152 2337 1331 2376 carminis
1359 2339 1520 2378 sormam

58 2406 210 2456 piosanis
239 2406 320 2444 sote
338 2412 575 2455 suspectam,
596 2402 727 2440 statim
747 2402 895 2453 quippe
916 2400 1175 2440 reclamatuiis
1205 2416 1290 2440 cum
1322 2403 1519 2454 Cicerone,

14 2522 17 2527 .
57 2470 117 2508 loc.
133 2484 242 2523 supra
253 2470 317 2510 cit.
335 2486 342 2492 ·
366 2487 382 2502 οι
400 2468 440 2507 ld
459 2476 562 2506 certe
588 2467 705 2518 magis
725 2474 781 2504 est
803 2466 938 2504 attenti
959 2467 1073 2504 animi
1098 2480 1212 2518 quam
1234 2467 1432 2508 furentis..
1484 2486 1518 2518 ,5

56 2552 66 2567 ·
87 2535 292 2572 adhibentis
314 2532 563 2584 diligentiam,
582 2545 658 2568 non
683 2544 740 2568 ms
744 2544 819 2568 mi
836 2548 851 2564 ιι

100 2600 167 2637 Sed
190 2601 225 2637 id
245 2598 350 2650 quod
375 2597 532 2649 gentiles
557 2595 804 2634 acrostichidi
824 2603 962 2633 nostrae
979 2595 1115 2633 merito
1137 2596 1431 2647 opposuissem,
1452 2612 1520 2637 no-

59 2661 107 2700 bis
128 2677 258 2715 parum
282 2662 463 2701 momenti
495 2659 630 2706 habet,
660 2661 726 2711 qui
750 2659 913 2697 sciamus
936 2659 1028 2707 hoc,
1053 2668 1094 2698 ut
1117 2661 1304 2711 reliquum
1329 2674 1442 2700 omne
1460 2663 1520 2703 Si-

60 2725 230 2776 byllinum‘
251 2726 492 2772 vaticinium,
514 2725 585 2778 piae
609 2724 733 2762 fraudi
761 2723 907 2763 deberi.
930 2725 978 2763 Et
994 2723 1224 2776 jampridem
1251 2724 1415 2764 diximus
1445 2728 1522 2768 Ro·

59 2803 162 2829 manre
179 2792 332 2844 Sibyllae
363 2791 540 2842 exemplo
568 2790 668 2828 viam
703 2789 750 2827 ad
786 2788 823 2826 id
850 2788 978 2840 parari
1008 2789 1189 2849 potuisse.
1223 2789 1367 2829 Debuit
1394 2800 1520 2830 autem

59 2853 121 2891 lioe
141 2856 276 2907 poetici
298 2855 376 2894 ludi
403 2867 521 2906 genus
543 2853 646 2904 apud
667 2856 821 2892 Graecos
843 2866 910 2892 uec
933 2866 1074 2891 novum
1096 2866 1177 2893 esse
1195 2867 1264 2891 nec
1291 2867 1433 2906 rarum,
1454 2855 1522 2907 qui

173 2929 257 2974 111.
1269 2942 1325 2970 22
