1752 3495
672 218 980 264 EXCURSUS
1017 221 1058 281 Ι..
1531 222 1589 268 39

138 323 268 360 ceteris
299 317 603 370 recognoscitur,
630 328 715 366 quae
748 328 834 353 cum
867 315 1063 366 Erythraea
1088 318 1270 356 emisa-di
1303 319 1441 357 solent.
1475 318 1591 358 Nobis

138 386 291 437 quidem
316 383 474 424 Rhodiae
493 380 653 432 alicujus
669 381 706 417 in
732 380 860 418 album
881 380 1113 431 Sibyllarum
1140 381 1411 421 transferendas
1427 396 1507 421 non
1522 382 1592 419 alia

139 449 289 488 videtur
319 447 432 485 fuisse
455 457 566 482 causa
588 456 700 495 quam
726 443 1016 482 celeberrimum·
1031 443 1249 498 oraculum,
1271 451 1448 496 tanquam
1463 444 1593 497 Sibyl-

139 514 258 550 linum
276 523 297 549 a
312 507 496 549 Pausania
517 514 704 554 notatum,
720 507 893 546 Corinth.
909 522 992 560 cap.
1015 521 1053 556 7,
1070 507 1165 555 init„
1182 506 1285 558 quod
1307 508 1401 558 ipsis
1416 509 1542 548 verbis
1557 510 1594 547 in

137 574 331 626 Sibyllinis
347 571 486 608 nostris
517 571 655 621 legitur
675 571 754 619 bis,
769 572 836 611 lib.
854 573 916 620 IV,
939 586 975 614 v.
1003 585 1086 620 101,
1101 581 1137 611 et
1155 572 1264 619 VIII,
1284 584 1322 611 v,
1345 573 1416 611 160
1435 587 1445 610 2

345 633 475 672 Ἔσται
491 633 548 672 καὶ
562 632 711 677 Ῥοδίοις
725 635 830 674 κακὸν
846 635 1007 688 ἔσχατον,
1023 634 1110 673 ἀλλὰ
1129 630 1305 687 μῖγιστον.

140 701 281 740 Confer
297 699 410 737 etiam
425 698 575 748 septimi
591 700 710 737 nostri
732 700 819 737 libri
835 700 1034 738 exordium
1051 714 1060 737 e

345 756 397 800 τΩ
419 761 520 801 Ῥόδε
533 791 544 808 ,
561 762 694 810 δειλαίη
713 761 773 809 σὺ,
797 774 835 803 κζ
855 779 889 802 τ.
907 765 939 802 λ.

191 827 263 866 Sed
296 826 375 878 jam
418 827 457 864 in
500 827 687 865 Graeciam
723 829 950 879 Europaeam
981 840 1069 865 eum
1111 828 1296 866 Pausania
1332 826 1573 865 transibimus
1587 858 1597 876 ,

138 900 251 942 atque
265 890 391 928 obiter
406 891 562 940 Delum,
585 905 664 942 quo
682 899 719 929 et
742 891 923 942 Sibyllam
951 905 1057 929 suam
1081 891 1271 942 appulisse
1295 891 1358 938 ait,
1383 891 1500 930 Phoc.
1524 891 1597 929 loc.

138 968 235 1006 saepe
250 955 333 992 cit.:
351 954 505 1006 Ἀφίκετο
522 953 556 992 δὲ
563 983 673 994 .....
695 955 753 994 καὶ
774 957 820 998 εἷς
835 958 962 1003 Δῆλον,
979 964 1016 993 et
1035 956 1151 1007 paulo
1168 964 1254 994 ante
1271 955 1422 994 dixerat
1438 955 1600 1006 hymnos

136 1018 320 1069 quosdam
352 1018 432 1070 ejus
453 1019 621 1057 mulieris
649 1020 687 1056 in
714 1020 901 1070 Apollinis
924 1020 1110 1057 bonorem
1143 1019 1305 1070 scriptos
1330 1032 1351 1056 a
1373 1019 1491 1057 Deliis
1517 1032 1619 1057 me-.

137 1085 301 1122 morari:
331 1083 453 1130 Δήλιοι
474 1083 510 1122 δὲ
534 1083 592 1121 καὶ
617 1082 731 1134 ὕμνων
757 1084 954 1135 μέμνηνται
980 1087 1041 1131 τῆς
1059 1082 1217 1134 γυναικὸς
1243 1084 1276 1127 ἐς
1297 1082 1516 1129 Ἀπόλλωνα,
1535 1082 1600 1121 ubi

137 1145 347 1198 μέμνηνται,
369 1157 583 1194 memorant,
613 1147 712 1185 idem
734 1149 811 1186 sere
831 1147 903 1186 sibi
927 1149 1008 1186 vult
1026 1147 1132 1198 quod
1156 1147 1367 1195 κέκτηνται,
1389 1149 1602 1197 possident,

136 1214 244 1261 apud
260 1225 299 1249 se
316 1211 462 1249 habent.
496 1211 568 1250 Sed
587 1211 757 1250 habituri
777 1226 854 1250 non
874 1221 1007 1258 erant,
1024 1212 1096 1250 nisi
1118 1225 1140 1250 a
1159 1212 1302 1262 Sibylla
1333 1211 1481 1250 allatos.
1508 1211 1600 1250 Esto

138 1286 290 1323 tamen,
309 1284 349 1312 ut
365 1276 504 1326 cuique
529 1276 692 1313 maxime
724 1275 893 1316 libuerit.
918 1277 1029 1314 Certe
1062 1275 1223 1326 hymnos
1252 1275 1336 1312 illos
1369 1273 1417 1312 ab
1437 1275 1601 1312 oraculis

136 1339 310 1378 diversos
327 1348 458 1390 aperte
472 1340 656 1391 significat
668 1340 875 1378 Pausanias
894 1355 902 1377 :
922 1354 1006 1378 nam
1027 1354 1146 1391 quum
1160 1339 1206 1378 de
1221 1340 1404 1386 oraculis,
1417 1343 1600 1391 χρησμοῖς,

139 1403 254 1441 modo
285 1403 462 1455 dixisset,
492 1404 543 1441 ita
564 1403 689 1454 pergit
716 1418 725 1441 x
753 1403 876 1450 Δήλιοι
905 1403 941 1442 δὲ
971 1402 1030 1442 καὶ
1061 1402 1203 1455 ὕμνων,
1232 1418 1266 1441 κ.
1292 1418 1323 1440 τ.
1352 1403 1388 1443 λ.
1416 1404 1599 1441 Praeterea

137 1470 266 1520 hymni
288 1470 348 1508 isti
382 1470 420 1507 in
443 1470 631 1520 Apollinis
662 1470 819 1520 gratiam
851 1469 982 1520 scripti
1001 1482 1201 1507 commune
1233 1468 1328 1506 nihil
1358 1468 1500 1507 habere
1528 1482 1601 1519 po·

136 1541 294 1570 tuerunt
323 1546 409 1570 cum
441 1532 640 1582 Erythraeo
663 1532 711 1570 ad
735 1532 901 1583 Delphos
918 1533 1096 1579 carmine,
1117 1546 1194 1582 quo
1213 1532 1357 1583 Sibylla
1373 1547 1477 1571 suam
1514 1547 1610 1571 cum-

138 1596 313 1648 Apolline
335 1597 452 1634 fratre
469 1596 697 1634 simultatem
712 1597 791 1648 jam
812 1597 860 1635 ab
882 1597 993 1635 initio
1010 1596 1171 1635 canebat
1189 1611 1197 1634 :

399 1659 692 1714 Αὖτοκασιγνήτῳ
711 1661 936 1713 κεχολωμένη
959 1660 1161 1700 Ἀπόλλωνι.

135 1727 268 1776 Itaque
302 1726 442 1763 similes
471 1725 565 1763 istos
596 1725 709 1763 fuisse
734 1725 955 1777 judicamus
980 1725 1024 1763 iis
1049 1739 1146 1776 quos
1179 1724 1431 1764 sub·'Homeri
1450 1725 1610 1764 nomine

136 1789 306 1839 legimus,
327 1789 376 1831 εἰς
391 1788 610 1834 Ἀπόλλωνα,
636 1803 798 1840 quorum
824 1790 935 1828 etiam
953 1791 1099 1841 primus
1120 1798 1224 1828 reete
1241 1791 1344 1842 apud
1371 1791 1601 1828 recentiores

136 1852 302 1891 editores
331 1852 566 1902 inscribitur,
587 1855 634 1896 εἷς
653 1853 854 1892 Ἀπόλλωνα
884 1854 1027 1901 Δήλιον.
1046 1846 1268 1893 Callimachi
1300 1856 1412 1893 etiam
1440 1855 1600 1905 hymnos

137 1916 320 1956 habemus
342 1931 419 1955 non
447 1918 483 1954 in
504 1918 717 1969 Apollinem
745 1926 908 1966 tantum,
934 1919 1000 1956 sed
1029 1927 1067 1957 et
1089 1919 1128 1957 in
1156 1918 1315 1970 Delum,
1343 1919 1388 1962 εἷς
1413 1920 1540 1967 Δῆλον,
1559 1928 1600 1957 ut

136 1981 290 2019 minime
308 1981 535 2019 incredibile
558 1983 756 2031 videatur,
773 1984 903 2020 Delios
926 1996 1096 2033 magnam
1117 1983 1333 2034 congeriem
1365 1983 1493 2020 talium
1516 1997 1600 2021 car-

138 2046 297 2095 minum,
319 2046 358 2084 in
378 2045 565 2084 honorem
583 2047 717 2084 insulae
736 2060 812 2084 suae
831 2047 1072 2097 numinisque
1089 2047 1147 2085 sui
1168 2047 1415 2097 scriptorum,
1436 2046 1602 2086 archivis

139 2109 323 2148 inclusam
359 2109 558 2160 babuisse,
588 2111 703 2161 inque
732 2110 779 2148 iis
799 2111 984 2148 nonnulla
1015 2110 1170 2161 Sibyllae
1200 2123 1338 2148 nomen
1360 2110 1598 2161 praeferentia

138 2187 202 2212 seu
224 2187 295 2224 pro
320 2173 521 2225 Sibyllinis
550 2174 690 2213 habita.
724 2180 777 2214 Ac
798 2176 958 2213 fortasse
977 2176 1037 2214 vel
1065 2175 1152 2213 ideo
1179 2175 1283 2226 quod
1304 2175 1491 2213 vaticiniis
1512 2175 1601 2214 insi·

136 2251 247 2288 gnem
274 2237 399 2275 locum
437 2237 673 2286 habitarent,
711 2238 906 2290 Sibyllinae
938 2239 1049 2277 etiam
1078 2239 1201 2277 laudis
1234 2238 1377 2290 aliquid
1408 2238 1600 2277 vindicare

137 2301 209 2339 sibi
240 2302 489 2353 cupiverunt,
520 2303 624 2354 quod
645 2303 718 2341 illis
740 2317 811 2341 nec
831 2304 1036 2342 Pausanias
1055 2304 1194 2342 invidit
1212 2317 1280 2342 nec
1311 2317 1382 2342 nos
1399 2303 1599 2341 detrahere

138 2367 214 2405 ullo
235 2367 350 2406 modo
369 2368 541 2407 velimus.

137 2567 244 2608 CAP.
267 2568 309 2606 V.
344 2573 403 2606 De
432 2571 615 2620 Delphica
644 2570 812 2620 Sibylla,
834 2570 1022 2620 obiterque
1046 2572 1093 2608 de
1118 2573 1287 2607 Maliaco
1317 2583 1380 2609 seu
1408 2572 1599 2621 Lamiam,

309 2647 353 2670 ac
368 2636 413 2671 de
434 2636 611 2672 Thessala
631 2638 715 2672 alia¹
731 2649 794 2673 sen
807 2640 931 2685 potius
950 2635 1151 2682 Thebana,
1165 2639 1198 2672 Τ
1196 2637 1316 2672 iresiae
1327 2636 1427 2684 filta.

189 2767 218 2803 Α
257 2766 352 2804 Delo
386 2767 561 2817 protinus
595 2768 788 2819 Delphos,
821 2777 999 2820 tanquam
1033 2770 1106 2807 iter
1136 2777 1371 2807 monstrante
1402 2767 1598 2820 Apolline,

141 2830 216 2866 imo
234 2831 367 2869 eodem
392 2825 711 2878 Pausaniaduce,
730 2833 795 2884 qui
811 2833 991 2883 Sibyllam
1020 2847 1124 2871 suam
1144 2832 1390 2884 Marpessiam
1411 2844 1476 2869 seu
1496 2831 1598 2870 Mer·

141 2893 312 2932 messiam
339 2909 383 2934 eo
405 2909 557 2947 quoque
573 2897 693 2942 vexit,
721 2897 841 2936 Phoc.
869 2898 946 2936 loc.
973 2897 1056 2935 cit.:
1076 2895 1228 2949 Ἀφίκετο
1248 2895 1301 2937 δὲ.
1319 2927 1327 2936 ,
1346 2926 1353 2935 .
1380 2896 1436 2935 καὶ
1461 2896 1492 2938 ἐς
1515 2893 1600 2933 aaz·
