1686 3500
98 228 191 272 520
479 227 560 270 AD
595 226 943 274 SIBYLLINOS
976 229 1184 273 LIBROS

255 320 347 360 Ἀλλ’
364 319 448 359 ὅταν
464 320 531 369 ἤδη
552 321 666 361 πάντα
685 321 794 375 τέφρη
810 323 1004 362 σποδόεσσα
1019 321 1160 372 γένηται
1173 352 1183 370 ‚

256 384 326 423 Καὶ
346 387 414 437 πῦρ
434 385 597 437 κοιμίσσῃ
617 384 706 430 Θεὸς
726 386 876 426 ἄσπετον
891 417 901 435 ,
921 386 1028 438 ὅσπερ
1044 387 1176 438 ἀνῆψε,
1196 400 1228 423 κ.
1248 399 1279 425 τ.
1298 386 1331 423 λ.

42 483 49 490 ,
98 448 372 500 Exstinguetur
401 457 548 500 autem,
575 458 617 487 ut
638 451 798 489 excitari
821 451 959 490 mortui
982 450 1126 501 possint
1150 463 1170 487 e
1188 449 1341 487 tumulis
1360 449 1408 488 ad
1428 462 1569 501 ⁴supre-

100 524 201 550 mum
214 512 402 564 judicium
417 541 427 560 ,
446 514 494 552 dc
513 527 590 564 quo
607 529 709 553 nune
727 515 890 567 denique
911 523 965 552 est
985 514 1187 565 agendum.

785 655 869 663 ——

99 763 208 803 CAP.
228 765 307 803 XX.
328 768 386 802 De
399 768 545 814 J'udicio
560 780 750 816 supremo,
770 776 807 803 et
823 776 909 816 quoe
927 769 1046 804 modis
1070 768 1297 817 intelligatur
1313 771 1350 803 in
1363 764 1570 813 Sibyllinis.

151 892 349 931 judicium
367 907 587 944 supremum
607 896 643 931 in
662 893 857 945 Sibyllinis
873 908 948 932 non
968 894 1082 933 modo
1103 894 1241 946 passim
1261 902 1298 931 et
1312 907 1412 946 saepe
1430 894 1570 945 praedi-

101 958 218 1008 citur3
241 957 306 996 sed
340 959 372 996 is
399 959 591 1010 praecipue
616 959 699 996 finis
719 958 873 997 videtur
891 960 936 997 iis
952 959 1061 998 libris
1077 972 1158 997 esse
1177 959 1420 1011 propositus,
1441 968 1482 997 ut
1507 959 1578 997 ino

105 1031 207 1061 metu
237 1022 412 1062 homines
435 1023 482 1061 ad
515 1024 670 1062 meliora
691 1032 974 1062 convertantur.
990 1026 1046 1064 lta
1065 1024 1167 1062 libro
1192 1025 1257 1072 lv,
1283 1024 1453 1063 omnium
1473 1024 1574 1062 chri·

104 1088 314 1126 stianorum
339 1088 626 1139 antiquissimo,
655 1087 712 1126 bis
733 1088 831 1126 redit
856 1089 947 1126 iilud
967 1089 1209 1135 vaticinium,
1232 1097 1269 1126 et
1293 1089 1416 1141 ipsum
1435 1088 1574 1140 judicii

106 1167 243 1191 nomen
268 1153 327 1191 bis
347 1155 484 1193 nostris
507 1153 664 1192 auribus
690 1164 861 1203 assonat,
882 1168 1018 1207 nempe
1033 1185 1042 1203 ,
1059 1169 1094 1192 v.
1114 1161 1188 1200 40:

768 1219 861 1258 Ἀλλ’
878 1219 959 1258 ὅταν
978 1219 1046 1266 ἤδη

265 1281 410 1333 Κόσμου
426 1283 485 1320 καὶ
502 1284 634 1329 θνητῶν
655 1283 738 1335 ἔλθῃ
756 1284 886 1335 κρίσις,

111 1356 148 1386 et
167 1347 284 1395 infra,
305 1361 340 1386 v.
363 1348 434 1395 178
452 1348 555 1398 (182)
579 1361 589 1386 z

265 1411 335 1450 Καὶ
352 1410 430 1449 τότε
447 1411 488 1458 δὴ
508 1411 619 1465 κρίσις
639 1413 761 1461 ἔσται,
781 1415 835 1465 ἐφ’
853 1406 877 1464 ᾗ
896 1412 1031 1450 δικάσει
1051 1411 1139 1456 Θεὸς
1155 1411 1275 1458 αὐτὸς,

266 1477 402 1529 Κρίνων
420 1477 551 1529 ἔμπαλι
567 1478 710 1529 κόσμον.

109 1543 169 1583 Sic
183 1551 222 1581 et
237 1542 338 1581 libro
352 1543 463 1591 VIII,
478 1543 500 1593 §
518 1556 555 1591 ο,
572 1544 609 1581 in
626 1543 881 1582 acrostichide
901 1542 1159 1589 celeberrima,
1178 1555 1264 1595 quae
1283 1550 1360 1581 tota
1377 1550 1433 1581 est
1452 1542 1500 1580 de
1519 1542 1589 1579 isso

111 1617 348 1659 argumento,
366 1622 401 1646 v.
425 1622 514 1659 217,
535 1622 619 1660 sqq.
646 1622 655 1647 :

269 1671 424 1723 Ἱδρώσει
441 1672 476 1711 δὲ
489 1672 584 1726 χθὼν
599 1702 608 1720 ,
627 1672 771 1725 κρίσεως
784 1678 928 1723 σημεῖον
947 1672 997 1711 ὅτ’
1013 1672 1129 1711 ἔσται.
1147 1701 1156 1712 .
1173 1702 1181 1712 .

271 1737 392 1790 Σάρκα
412 1736 532 1789 παρὼν
552 1743 666 1775 πᾶσαν
683 1742 817 1790 κρῖναι.
835 1767 844 1775 .
861 1766 870 1776 .

273 1801 504 1855 Σαρκοφόρων
528 1803 556 1840 δ’
576 1803 707 1854 ἀνδρῶν
727 1800 840 1854 ψυχὰς
862 1801 918 1840 ἐπὶ
943 1800 1074 1854 βήματι
1095 1800 1217 1855 κρίνει.

116 1865 365 1917 ibidemque,
386 1880 422 1905 v.
443 1867 534 1911 415,
555 1879 614 1916 sq.
638 1879 645 1903 :

485 1932 556 1970 Καὶ
575 1931 717 1984 ὕστερον
734 1933 780 1975 εἰς
795 1931 906 1982 κρίσιν
923 1930 995 1977 ἥξω
1007 1961 1017 1980 ,

275 1994 410 2047 Κρίνων
430 1995 596 2034 εὖσεὸέων
614 1995 673 2034 καὶ
686 1995 881 2035 δυσσεὸἑων
903 1995 976 2047 βίον
996 1995 1140 2047 ἀνδρῶν.

119 2061 269 2100 Pariter
285 2061 383 2099 libro
400 2062 506 2111 VIII,
530 2063 551 2111 §
578 2076 610 2108 1,
628 2075 662 2099 v.
686 2063 735 2099 82
759 2073 768 2100 :

277 2125 384 2168 Αὐτὸς
397 2141 465 2163 παν
476 2125 646 2178 τοκράτωρ
662 2125 743 2164 ὅταν
764 2124 870 2164 ἐλθὼν
888 2124 1024 2177 βήμασι
1039 2125 1152 2179 κρίνῃ.

121 2190 169 2229 Et
186 2190 302 2242 paulo
318 2191 417 2228 infra
430 2218 443 2235 ,
461 2204 494 2229 v.
513 2205 578 2241 91,
600 2204 685 2242 sqq.
707 2204 716 2229 z

279 2254 404 2306 Ἐγγὺς
423 2254 484 2304 μὲν
500 2253 632 2305 κόσμου
648 2255 687 2293 τὸ
705 2255 801 2297 τέλος
817 2255 876 2294 καὶ
896 2255 1043 2307 ἔσχατον
1055 2249 1169 2307 ἦμαρ,

283 2319 354 2359 Καὶ
371 2319 524 2370 δοκίμοις
547 2321 685 2367 κλητοῖς
703 2320 812 2373 κρίσις
828 2319 1011 2358 ἀθανάτοιο
1028 2321 1146 2359 Θεοίο.

128 2385 175 2424 Et
190 2384 333 2423 ibidem
345 2415 358 2435 ‚
378 2399 413 2424 ν.
430 2388 528 2424 213:

285 2451 356 2489 Καὶ
373 2450 483 2503 κρίσιν
500 2451 683 2489 ἀθανάτοιο
701 2452 813 2491 Θεοῦ.
831 2480 838 2488 .
858 2479 867 2489 .

127 2515 239 2561 Quod
258 2515 356 2553 idem
377 2530 421 2554 ac
442 2516 591 2567 plenius
611 2516 773 2554 recurrit
793 2515 891 2553 libro
912 2516 988 2561 III,
1012 2528 1052 2555 v.
1074 2515 1147 2553 561

291 2579 361 2618 Καὶ
381 2579 489 2630 κρίσις
509 2580 693 2618 ἀθανάτοιο
710 2581 802 2619 Θεοῦ
827 2578 979 2630 μεγάλου
997 2578 1178 2630 βασιλῆος.

134 2644 241 2683 Adde
262 2644 328 2682 lib.
350 2644 381 2694 1,
401 2658 438 2684 v.
462 2646 550 2692 273,
568 2658 623 2695 sq.
642 2661 650 2682 :

603 2708 722 2762 Ἄχρις
743 2710 788 2751 εἷς
812 2708 926 2760 κρίσιν
945 2708 1018 2756 ἥξει

293 2776 370 2813 Πᾶν
388 2775 483 2826 γένος
503 2773 707 2826 ἀνθρώπων,
729 2773 803 2811 ἐπεὶ
824 2773 936 2826 κρίσις
956 2773 1054 2812 ἔσσεθ
1067 2773 1076 2786 ’
1095 2772 1234 2813 ἅπασιν.

134 2841 183 2879 Et
201 2840 293 2891 quid
312 2839 428 2877 refert
445 2838 572 2876 omnia
593 2839 815 2875 recensere?

185 2904 282 2944 mua
303 2917 394 2943 vero
418 2905 477 2950 τῆς
508 2902 651 2955 κρίσεως
677 2915 816 2941 nomen
850 2901 962 2940 etiam
986 2902 1022 2940 in
1044 2901 1152 2940 libris
1168 2900 1347 2952 judaicis,
1381 2910 1422 2941 nt
1445 2902 1482 2940 in
1506 2901 1602 2941 Pro-
