1752 3495
672 167 969 212 EXCURSUS
999 168 1073 213 lv.
1491 169 1584 214 275

251 265 345 311 1013,
375 274 457 312 sqq.
486 258 642 311 Οὐρανὸν
669 258 784 304 εἳλίξω
793 287 1121 300 .............
1185 268 1220 307 Ι..
1303 265 1390 313 Vll,
1419 276 1478 302 20.

129 337 267 381 Fragm-
319 329 349 365 1.
492 318 614 363 Κλῦτί
628 321 666 361 δέ
685 338 773 374 μευ,
797 323 944 377 μέροπες
953 352 1120 364 .......
1184 338 1218 363 ι.
1306 330 1388 375 vn,
1417 333 1479 372 al..

296 393 348 429 11.
487 385 554 430 ⁴0<
573 386 676 438 μόνος
705 387 776 426 ἐστὶ
799 386 887 431 Θεός
897 415 1117 426 .........
1181 390 1215 426 3.
1332 394 1382 437 11,
1416 405 1480 432 ιι.

282 458 352 495 111.
497 450 683 491 Ὀππόταν
703 451 784 504 ἔλθῃ
797 479 1126 492 .............
1188 467 1223 491 u.
1298 454 1385 499 vll.
1419 468 1477 505 19.

177 519 376 562 Omisimus
399 516 524 555 locum
548 529 667 554 unum
691 515 778 554 libri
810 515 921 567 primi
951 515 1152 566 Sibyllini,
1170 529 1206 556 v.
1230 529 1295 564 αι,
1327 517 1435 568 cujus
1459 518 1584 558 imitu-

130 590 280 629 tionem,
300 581 365 621 sed
383 580 584 619 obscuram
604 581 714 626 saus,
737 580 827 617 olim
846 580 1114 634 annotavimus
1136 593 1146 621 τ
1171 592 1297 632 neque
1315 580 1414 618 euim
1439 591 1582 622 certum

129 661 181 692 est
198 646 389 689 Lactantio
409 644 621 683 innotuisse
641 644 752 682 istum
774 644 927 682 librum.

175 719 296 764 Quum
319 723 412 749 vero
432 718 506 748 tam
528 709 668 747 multus
688 710 736 747 sit
756 709 975 747 Lactantius
994 709 1031 747 in
1050 707 1251 746 laudandis
1271 709 1586 761 proferendisque

129 779 349 831 Sibyllarum
368 774 614 821 testimoniis,
631 786 828 825 quumque
849 781 923 811 tam
944 772 1106 811 fidenter
1121 786 1226 810 arma
1242 773 1307 811 illa
1325 772 1501 824 gentibus
1519 787 1589 826 op-

132 851 250 898 ponat,
273 851 309 878 et
338 841 375 877 in
395 839 461 877 illo
487 847 715 889 argumento
743 838 908 875 exsultet
937 851 979 875 ac
1013 835 1246 888 triumphet,
1273 838 1358 888 quis
1384 852 1461 876 non
1482 848 1587 889 putet

130 922 207 949 eum
231 906 378 957 penitus
393 903 589 954 ignorasse
607 916 692 954 quae
709 902 892 940 adversus
910 902 1065 941 illorum
1085 903 1296 940 carminum
1325 902 1589 941 auctoritatem

132 973 173 1013 ab
187 972 299 1009 altera
319 976 426 1019 parte
448 968 762 1005 reclamarentur.
786 967 871 1017 lpse
894 975 1019 1004 tamen
1040 966 1187 1004 invitus
1204 979 1329 1003 arcem
1354 978 1460 1004 suam
1483 966 1588 1005 labe-

133 1039 254 1082 factat,
279 1047 394 1086 quum
415 1033 467 1070 ait
482 1063 491 1079 ,
516 1033 582 1070 lib.
599 1033 664 1081 tv,
687 1045 770 1083 cap.
799 1033 843 1070 15
862 1047 870 1070 :
888 1050 903 1066 «
923 1033 989 1071 nis
1013 1032 1238 1070 testimoniis
1258 1031 1413 1082 quidam
1435 1034 1588 1081 revicti,

133 1122 146 1136 ,ι
163 1102 273 1139 solent
289 1112 334 1136 eo
355 1097 562 1148 confugere
578 1128 588 1144 ,
611 1104 650 1133 ut
674 1097 778 1134 aiant
800 1109 876 1134 non
906 1109 987 1134 esse
1017 1096 1080 1134 illa
1106 1096 1275 1134 carmina
1303 1095 1500 1147 Sibyllina,
1524 1097 1590 1136 sed

134 1181 179 1204 «a
199 1163 329 1202 nostris
355 1162 441 1199 ficta
476 1170 592 1211 atque
620 1160 870 1212 composita.»
905 1162 983 1211 Age
1016 1160 1147 1210 igitur,
1184 1159 1277 1211 quid
1309 1160 1357 1197 ad
1391 1160 1471 1198 liaec
1501 1161 1590 1199 ille?

135 1229 258 1278 «Quod
278 1227 469 1280 profecto,
490 1225 640 1277 inquit,
664 1238 740 1263 non
763 1224 934 1277 putabit,
959 1225 1025 1276 qui
1055 1224 1279 1264 Ciceronem
1304 1225 1590 1278 Varronemque

136 1316 147 1328 ιι
161 1294 299 1346 legerit,
319 1293 488 1341 aliosque
510 1298 657 1329 veteres
683 1290 749 1340 qui
779 1290 1012 1340 lirytliraeam
1031 1289 1213 1340 Sibyllam
1236 1297 1460 1341 ceterasque
1480 1303 1588 1328 com-

137 1379 150 1394 κ
163 1365 380 1402 memorant,
399 1368 560 1406 quarum
583 1368 628 1392 cx
645 1353 752 1392 libris
770 1354 838 1392 ista
859 1353 1035 1404 exempla
1055 1354 1283 1404 proferimus
1303 1368 1311 1392 ε
1328 1354 1394 1406 qui
1414 1363 1588 1393 auctores

136 1443 148 1458 «
167 1431 243 1461 ante
265 1421 464 1467 obierunt,
485 1432 598 1471 quam
631 1418 804 1456 Clu-istus
831 1417 1040 1456 secundum
1070 1431 1219 1456 carnem
1242 1426 1479 1458 nasceretur.
1494 1435 1509 1452 ν
1543 1420 1590 1456 At

138 1487 220 1524 enim
240 1485 391 1530 mirum,
416 1483 445 1520 si
471 1496 544 1519 uon
566 1481 659 1520 vidit
679 1481 805 1520 debile
825 1495 980 1533 prorsus
1001 1491 1038 1520 et
1069 1482 1261 1520 infirmum
1285 1496 1366 1520 esse
1390 1496 1588 1532 argumen-

139 1559 204 1588 tum
226 1562 244 1586 a
262 1548 443 1586 Cicerone
469 1555 506 1584 et
528 1547 698 1584 Varrone
723 1545 988 1597 desumptum,
1009 1546 1073 1597 qui
1097 1546 1144 1583 de
1163 1545 1318 1596 Sibyllis
1341 1545 1494 1597 quidem
1520 1560 1586 1585 ea-

138 1627 280 1664 rumque
297 1613 461 1650 oraculis
484 1620 522 1648 et
541 1611 588 1649 de
612 1610 774 1662 publicis
797 1612 1054 1648 ttonmnorum
1075 1611 1183 1648 libris
1203 1619 1381 1662 egerunt,
1399 1624 1587 1662 nusquam

140 1691 214 1715 vcro
236 1691 276 1714 ea
299 1676 486 1723 citat-unt,
505 1688 589 1726 quae
625 1677 803 1726 tanquam
831 1674 1016 1725 Sibyllina
1039 1675 1291 1726 proferuntur
1318 1688 1339 1713 a
1369 1675 1585 1715 Lactantio.

140 1741 225 1778 vidit
241 1753 347 1786 sane,
368 1739 433 1777 sed
454 1739 585 1777 videre
615 1740 759 1789 noluit3
778 1752 901 1791 voque
929 1740 1125 1791 confugit,
1145 1748 1184 1777 ut
1208 1740 1374 1791 antiquis
1405 1741 1480 1778 illis
1507 1753 1585 1778 non

139 1805 350 1856 ignota,sed
382 1813 602 1855 contempta
636 1804 750 1841 fuisse
780 1804 861 1841 haec
894 1805 1062 1841 carmina
1095 1804 1357 1842 contenderet.
1389 1805 1451 1843 Sic
1483 1805 1584 1842 enim

141 1870 245 1920 pergit
261 1884 269 1907 :
283 1887 297 1902 «ι
313 1869 452 1907 Verum
478 1881 553 1906 non
573 1867 730 1913 dubito,
749 1869 840 1920 quin
861 1869 924 1906 illa
945 1869 1112 1906 carmina
1131 1868 1326 1919 prioribus
1347 1867 1584 1919 temporibus

140 1947 225 1984 apro
246 1933 498 1970 deliramentis
525 1931 657 1970 habita
677 1933 770 1976 sint,
795 1946 914 1982 quum
940 1946 983 1970 ea
1012 1945 1123 1969 nemo
1151 1941 1229 1969 tum
1251 1932 1489 1982 intelligeret.
1508 1933 1584 1971 De·

142 1996 367 2035 »nuntiabant
386 1997 486 2035 enim
509 2006 723 2035 monstrosa
749 1997 922 2047 quaedam
947 1996 1151 2043 miracula,
1179 2009 1342 2044 quorum
1362 2009 1432 2034 nec
1456 1997 1555 2035 ratio
1570 2027 1582 2045 ‚

139 2074 221 2098 «nec
239 2069 400 2111 tempus,
422 2074 491 2098 nec
511 2069 647 2098 auctor
670 2060 954 2111 designabatur.
978 2060 1151 2111 Denique
1178 2059 1374 2110 Erythraea
1400 2060 1482 2098 fore
1507 2060 1580 2107 ait,

141 2141 152 2155 n
167 2133 201 2161 ut
215 2125 395 2162 diceretur
411 2126 540 2163 insana
564 2134 601 2162 et
621 2125 804 2171 mendam
829 2125 882 2162 ait
902 2125 1002 2162 enim
1021 2137 1030 2161 z

767 2188 930 2236 ψήσουσι
948 2188 1124 2227 Σίὸυλλοιν

276 2254 519 2306 Μαινομένην,
540 2254 762 2306 ψεύστειραν·
784 2254 868 2291 ἐπὰν
889 2252 923 2291 δὲ
945 2252 1087 2302 γένηται
1105 2252 1265 2302 ἅπαντα,

275 2320 405 2365 'fv-,vixx
427 2336 492 2370 μου
513 2319 654 2371 μνήμην
673 2319 857 2366 ποιήσετε,
883 2319 1018 2356 κούκέτι
1036 2318 1074 2369 μ’
1094 2317 1205 2361 οὐδεὶς

274 2383 492 2434 Μαινομένην
514 2384 634 2438 φήσειε
652 2386 744 2423 Θεοῦ
764 2384 928 2434 μεγάλοιο
949 2384 1132 2440 προφῆτιν.

142 2463 154 2478 ι
170 2446 359 2485 Jacuerunt
394 2451 509 2500 igitur
547 2451 673 2487 multis
709 2449 874 2498 sreculi53
909 2456 1042 2498 postea
1076 2461 1168 2485 vero
1201 2446 1461 2485 animadversa
1493 2457 1581 2486 sunt

141 2525 153 2540 ι
166 2523 263 2559 quam
281 2513 417 2551 Christi
436 2514 614 2552 nativitas
632 2523 669 2551 et
696 2513 821 2564 passio
841 2512 1017 2563 patefecit
1043 2524 1179 2549 arcana
1196 2522 1207 2549 ε
1226 2510 1322 2548 sicut
1337 2510 1451 2549 etiam
1467 2524 1582 2550 voces

141 2576 443 2625 «prophetarum,
466 2592 550 2629 quae
578 2590 695 2629 quum
726 2591 795 2628 per
826 2590 944 2613 annos
967 2576 1068 2613 mille
1089 2576 1315 2626 quingentos
1347 2574 1406 2612 vel
1427 2588 1473 2612 eo
1499 2588 1580 2613 am-

142 2636 252 2684 «plius
270 2639 369 2678 lectae
391 2642 548 2679 fuissent
565 2655 585 2678 a
600 2641 744 2692 populo
762 2640 983 2679 sudat-orum
996 2668 1004 2684 ,
1019 2653 1089 2676 nec
1110 2648 1234 2676 tamen
1256 2638 1455 2676 iutelleetae
1473 2647 1582 2685 sunt,

142 2700 227 2738 «uisi
242 2713 431 2755 postquam
452 2707 534 2744 illas
550 2705 726 2744 Christus
745 2715 781 2743 et
799 2704 919 2743 verbo
934 2714 972 2743 et
989 2703 1169 2756 operibus
1190 2704 1461 2754 interpretatus
1480 2712 1549 2743 est.
1565 2721 1580 2737 ι

143 2761 186 2800 lta
198 2764 423 2817 Lactantius,
449 2770 496 2808 de
519 2771 626 2808 annis
656 2770 932 2821 prophetarum
953 2770 1114 2806 immane
1135 2776 1316 2818 quantum
1338 2780 1489 2815 errans,
1510 2767 1582 2804 nisi

143 2837 320 2878 suppressa
340 2847 412 2871 una
431 2847 523 2873 voce
543 2834 771 2886 septingenti
795 2842 939 2871 tantum
960 2833 1048 2870 anni
1068 2833 1318 2878 retineantur,
1347 2831 1406 2869 vel
1426 2832 1581 2868 sortasse

1351 2900 1419 2946 18.
