1686 3500
98 210 191 255 522
477 208 555 251 AD
590 207 640 251 Sl
651 205 944 252 BYLLINOS
980 207 1185 251 LIBROS

97 306 162 344 ubi
178 313 310 356 aperte
325 303 372 344 du
390 305 515 356 primo
533 305 677 343 Christi
706 304 874 344 adventu
894 305 1060 358 positum
1076 311 1151 350 cst,
1173 310 1354 353 tanquam
1373 303 1560 340 venientis

96 370 135 408 in
167 368 348 407 mundum
378 377 419 406 ut
448 369 589 408 electos
607 368 657 407 ab
683 369 870 421 improbis
895 375 1085 414 secernat,
1114 366 1172 404 vel
1199 374 1240 403 ut
1260 366 1392 404 futuro
1413 365 1562 417 judicio

82 434 195 472 ·viam
217 441 344 484 paret,
364 433 421 470 vel
439 441 481 470 ut
499 433 701 484 malignum
717 434 893 484 spiritum
913 439 1093 482 coarguat
1107 439 1224 480 atque
1245 429 1500 476 condemnet,
1519 430 1583 467 si..

95 506 161 536 cut
180 499 215 534 in
231 497 438 548 Evangelio
451 496 605 544 dicitur,
622 498 776 545 Joann„
792 511 874 550 cap.
894 499 952 546 16,
970 509 1005 535 v.
1026 509 1064 532 ιι
1085 509 1125 533 :a
1140 494 1237 542 Quin
1256 495 1432 545 princeps
1450 493 1563 545 hujus

94 578 110 594 ι
129 560 256 598 'numdi
285 559 363 611 jam
379 559 572 611 judicatus
592 570 648 599 est
665 579 691 599 υ.
713 563 939 613 Quanquam
962 560 998 597 id
1026 560 1103 597 lato
1129 571 1241 596 sensu
1262 558 1528 609 accipiendum
1553 574 1560 596 z

97 637 182 662 nam
203 623 241 661 in
271 623 403 661 eodem
425 625 631 675 Evangelio
658 625 830 664 Christus
851 633 980 675 aperte
1004 632 1115 672 negat
1143 636 1182 660 se
1211 622 1259 660 ad
1278 622 1464 673 judicium
1495 636 1563 660 ve·-

50 716 53 719 .
97 687 212 734 nisse,
233 688 369 727 Joann.
394 701 476 739 cap.
501 689 539 733 3.
565 702 600 726 v.
634 702 676 736 ¹7
697 702 706 728 ε
724 707 738 722 «
754 690 836 727 Non
856 688 956 725 enim
978 687 1079 724 misit
1113 687 1213 725 Deus
1235 687 1368 724 Filium
1393 700 1503 724 suum
1525 687 1561 723 in

95 770 110 784 ιι
128 751 308 789 mundum
325 782 334 799 ,
357 762 397 790 ut
418 751 567 803 judicet
599 753 779 790 mundum
797 770 826 790 ν.
858 752 904 790 Εἰ
927 765 1012 803 cap.
1048 764 1105 798 ια,
1140 764 1176 790 v.
1208 756 1254 796 [07
1285 764 1294 790 ε
1325 752 1438 790 «Non
1460 750 1560 789 enim

93 836 106 849 κ
126 816 210 854 veni
234 825 274 854 ut
295 816 461 867 judicem
478 816 750 861 mundum,sed
763 825 803 854 ut
822 816 1025 854 salvificem
1042 815 1226 853 mundum
1243 833 1270 854 υ.
1285 815 1358 853 Sed
1381 816 1562 866 quoniam

94 881 142 918 de
158 880 304 919 Messiae
325 883 361 918 in
385 882 496 919 terris
515 881 708 931 regnaturi
731 879 894 918 adventu
909 880 1046 931 judicii
1068 893 1206 917 nomen
1228 879 1328 930 apud
1350 879 1562 930 Prophetas

95 959 194 995 saepe
227 954 445 996 usurpatur,
473 944 508 982 id
544 958 698 995 quoque
730 944 953 995 Sibyllfflae,
991 958 1076 982 cum
1111 944 1240 982 multis
1274 943 1476 991 Patribus,
1515 945 1562 982 ad

94 1008 225 1047 Jesum
257 1008 545 1060 Redemptorcm
565 1038 575 1056 ,
599 1018 776 1059 tanquam
794 1008 856 1060 jus
877 1022 1018 1046 novum
1037 1008 1073 1045 in
1095 1015 1216 1045 terras
1234 1007 1478 1051 afferentem,
1499 1019 1561 1044 re-

97 1073 186 1111 ferri
214 1086 323 1124 posse
342 1082 589 1119 censuerunt3
614 1074 712 1112 unde
734 1074 775 1110 fit
796 1082 835 1110 ut
860 1073 1047 1111 secundus
1066 1073 1208 1110 Christi
1226 1071 1414 1110 adventus
1437 1071 1564 1122 Sibyl·

96 1139 189 1176 listis
215 1139 373 1176 alterum
403 1140 452 1178 sit
469 1138 684 1189 judicium,
719 1147 760 1176 ut
786 1138 884 1177 libro
908 1140 968 1186 tv,
990 1140 1075 1176 loco
1088 1137 1166 1189 jam
1184 1138 1311 1176 dicto:

255 1201 392 1254 Κρίνων
420 1201 554 1252 ἔμπαλι
583 1202 763 1253 κόσμον...

102 1267 143 1304 Et
162 1267 322 1304 sortasse
338 1266 407 1305 lib.
431 1267 536 1312 Vlll,
557 1266 629 1304 loc.
649 1268 714 1304 cit.
734 1281 743 1305 ε

514 1330 583 1369 Καὶ
618 1328 760 1382 ὕστερον
794 1331 841 1374 εἰς
872 1329 984 1382 κρίσιν
1008 1329 1092 1377 ἥξω.

94 1392 204 1439 Quod
235 1402 460 1445 utrumque,
486 1392 619 1444 ἔμπαλι
645 1402 682 1431 et
700 1392 866 1447 ὕστερον,
894 1407 987 1431 cave
1008 1394 1055 1431 de
1087 1393 1230 1444 duplici
1261 1394 1393 1431 futuro
1415 1392 1565 1444 judicio

92 1457 270 1509 accipias,
285 1467 350 1496 aut
366 1458 415 1496 de
428 1457 590 1495 secunda
610 1467 850 1496 mortuorum
868 1458 1163 1506 resurrectione,
1180 1458 1227 1496 de
1246 1471 1322 1508 qua
1342 1471 1410 1495 nos
1430 1469 1563 1508 supra,

95 1535 179 1573 cap.
213 1523 272 1569 18,
297 1531 335 1560 ct
358 1523 457 1560 infra
485 1536 566 1573 cap.
604 1535 666 1561 22.
698 1523 797 1561 Nihil
829 1523 928 1561 enim
953 1523 990 1560 in
1017 1522 1188 1570 libris-IV
1203 1531 1239 1561 et
1262 1523 1360 1570 Vlll,
1387 1523 1408 1572 ᾖ
1432 1536 1467 1566 2,
1483 1521 1566 1559 chi-

97 1588 267 1625 liasmum
289 1601 424 1639 sapei-e
443 1588 639 1626 fatendum
659 1598 730 1628 est.

148 1653 256 1691 Nunc
285 1666 395 1703 ergo,
416 1661 456 1690 ut
477 1666 608 1691 rursus
627 1654 675 1690 ad
696 1666 825 1691 veram
844 1662 882 1691 et
901 1652 1128 1691 catholicam
1149 1651 1287 1703 judicii
1310 1652 1476 1703 supremi
1499 1665 1562 1689 no-

97 1717 236 1754 tionem
252 1746 263 1765 ‚
292 1716 394 1755 unde
418 1731 548 1755 sumus
568 1717 750 1769 digressi,
774 1718 996 1767 redeamus,
1025 1730 1237 1769 nusquam,
1267 1717 1341 1754 uisi
1363 1717 1401 1753 in
1423 1717 1567 1754 sanctis

96 1780 221 1829 libris,
250 1780 457 1833 descriptio
477 1782 674 1820 novissimi
695 1782 793 1820 illius
814 1782 984 1820 omnium
1006 1795 1134 1820 rerum
1153 1790 1314 1820 eventus
1334 1780 1452 1832 magis
1472 1780 1565 1818 hor-

99 1846 201 1884 rifica
224 1846 319 1885 sacta
342 1855 399 1885 cst
419 1861 531 1899 quam
549 1847 589 1885 in
611 1847 868 1886 acrostichide
888 1847 978 1886 libri
995 1847 1102 1895 vul,
1120 1861 1155 1887 v.
1176 1860 1266 1895 217,
1286 1859 1367 1897 sqq.

254 1910 410 1964 Ἱδρώσει
425 1911 462 1950 δὲ
487 1912 581 1964 χθών
594 1942 605 1961 ,
626 1928 661 1952 κ.
676 1928 712 1952 τ.
729 1913 763 1952 λ.

100 1974 239 2014 Eadem
274 1985 399 2014 tamen
425 1978 577 2028 plenior
600 1977 854 2030 omnibusque
886 1977 1062 2029 partibus
1088 1977 1166 2016 suis
1193 1976 1407 2015 absolutior
1427 1984 1465 2014 et
1489 1989 1568 2013 me-

97 2041 229 2079 liorem
261 2041 300 2079 in
334 2042 506 2081 ordinem
531 2042 691 2089 redacta⁸
705 2044 937 2095 proponitur
963 2043 1063 2081 libro
1102 2043 1155 2090 n,
1179 2056 1212 2081 v.
1233 2049 1324 2091 214,
1341 2055 1437 2093 sqq„
1457 2040 1569 2091 cujus

97 2119 200 2143 nunc
230 2106 318 2144 lilm‘
349 2108 518 2159 vestigiis
538 2108 775 2159 potissimum
794 2108 1023 2146 insistemus.

98 2359 209 2399 CAP.
236 2360 333 2401 xxi.
357 2364 414 2399 De
435 2366 596 2399 nene-tuis
623 2364 868 2411 adjudicium
898 2367 1050 2410 vocatis,
1070 2363 1255 2413 obiterque
1283 2366 1329 2400 de
1356 2368 1567 2400 auitnurum

625 2436 723 2464 statu
739 2436 829 2465 ante
837 2428 1036 2474 judirt'um.

152 2551 320 2589 Primum
350 2552 448 2591 libro
465 2555 518 2600 ll,
536 2567 572 2593 ν.
594 2561 683 2601 214,
702 2569 802 2606 sqq„
825 2558 949 2607 angeli
968 2555 1049 2593 sive
1069 2554 1301 2606 archangeli,
1323 2556 1388 2606 qui
1409 2568 1569 2593 numero

99 2623 266 2665 quatuor
283 2615 470 2667 designari
493 2617 670 2656 videntur
690 2620 769 2669 (csr.
784 2620 898 2669 insi-a,
918 2633 1004 2670 cap.
1023 2620 1109 2671 28),
1130 2628 1300 2667 mortuos
1318 2619 1569 2670 adjudicium

100 2687 274 2716 evocant.
305 2679 344 2717 ld
375 2679 551 2719 tubarum
583 2695 678 2720 sono
699 2683 805 2729 lieri,
828 2691 869 2720 ut
891 2683 992 2734 apud
1013 2683 1150 2723 Matth.
1181 2697 1266 2736 cap.
1298 2690 1363 2733 πί»,
1389 2698 1425 2722 ν.
1456 2685 1570 2731 31,ct

102 2743 211 2782 Paul.
233 2743 280 2780 ad
302 2743 474 2782 Corinth.
509 2746 535 2793 l,
553 2760 635 2796 cap.
669 2748 729 2794 15,
751 2761 786 2785 v.
811 2748 874 2794 52,
895 2761 1005 2786 nemo
1031 2757 1087 2786 est
1107 2749 1174 2799 qui
1197 2749 1368 2795 dubitet,
1388 2749 1569 2786 reticente

102 2807 192 2845 licet
214 2807 409 2858 Sibyllista
431 2809 516 2847 libri
540 2811 596 2858 ll;
617 2811 682 2849 sed
706 2811 801 2849 libro
818 2813 961 2860 V111,§
981 2826 1015 2861 2,
1033 2814 1070 2850 in
1089 2812 1365 2861 acrostichide,
1388 2814 1489 2851 clarc
1508 2826 1571 2850 so-

103 2885 195 2910 nans
219 2871 308 2911 tuba
329 2873 495 2924 auditur,
517 2888 551 2913 v.
576 2871 663 2926 239,
679 2889 733 2927 sq.
752 2892 760 2928 ς
