1686 3500
123 172 216 219 404
436 171 444 178 ’
494 166 574 211 AD
609 163 950 213 SlBYLLlNOS
990 165 1192 211 l.lBROS

123 279 304 321 gnomas,
328 264 458 316 quales
486 271 626 302 nostrae
661 259 770 312 sunt;
802 277 869 304 nec
899 263 1057 302 dubium
1084 275 1146 300 eas
1175 262 1277 314 ipsas
1304 261 1468 313 *intelligi
1495 253 1589 313 quas

123 345 224 371 nunc
244 332 281 370 iu
303 327 472 368 secundo
493 327 683 378 Sibyllino
703 327 803 367 libro
824 328 1023 374 habemus,
1040 340 1159 378 quum
1181 325 1324 365 ibidem
1354 326 1442 364 addi
1462 324 1592 364 videas

122 395 183 442 τὴν
199 394 342 441 ἄθλησιν
357 393 428 430 τῶν
448 390 569 442 ἇγίων.
591 392 693 443 Ergo
709 392 792 430 illas
812 405 968 443 gnomas
989 390 1166 428 habuisse
1185 403 1225 428 se
1241 390 1278 428 in
1297 390 1506 442 exemplari
1523 403 1591 428 suo

108 446 324 510 'profitetur
341 459 582 506 Anonymus,
600 455 764 507 ideoque
783 464 892 507 negat
911 454 960 492 de
974 468 1044 492 suo
1061 467 1101 493 se
1117 454 1216 505 ipsas
1236 453 1449 498 addidisse,
1466 454 1590 505 palam

122 523 237 574 igitur
262 519 480 559 referendas
513 519 563 557 ad
586 520 808 571 primarium
841 518 1094 569 Sibyllistam3
1132 517 1235 569 quod
1264 518 1387 569 ipsum
1409 518 1593 556 hactenus

121 584 288 638 probare
307 583 434 622 conati
453 596 599 622 sumus

174 651 302 689 Restat
330 661 503 699 quaerere
530 660 697 698 quonam
728 645 843 684 modo
871 654 1008 684 auctor
1033 645 1095 683 ille
1124 646 1329 696 primarius
1358 658 1437 684 uno
1467 646 1592 697 plagio

121 724 177 754 tot
200 715 405 754 continuos
437 726 568 752 versus
594 711 794 762 Phocylidi
814 711 965 749 auferre
994 720 1031 749 et
1054 711 1210 762 Sibyllae
1229 711 1371 748 donare
1398 724 1512 749 ausus
1532 711 1591 749 sit.

119 779 346 831 Verumjam
364 792 463 830 saepe
476 778 639 816 diximus
653 790 673 814 a
696 785 867 815 veterum
889 785 1088 827 poetarum
1107 775 1542 824 imitatione,interdum
1558 784 1592 813 et

118 844 404 896 compilatione,
418 854 655 892 nequaquam
673 839 1121 891 abhorrereSibyllistas,
1134 839 1234 877 unde
1249 838 1379 877 dissita
1391 838 1481 876 olim
1497 838 1592 876 fama

119 909 167 948 de
188 911 354 948 Homero
374 906 527 957 Sibyllae
547 905 715 943 carmina
733 905 922 943 suffurato
944 905 1092 955 (confer
1115 904 1205 942 Exc.
1228 905 1265 951 1,
1288 917 1373 954 pag.
1401 917 1460 951 12,
1479 913 1515 941 et
1536 903 1568 942 ll
1582 935 1592 952 ,

119 987 205 1026 pag.
225 973 320 1024 105).
342 973 487 1010 uorum
503 984 595 1008 vero
613 970 806 1022 praecipue
829 969 992 1007 duorum
1015 967 1203 1012 librorum
1226 968 1427 1006 maximam
1448 968 1594 1019 part‘em

119 1038 236 1090 raptis
251 1036 417 1087 undique
431 1035 579 1073 laciniis
595 1047 677 1072 esse
688 1041 887 1072 consutam
906 1032 1139 1070 ostendimus
1156 1032 1282 1083 capite
1299 1032 1430 1082 priore
1444 1032 1594 1083 passim.

122 1101 304 1141 Hesiodea
329 1100 538 1152 praesertim
566 1098 725 1136 imitatio
755 1099 793 1135 in
821 1097 920 1136 libro
949 1097 1076 1148 primo
1103 1096 1282 1147 frequens
1299 1104 1373 1143 est;
1402 1104 1438 1134 et
1460 1095 1595 1146 quidni

118 1165 255 1203 Noster
274 1165 347 1202 tam
371 1162 579 1212 Phocylide
601 1175 715 1212 quam
736 1160 905 1200 Hesiodo
926 1161 980 1198 uti
999 1159 1070 1198 sibi
1090 1160 1206 1197 licere
1231 1159 1450 1211 putaverit?

171 1228 262 1266 Erat
281 1226 451 1277 quinimo
469 1224 675 1276 Sibyllistis
696 1233 802 1262 vetus
822 1237 908 1262 cum
928 1223 1136 1274 Phocylide
1156 1222 1396 1261 consuetudo
1415 1236 1424 1259 ε
1446 1223 1476 1260 is
1492 1222 1594 1260 enim

118 1305 192 1329 non
221 1291 336 1329 semel
354 1298 559 1341 excerptus
590 1289 787 1327 invenitur
815 1289 928 1327 ctiam
960 1289 998 1326 in
1023 1289 1068 1327 iis
1096 1288 1283 1326 librorum
1307 1286 1482 1339 partibus
1503 1300 1596 1338 quas

111 1356 285 1408 judaicas
305 1368 386 1394 esse
411 1354 578 1393 diximus
607 1362 645 1392 et
665 1354 836 1392 omnium
865 1353 1140 1404 Sibyllinorum
1169 1352 1472 1404 antiquissimas,
1495 1351 1596 1390 libro

118 1433 254 1472 nempe
273 1421 322 1458 lll
338 1448 348 1466 ,
369 1432 404 1458 ν.
424 1419 517 1467 235,
541 1419 631 1468 594,
653 1419 743 1466 630,
762 1419 854 1465 642,
876 1419 967 1468 662,
988 1419 1079 1466 762,
1102 1431 1187 1468 sqq.
1210 1417 1333 1455 Etiam
1353 1418 1390 1454 in
1409 1416 1597 1454 recentio-

117 1486 225 1526 ribus
239 1499 282 1524 ac
302 1480 520 1524 christianis
549 1484 656 1523 libris
682 1484 726 1530 V,
745 1497 782 1522 v.
801 1486 890 1533 430,
907 1492 944 1522 et
964 1484 1066 1532 Vlll,
1087 1496 1122 1523 v.
1153 1497 1212 1534 17,
1234 1495 1331 1534 sqq.,
1356 1481 1458 1520 haud
1478 1481 1596 1520 dubia

117 1549 458 1601 suntPliocylideae
476 1548 698 1588 imitationis
713 1549 958 1600 exempla3nc
979 1547 1150 1587 secundo
1169 1548 1252 1598 ipso
1271 1547 1346 1585 hoc
1365 1546 1489 1594 libro,
1506 1560 1598 1598 prae-

118 1624 176 1654 ter
196 1614 321 1652 locum
343 1627 445 1652 nunc
463 1623 752 1653 controversum
775 1622 813 1652 et
837 1626 968 1651 versus
988 1625 1105 1664 supra
1121 1612 1280 1660 citatos,
1299 1611 1424 1650 notari
1446 1619 1595 1664 potest,

116 1691 296 1733 tanquam
315 1680 589 1732 Phocylideum
610 1679 909 1727 hemistichium,
929 1692 967 1719 v.
987 1679 1061 1726 273
1078 1692 1094 1718 -:

275 1742 426 1784 Ὁπόσοι
446 1744 476 1783 δ’
496 1744 591 1783 ἰδίων
612 1743 681 1783 ἀπὸ
698 1744 858 1797 μόχθων,
872 1759 909 1783 κ.
928 1758 961 1783 τ.
979 1744 1012 1781 λ.

119 1814 196 1853 Nec
216 1826 293 1852 non
314 1811 408 1850 illud
431 1811 615 1862 fortasse,
639 1824 676 1848 v.
697 1811 772 1848 283
791 1822 801 1849 :

273 1873 382 1917 Ὅσοι
396 1874 555 1919 τοκετοὺς
570 1874 747 1928 ῥίπτουσιν
765 1873 937 1925 ἀθέσμως.

116 1943 270 1994 Quip'pe
287 1949 433 1980 veteres
449 1953 516 1978 seu
541 1938 668 1979 Judaei
687 1952 754 1978 seu
781 1937 988 1977 Christiani
1016 1938 1150 1976 merito
1171 1937 1278 1977 illum
1310 1945 1460 1988 poetam
1491 1950 1512 1975 a
1532 1949 1597 1976 ce-

118 2005 208 2044 teris
227 2005 398 2056 profanis
415 2004 698 2050 discreverant,
716 2016 835 2053 quum
860 2002 1005 2053 optima
1027 2001 1130 2053 apud
1151 2002 1261 2040 illum
1283 2010 1472 2053 praecepta
1493 2002 1598 2039 inve-

119 2070 269 2116 nirent,
290 2077 456 2119 aptaque
473 2067 688 2118 juventutis
708 2066 881 2105 moribus
900 2066 1168 2105 informandis.
1192 2067 1323 2117 ltaque
1342 2080 1417 2103 non
1442 2064 1598 2104 dubita-

119 2148 204 2173 mus
221 2135 258 2172 in
274 2133 415 2172 scholis
444 2146 509 2170 seu
525 2131 690 2183 judaicis
718 2145 786 2170 seu
816 2131 1033 2169 christianis
1051 2130 1284 2183 jampridem
1305 2130 1411 2168 illum
1435 2129 1597 2168 lectitari

120 2197 415 2248 memoriterque
440 2197 591 2235 recitari
612 2196 765 2234 solitum
789 2195 915 2234 fuisse.
934 2195 1009 2234 Sed
1026 2195 1073 2234 de
1095 2194 1312 2233 christianis
1335 2194 1373 2232 id
1390 2195 1596 2246 praesertim

119 2264 285 2303 ausimus
316 2263 517 2301 affirmare.
540 2261 617 2300 Nec
642 2262 715 2300 alia
735 2274 849 2299 causa
866 2270 923 2299 est
947 2274 1016 2299 cur
1037 2261 1076 2299 in
1114 2260 1389 2312 epigrammate
1414 2259 1596 2310 quodam,

120 2326 340 2366 recentioris
366 2335 493 2365 tamen
511 2328 606 2374 aevi,
634 2325 710 2364 nisi
734 2324 924 2371 fallimur,
943 2338 966 2363 a
989 2324 1196 2376 Sylburgio
1217 2323 1324 2362 citati
1354 2324 1440 2375 (nos
1473 2323 1596 2361 locum

119 2405 193 2430 non
217 2391 460 2440 invenimus),
477 2389 745 2442 Χριστομῦστης
763 2398 875 2441 pocta
896 2390 959 2428 illc
979 2390 1144 2428 dicatur.

172 2457 311 2495 Verum
332 2456 370 2494 id
389 2470 464 2494 non
481 2455 591 2494 aliter
607 2456 688 2494 fieri
708 2455 834 2507 potuit
857 2468 970 2506 quam
1001 2455 1032 2494 si
1059 2454 1179 2493 multa
1195 2468 1242 2493 ex
1262 2467 1308 2492 eo
1327 2453 1597 2498 redderentur,

119 2529 158 2559 et
174 2533 260 2572 quae
282 2528 426 2559 servata
449 2529 593 2568 essent,
608 2520 647 2558 in
676 2533 816 2558 novam
836 2520 1015 2558 carminis
1037 2520 1198 2557 formam
1222 2517 1502 2569 redigerentur.
1523 2518 1597 2555 'ra-

120 2584 194 2622 lem
215 2596 286 2622 nos
301 2592 339 2621 et
356 2584 408 2621 sic
428 2592 675 2622 retractatum
694 2583 943 2635 Phocylidem
964 2585 1105 2623 Nostro
1126 2583 1241 2621 fuisse
1261 2581 1311 2620 ob
1327 2583 1460 2620 oculos
1477 2588 1543 2619 ant
1560 2581 1595 2618 in

122 2656 250 2687 mente
269 2647 459 2686 credimus
476 2659 487 2688 t
513 2648 623 2687 talem
644 2648 854 2687 Christiani
873 2648 931 2685 vel
951 2647 1023 2698 ipsi
1045 2647 1228 2692 fecerant,
1245 2647 1303 2685 vel
1332 2660 1354 2685 a
1372 2645 1516 2685 Judaeis
1539 2658 1597 2682 ac·-

121 2719 319 2764 ceperant3
337 2724 460 2762 neque
476 2711 584 2749 aliter
599 2711 647 2749 ad
667 2725 736 2749 nos
757 2711 932 2763 pervenit
952 2711 1060 2758 illud,
1075 2711 1180 2763 quod
1198 2711 1310 2762 vulgo
1325 2710 1396 2749 sub
1411 2710 1491 2761 ejus
1507 2721 1595 2760 poe-

124 2783 170 2814 tae
191 2776 350 2813 nomine
370 2775 659 2822 circumfertur,
677 2775 814 2826 ποίημα
832 2776 1042 2815 νουΟετικόν.
1065 2777 1159 2815 Nam
1187 2784 1292 2814 vetus
1313 2775 1469 2826 quidem
1500 2772 1595 2812 Pho-

121 2839 266 2890 cylides
291 2839 441 2878 videtur
460 2853 536 2878 non
561 2840 749 2890 integrum
769 2848 835 2878 aut
860 2841 1083 2879 continuum
1105 2841 1303 2891 scripsisse
1328 2852 1479 2877 carmen
1495 2866 1504 2881 ‚
1530 2835 1592 2874 sed
