<?xml version="1.0" encoding="UTF-8"?>
<!DOCTYPE html PUBLIC "-//W3C//DTD XHTML 1.0 Transitional//EN"
    "http://www.w3.org/TR/xhtml1/DTD/xhtml1-transitional.dtd">
<html xmlns="http://www.w3.org/1999/xhtml" xml:lang="en" lang="en">
 <head>
  <title>
</title>
<meta http-equiv="Content-Type" content="text/html;charset=utf-8" />
  <meta name='ocr-system' content='tesseract 3.04.00' />
  <meta name='ocr-capabilities' content='ocr_page ocr_carea ocr_par ocr_line ocrx_word'/>
</head>
<body>
  <div class='ocr_page' id='page_1' title='image "./excursusadsibyll00alexuoft_0229.png"; bbox 0 0 1752 3495; ppageno 0'>
   <div class='ocr_carea' id='block_1_1' title="bbox 47 296 1134 347">
    <p class='ocr_par' dir='ltr' id='par_1_1' title="bbox 47 296 1134 347">
     <span class='ocr_line' id='line_1_1' title="bbox 47 296 1134 347; baseline -0.007 0"><span class='ocrx_word' id='word_1_1' title='bbox 47 303 140 347; x_wconf 77' lang='lat'><strong>220</strong></span> <span class='ocrx_word' id='word_1_2' title='bbox 430 300 502 346; x_wconf 84' lang='lat' dir='ltr'><strong>AD</strong></span> <span class='ocrx_word' id='word_1_3' title='bbox 537 299 889 346; x_wconf 82' lang='lat' dir='ltr'><strong>SIBYLLINOS</strong></span> <span class='ocrx_word' id='word_1_4' title='bbox 925 296 1134 341; x_wconf 76' lang='lat' dir='ltr'>LIBROS</span> 
     </span>
    </p>
   </div>
   <div class='ocr_carea' id='block_1_2' title="bbox 0 393 1540 2964">
    <p class='ocr_par' dir='ltr' id='par_1_2' title="bbox 47 393 1540 885">
     <span class='ocr_line' id='line_1_2' title="bbox 52 393 1515 450; baseline 0 -13"><span class='ocrx_word' id='word_1_5' title='bbox 52 406 124 446; x_wconf 71' lang='lat' dir='ltr'><strong>¹tam</strong></span> <span class='ocrx_word' id='word_1_6' title='bbox 139 397 330 437; x_wconf 83' lang='lat' dir='ltr'><strong>horrenda</strong></span> <span class='ocrx_word' id='word_1_7' title='bbox 340 397 512 449; x_wconf 76' lang='lat' dir='ltr'><strong>jussisse,</strong></span> <span class='ocrx_word' id='word_1_8' title='bbox 537 399 657 450; x_wconf 84' lang='lat' dir='ltr'><strong>iisque</strong></span> <span class='ocrx_word' id='word_1_9' title='bbox 677 395 926 448; x_wconf 77' lang='lat' dir='ltr'><strong>exsequendis</strong></span> <span class='ocrx_word' id='word_1_10' title='bbox 945 408 1029 446; x_wconf 83' lang='lat' dir='ltr'><strong>quae</strong></span> <span class='ocrx_word' id='word_1_11' title='bbox 1041 393 1248 445; x_wconf 81' lang='lat' dir='ltr'><strong>jusserant,</strong></span> <span class='ocrx_word' id='word_1_12' title='bbox 1269 407 1341 446; x_wconf 87' lang='lat' dir='ltr'><strong>pro</strong></span> <span class='ocrx_word' id='word_1_13' title='bbox 1363 409 1515 437; x_wconf 82' lang='lat' dir='ltr'><strong>munere</strong></span> 
     </span>
     <span class='ocr_line' id='line_1_3' title="bbox 56 458 1515 513; baseline 0 -13"><span class='ocrx_word' id='word_1_14' title='bbox 56 475 128 500; x_wconf 85' lang='lat' dir='ltr'><strong>suo</strong></span> <span class='ocrx_word' id='word_1_15' title='bbox 146 461 354 513; x_wconf 82' lang='lat' dir='ltr'><strong>praefuisse.</strong></span> <span class='ocrx_word' id='word_1_16' title='bbox 379 462 437 500; x_wconf 89' lang='lat' dir='ltr'><strong>llli</strong></span> <span class='ocrx_word' id='word_1_17' title='bbox 457 470 578 500; x_wconf 87' lang='lat' dir='ltr'><strong>tamen</strong></span> <span class='ocrx_word' id='word_1_18' title='bbox 595 491 605 511; x_wconf 94' lang='lat'>,</span> <span class='ocrx_word' id='word_1_19' title='bbox 622 463 794 500; x_wconf 87' lang='lat' dir='ltr'><strong>volentes</strong></span> <span class='ocrx_word' id='word_1_20' title='bbox 814 473 946 507; x_wconf 85' lang='lat' dir='ltr'><strong>necne,</strong></span> <span class='ocrx_word' id='word_1_21' title='bbox 969 472 1031 497; x_wconf 87' lang='lat' dir='ltr'><strong>seu</strong></span> <span class='ocrx_word' id='word_1_22' title='bbox 1050 458 1137 509; x_wconf 88' lang='lat' dir='ltr'><strong>quia</strong></span> <span class='ocrx_word' id='word_1_23' title='bbox 1155 470 1362 508; x_wconf 81' lang='lat' dir='ltr'><strong>graecorum</strong></span> <span class='ocrx_word' id='word_1_24' title='bbox 1380 473 1515 500; x_wconf 79' lang='lat' dir='ltr'><strong>oracu-</strong></span> 
     </span>
     <span class='ocr_line' id='line_1_4' title="bbox 56 521 1514 577; baseline 0.001 -14"><span class='ocrx_word' id='word_1_25' title='bbox 56 525 180 563; x_wconf 83' lang='lat' dir='ltr'>lorum</span> <span class='ocrx_word' id='word_1_26' title='bbox 198 534 412 577; x_wconf 80' lang='lat' dir='ltr'><strong>sequcstres</strong></span> <span class='ocrx_word' id='word_1_27' title='bbox 427 535 548 570; x_wconf 83' lang='lat' dir='ltr'><strong>erant,</strong></span> <span class='ocrx_word' id='word_1_28' title='bbox 567 540 630 564; x_wconf 89' lang='lat' dir='ltr'><strong>seu</strong></span> <span class='ocrx_word' id='word_1_29' title='bbox 653 525 754 576; x_wconf 89' lang='lat' dir='ltr'><strong>quod</strong></span> <span class='ocrx_word' id='word_1_30' title='bbox 778 523 958 561; x_wconf 78' lang='lat' dir='ltr'>ministris</span> <span class='ocrx_word' id='word_1_31' title='bbox 978 531 1015 560; x_wconf 83' lang='lat' dir='ltr'><strong>et</strong></span> <span class='ocrx_word' id='word_1_32' title='bbox 1035 521 1310 572; x_wconf 68' lang='lat' dir='ltr'><strong>interpretibus</strong></span> <span class='ocrx_word' id='word_1_33' title='bbox 1327 523 1514 576; x_wconf 83' lang='lat' dir='ltr'><strong>plerisque</strong></span> 
     </span>
     <span class='ocr_line' id='line_1_5' title="bbox 50 586 1515 639; baseline 0.001 -11"><span class='ocrx_word' id='word_1_34' title='bbox 50 590 192 628; x_wconf 85' lang='lat' dir='ltr'><strong>Graecis</strong></span> <span class='ocrx_word' id='word_1_35' title='bbox 213 590 441 639; x_wconf 86' lang='lat' dir='ltr'><strong>utebantur,</strong></span> <span class='ocrx_word' id='word_1_36' title='bbox 458 590 680 628; x_wconf 88' lang='lat' dir='ltr'><strong>invehendis</strong></span> <span class='ocrx_word' id='word_1_37' title='bbox 700 590 738 627; x_wconf 91' lang='lat' dir='ltr'><strong>in</strong></span> <span class='ocrx_word' id='word_1_38' title='bbox 757 589 906 627; x_wconf 86' lang='lat' dir='ltr'><strong>Latium</strong></span> <span class='ocrx_word' id='word_1_39' title='bbox 933 588 1064 638; x_wconf 76' lang='lat' dir='ltr'><strong>graecis</strong></span> <span class='ocrx_word' id='word_1_40' title='bbox 1085 586 1334 638; x_wconf 74' lang='lat' dir='ltr'><strong>religionibus</strong></span> <span class='ocrx_word' id='word_1_41' title='bbox 1360 591 1515 629; x_wconf 89' lang='lat' dir='ltr'><strong>multum</strong></span> 
     </span>
     <span class='ocr_line' id='line_1_6' title="bbox 48 651 1514 705; baseline 0.001 -14"><span class='ocrx_word' id='word_1_42' title='bbox 48 655 131 705; x_wconf 86' lang='lat' dir='ltr'><strong>opis</strong></span> <span class='ocrx_word' id='word_1_43' title='bbox 150 654 370 695; x_wconf 87' lang='lat' dir='ltr'><strong>attulerunt.</strong></span> <span class='ocrx_word' id='word_1_44' title='bbox 398 654 474 705; x_wconf 88' lang='lat' dir='ltr'><strong>lpsi</strong></span> <span class='ocrx_word' id='word_1_45' title='bbox 503 654 620 701; x_wconf 90' lang='lat' dir='ltr'><strong>enim,</strong></span> <span class='ocrx_word' id='word_1_46' title='bbox 643 653 820 705; x_wconf 84' lang='lat' dir='ltr'><strong>Delphici</strong></span> <span class='ocrx_word' id='word_1_47' title='bbox 850 651 995 689; x_wconf 85' lang='lat' dir='ltr'><strong>oraculi</strong></span> <span class='ocrx_word' id='word_1_48' title='bbox 1033 652 1296 699; x_wconf 61' lang='lat' dir='ltr'><strong>mutilatione,</strong></span> <span class='ocrx_word' id='word_1_49' title='bbox 1334 653 1514 703; x_wconf 73' lang='lat' dir='ltr'><strong>Apollinis</strong></span> 
     </span>
     <span class='ocr_line' id='line_1_7' title="bbox 47 715 1516 770; baseline 0.001 -15"><span class='ocrx_word' id='word_1_50' title='bbox 47 717 208 766; x_wconf 87' lang='lat' dir='ltr'><strong>cultum,</strong></span> <span class='ocrx_word' id='word_1_51' title='bbox 231 726 341 756; x_wconf 81' lang='lat' dir='ltr'><strong>antea</strong></span> <span class='ocrx_word' id='word_1_52' title='bbox 357 727 550 769; x_wconf 79' lang='lat' dir='ltr'><strong>receptum</strong></span> <span class='ocrx_word' id='word_1_53' title='bbox 568 717 687 768; x_wconf 80' lang='lat' dir='ltr'><strong>magis</strong></span> <span class='ocrx_word' id='word_1_54' title='bbox 705 730 818 768; x_wconf 90' lang='lat' dir='ltr'><strong>quam</strong></span> <span class='ocrx_word' id='word_1_55' title='bbox 837 717 1050 767; x_wconf 81' lang='lat' dir='ltr'><strong>vulgatum,</strong></span> <span class='ocrx_word' id='word_1_56' title='bbox 1070 716 1170 754; x_wconf 86' lang='lat' dir='ltr'><strong>haud</strong></span> <span class='ocrx_word' id='word_1_57' title='bbox 1191 715 1308 754; x_wconf 87' lang='lat' dir='ltr'><strong>dubie</strong></span> <span class='ocrx_word' id='word_1_58' title='bbox 1327 729 1516 770; x_wconf 80' lang='lat' dir='ltr'><strong>propaga-</strong></span> 
     </span>
     <span class='ocr_line' id='line_1_8' title="bbox 48 779 1540 834; baseline 0.001 -16"><span class='ocrx_word' id='word_1_59' title='bbox 48 790 202 826; x_wconf 78' lang='lat' dir='ltr'><strong>verunt3</strong></span> <span class='ocrx_word' id='word_1_60' title='bbox 235 782 306 834; x_wconf 90' lang='lat' dir='ltr'><strong>ipsi</strong></span> <span class='ocrx_word' id='word_1_61' title='bbox 329 795 446 821; x_wconf 85' lang='lat' dir='ltr'><strong>novos</strong></span> <span class='ocrx_word' id='word_1_62' title='bbox 473 796 494 819; x_wconf 88' lang='lat' dir='ltr'><strong>e</strong></span> <span class='ocrx_word' id='word_1_63' title='bbox 520 781 665 819; x_wconf 84' lang='lat' dir='ltr'><strong>Graecia</strong></span> <span class='ocrx_word' id='word_1_64' title='bbox 685 781 743 819; x_wconf 87' lang='lat' dir='ltr'><strong>vcl</strong></span> <span class='ocrx_word' id='word_1_65' title='bbox 774 781 861 820; x_wconf 78' lang='lat' dir='ltr'><strong>Asia</strong></span> <span class='ocrx_word' id='word_1_66' title='bbox 892 781 985 818; x_wconf 84' lang='lat' dir='ltr'><strong>deos</strong></span> <span class='ocrx_word' id='word_1_67' title='bbox 1004 779 1263 831; x_wconf 83' lang='lat' dir='ltr'><strong>AEsculapium</strong></span> <span class='ocrx_word' id='word_1_68' title='bbox 1291 789 1327 818; x_wconf 87' lang='lat' dir='ltr'><strong>ct</strong></span> <span class='ocrx_word' id='word_1_69' title='bbox 1354 781 1540 832; x_wconf 84' lang='lat' dir='ltr'><strong>Cybelen·</strong></span> 
     </span>
     <span class='ocr_line' id='line_1_9' title="bbox 49 846 345 885; baseline 0 -1"><span class='ocrx_word' id='word_1_70' title='bbox 49 846 345 885; x_wconf 84' lang='lat' dir='ltr'><strong>accersiverunt.</strong></span> 
     </span>
    </p>

    <p class='ocr_par' dir='ltr' id='par_1_3' title="bbox 46 908 1519 2124">
     <span class='ocr_line' id='line_1_10' title="bbox 101 908 1516 963; baseline -0.001 -14"><span class='ocrx_word' id='word_1_71' title='bbox 101 911 229 949; x_wconf 84' lang='lat' dir='ltr'><strong>Voluit</strong></span> <span class='ocrx_word' id='word_1_72' title='bbox 242 912 318 949; x_wconf 92' lang='lat' dir='ltr'><strong>imo</strong></span> <span class='ocrx_word' id='word_1_73' title='bbox 334 911 573 958; x_wconf 82' lang='lat' dir='ltr'><strong>Klausenius,</strong></span> <span class='ocrx_word' id='word_1_74' title='bbox 587 924 704 963; x_wconf 82' lang='lat' dir='ltr'><strong>opere</strong></span> <span class='ocrx_word' id='word_1_75' title='bbox 716 924 785 949; x_wconf 91' lang='lat' dir='ltr'><strong>suo</strong></span> <span class='ocrx_word' id='word_1_76' title='bbox 798 923 898 962; x_wconf 81' lang='lat' dir='ltr'><strong>saepe</strong></span> <span class='ocrx_word' id='word_1_77' title='bbox 910 908 1021 948; x_wconf 86' lang='lat' dir='ltr'><strong>nobis</strong></span> <span class='ocrx_word' id='word_1_78' title='bbox 1033 909 1203 957; x_wconf 81' lang='lat' dir='ltr'><strong>laudato,</strong></span> <span class='ocrx_word' id='word_1_79' title='bbox 1218 914 1358 948; x_wconf 79' lang='lat' dir='ltr'><strong>AEneas</strong></span> <span class='ocrx_word' id='word_1_80' title='bbox 1373 913 1516 949; x_wconf 70' lang='lat' dir='ltr'><strong>meridie</strong></span> 
     </span>
     <span class='ocr_line' id='line_1_11' title="bbox 47 975 1515 1028; baseline 0.001 -13"><span class='ocrx_word' id='word_1_81' title='bbox 47 978 234 1023; x_wconf 83' lang='lat' dir='ltr'><strong>Penaten,</strong></span> <span class='ocrx_word' id='word_1_82' title='bbox 257 989 294 1027; x_wconf 89' lang='lat' dir='ltr'><strong>p.</strong></span> <span class='ocrx_word' id='word_1_83' title='bbox 320 975 411 1024; x_wconf 76' lang='lat'><strong>250,</strong></span> <span class='ocrx_word' id='word_1_84' title='bbox 435 989 533 1028; x_wconf 91' lang='lat' dir='ltr'><strong>sqq.,</strong></span> <span class='ocrx_word' id='word_1_85' title='bbox 550 975 745 1027; x_wconf 81' lang='lat' dir='ltr'><strong>Sibyllinis</strong></span> <span class='ocrx_word' id='word_1_86' title='bbox 766 975 957 1027; x_wconf 81' lang='lat' dir='ltr'><strong>responsis</strong></span> <span class='ocrx_word' id='word_1_87' title='bbox 973 987 1171 1026; x_wconf 86' lang='lat' dir='ltr'><strong>nunquam</strong></span> <span class='ocrx_word' id='word_1_88' title='bbox 1199 975 1272 1013; x_wconf 84' lang='lat' dir='ltr'><strong>alia</strong></span> <span class='ocrx_word' id='word_1_89' title='bbox 1292 989 1398 1013; x_wconf 85' lang='lat' dir='ltr'><strong>sacra</strong></span> <span class='ocrx_word' id='word_1_90' title='bbox 1413 977 1515 1028; x_wconf 85' lang='lat' dir='ltr'><strong>jussa</strong></span> 
     </span>
     <span class='ocr_line' id='line_1_12' title="bbox 49 1038 1516 1092; baseline -0.001 -14"><span class='ocrx_word' id='word_1_91' title='bbox 49 1053 129 1078; x_wconf 90' lang='lat' dir='ltr'><strong>esse</strong></span> <span class='ocrx_word' id='word_1_92' title='bbox 147 1053 261 1091; x_wconf 76' lang='lat' dir='ltr'><strong>quam</strong></span> <span class='ocrx_word' id='word_1_93' title='bbox 281 1052 412 1090; x_wconf 81' lang='lat' dir='ltr'><strong>graeca.</strong></span> <span class='ocrx_word' id='word_1_94' title='bbox 443 1041 588 1078; x_wconf 83' lang='lat' dir='ltr'><strong>Diserte</strong></span> <span class='ocrx_word' id='word_1_95' title='bbox 608 1040 750 1091; x_wconf 87' lang='lat' dir='ltr'><strong>quippe</strong></span> <span class='ocrx_word' id='word_1_96' title='bbox 765 1038 866 1090; x_wconf 84' lang='lat' dir='ltr'><strong>apud</strong></span> <span class='ocrx_word' id='word_1_97' title='bbox 886 1040 1095 1078; x_wconf 87' lang='lat' dir='ltr'><strong>Varronem</strong></span> <span class='ocrx_word' id='word_1_98' title='bbox 1113 1039 1187 1090; x_wconf 82' lang='lat' dir='ltr'><strong>legi</strong></span> <span class='ocrx_word' id='word_1_99' title='bbox 1201 1049 1343 1086; x_wconf 85' lang='lat' dir='ltr'><strong>monet,</strong></span> <span class='ocrx_word' id='word_1_100' title='bbox 1364 1040 1411 1078; x_wconf 88' lang='lat' dir='ltr'><strong>de</strong></span> <span class='ocrx_word' id='word_1_101' title='bbox 1430 1040 1516 1092; x_wconf 75' lang='lat' dir='ltr'><strong>ling.</strong></span> 
     </span>
     <span class='ocr_line' id='line_1_13' title="bbox 49 1103 1515 1156; baseline 0 -14"><span class='ocrx_word' id='word_1_102' title='bbox 49 1106 112 1142; x_wconf 86' lang='lat' dir='ltr'><strong>lat.</strong></span> <span class='ocrx_word' id='word_1_103' title='bbox 134 1104 202 1143; x_wconf 88' lang='lat' dir='ltr'><strong>lib.</strong></span> <span class='ocrx_word' id='word_1_104' title='bbox 222 1104 288 1143; x_wconf 84' lang='lat' dir='ltr'><strong>vll</strong></span> <span class='ocrx_word' id='word_1_105' title='bbox 302 1134 312 1152; x_wconf 93' lang='lat'>,</span> <span class='ocrx_word' id='word_1_106' title='bbox 331 1105 353 1154; x_wconf 72' lang='lat' dir='ltr'><strong>S</strong></span> <span class='ocrx_word' id='word_1_107' title='bbox 374 1105 446 1142; x_wconf 88' lang='lat'><strong>88:</strong></span> <span class='ocrx_word' id='word_1_108' title='bbox 465 1122 479 1138; x_wconf 77' lang='grc' dir='ltr'>ι</span> <span class='ocrx_word' id='word_1_109' title='bbox 499 1105 574 1144; x_wconf 84' lang='lat' dir='ltr'><strong>Xll</strong></span> <span class='ocrx_word' id='word_1_110' title='bbox 591 1105 696 1143; x_wconf 90' lang='lat' dir='ltr'><strong>viros</strong></span> <span class='ocrx_word' id='word_1_111' title='bbox 724 1104 822 1156; x_wconf 79' lang='lat' dir='ltr'><strong>[lege</strong></span> <span class='ocrx_word' id='word_1_112' title='bbox 843 1103 1028 1155; x_wconf 79' lang='lat' dir='ltr'><strong>XVviros]</strong></span> <span class='ocrx_word' id='word_1_113' title='bbox 1048 1116 1173 1154; x_wconf 78' lang='lat' dir='ltr'><strong>graeco</strong></span> <span class='ocrx_word' id='word_1_114' title='bbox 1191 1104 1266 1141; x_wconf 87' lang='lat' dir='ltr'><strong>ritu</strong></span> <span class='ocrx_word' id='word_1_115' title='bbox 1289 1117 1415 1152; x_wconf 81' lang='lat' dir='ltr'><strong>sacra,</strong></span> <span class='ocrx_word' id='word_1_116' title='bbox 1443 1119 1515 1143; x_wconf 83' lang='lat' dir='ltr'><strong>non</strong></span> 
     </span>
     <span class='ocr_line' id='line_1_14' title="bbox 50 1163 1514 1219; baseline 0.001 -15"><span class='ocrx_word' id='word_1_117' title='bbox 50 1184 65 1200; x_wconf 82' lang='lat'>«</span> <span class='ocrx_word' id='word_1_118' title='bbox 82 1163 241 1205; x_wconf 87' lang='lat' dir='ltr'><strong>romano</strong></span> <span class='ocrx_word' id='word_1_119' title='bbox 259 1169 393 1207; x_wconf 84' lang='lat' dir='ltr'><strong>facere.</strong></span> <span class='ocrx_word' id='word_1_120' title='bbox 409 1186 423 1202; x_wconf 78' lang='grc' dir='ltr'><strong>υ</strong></span> <span class='ocrx_word' id='word_1_121' title='bbox 441 1169 593 1207; x_wconf 82' lang='lat' dir='ltr'><strong>Arctam</strong></span> <span class='ocrx_word' id='word_1_122' title='bbox 610 1168 698 1206; x_wconf 87' lang='lat' dir='ltr'><strong>inde</strong></span> <span class='ocrx_word' id='word_1_123' title='bbox 718 1176 829 1219; x_wconf 79' lang='lat' dir='ltr'><strong>putat</strong></span> <span class='ocrx_word' id='word_1_124' title='bbox 849 1168 1123 1206; x_wconf 85' lang='lat' dir='ltr'><strong>connexionem</strong></span> <span class='ocrx_word' id='word_1_125' title='bbox 1139 1177 1176 1206; x_wconf 87' lang='lat' dir='ltr'><strong>et</strong></span> <span class='ocrx_word' id='word_1_126' title='bbox 1195 1168 1302 1219; x_wconf 89' lang='lat' dir='ltr'><strong>quasi</strong></span> <span class='ocrx_word' id='word_1_127' title='bbox 1320 1169 1514 1218; x_wconf 80' lang='lat' dir='ltr'><strong>cognatio-</strong></span> 
     </span>
     <span class='ocr_line' id='line_1_15' title="bbox 48 1231 1517 1284; baseline 0.002 -16"><span class='ocrx_word' id='word_1_128' title='bbox 48 1244 132 1269; x_wconf 80' lang='lat' dir='ltr'><strong>nem</strong></span> <span class='ocrx_word' id='word_1_129' title='bbox 153 1231 265 1270; x_wconf 81' lang='lat' dir='ltr'><strong>fuisse</strong></span> <span class='ocrx_word' id='word_1_130' title='bbox 282 1232 380 1271; x_wconf 90' lang='lat' dir='ltr'><strong>inter</strong></span> <span class='ocrx_word' id='word_1_131' title='bbox 397 1233 624 1284; x_wconf 86' lang='lat' dir='ltr'><strong>Delphicum</strong></span> <span class='ocrx_word' id='word_1_132' title='bbox 640 1232 828 1284; x_wconf 80' lang='lat' dir='ltr'><strong>Apollinis</strong></span> <span class='ocrx_word' id='word_1_133' title='bbox 846 1241 882 1270; x_wconf 92' lang='lat' dir='ltr'><strong>et</strong></span> <span class='ocrx_word' id='word_1_134' title='bbox 897 1232 1084 1271; x_wconf 87' lang='lat' dir='ltr'><strong>XVvirale</strong></span> <span class='ocrx_word' id='word_1_135' title='bbox 1100 1232 1370 1271; x_wconf 81' lang='lat' dir='ltr'><strong>sacerdotium.</strong></span> <span class='ocrx_word' id='word_1_136' title='bbox 1389 1232 1517 1283; x_wconf 84' lang='lat' dir='ltr'><strong>Itaque</strong></span> 
     </span>
     <span class='ocr_line' id='line_1_16' title="bbox 47 1296 1517 1348; baseline 0.001 -14"><span class='ocrx_word' id='word_1_137' title='bbox 47 1296 231 1334; x_wconf 86' lang='lat' dir='ltr'><strong>cortinam</strong></span> <span class='ocrx_word' id='word_1_138' title='bbox 256 1296 433 1348; x_wconf 72' lang='lat' dir='ltr'><strong>Sibyllae,</strong></span> <span class='ocrx_word' id='word_1_139' title='bbox 453 1306 493 1335; x_wconf 90' lang='lat' dir='ltr'><strong>ut</strong></span> <span class='ocrx_word' id='word_1_140' title='bbox 513 1297 680 1347; x_wconf 86' lang='lat' dir='ltr'><strong>Pythiae,</strong></span> <span class='ocrx_word' id='word_1_141' title='bbox 708 1296 823 1334; x_wconf 85' lang='lat' dir='ltr'><strong>tribui</strong></span> <span class='ocrx_word' id='word_1_142' title='bbox 843 1297 993 1348; x_wconf 86' lang='lat' dir='ltr'><strong>(confer</strong></span> <span class='ocrx_word' id='word_1_143' title='bbox 1009 1298 1187 1348; x_wconf 86' lang='lat' dir='ltr'><strong>Propert.</strong></span> <span class='ocrx_word' id='word_1_144' title='bbox 1207 1296 1272 1337; x_wconf 90' lang='lat' dir='ltr'><strong>lib.</strong></span> <span class='ocrx_word' id='word_1_145' title='bbox 1295 1296 1360 1344; x_wconf 84' lang='lat' dir='ltr'><strong>lv,</strong></span> <span class='ocrx_word' id='word_1_146' title='bbox 1381 1297 1470 1348; x_wconf 80' lang='lat' dir='ltr'><strong>eleg.</strong></span> <span class='ocrx_word' id='word_1_147' title='bbox 1492 1298 1517 1344; x_wconf 80' lang='grc' dir='ltr'><strong>Ι,</strong></span> 
     </span>
     <span class='ocr_line' id='line_1_17' title="bbox 47 1361 1518 1414; baseline 0.002 -18"><span class='ocrx_word' id='word_1_148' title='bbox 47 1374 86 1400; x_wconf 88' lang='lat' dir='ltr'><strong>v.</strong></span> <span class='ocrx_word' id='word_1_149' title='bbox 110 1365 173 1411; x_wconf 74' lang='lat'><strong>49)</strong></span> <span class='ocrx_word' id='word_1_150' title='bbox 187 1389 198 1406; x_wconf 90' lang='lat'><em>,</em></span> <span class='ocrx_word' id='word_1_151' title='bbox 217 1375 376 1412; x_wconf 88' lang='lat' dir='ltr'><strong>eamque</strong></span> <span class='ocrx_word' id='word_1_152' title='bbox 393 1375 479 1400; x_wconf 92' lang='lat' dir='ltr'><strong>cum</strong></span> <span class='ocrx_word' id='word_1_153' title='bbox 500 1362 673 1413; x_wconf 86' lang='lat' dir='ltr'><strong>delphini</strong></span> <span class='ocrx_word' id='word_1_154' title='bbox 690 1361 853 1412; x_wconf 79' lang='lat' dir='ltr'><strong>imagine</strong></span> <span class='ocrx_word' id='word_1_155' title='bbox 869 1361 922 1414; x_wconf 90' lang='lat' dir='ltr'><strong>(id</strong></span> <span class='ocrx_word' id='word_1_156' title='bbox 940 1370 1094 1412; x_wconf 86' lang='lat' dir='ltr'><strong>quoque</strong></span> <span class='ocrx_word' id='word_1_157' title='bbox 1112 1361 1162 1399; x_wconf 94' lang='lat' dir='ltr'><strong>ob</strong></span> <span class='ocrx_word' id='word_1_158' title='bbox 1185 1361 1420 1413; x_wconf 82' lang='lat' dir='ltr'><strong>Delphorum</strong></span> <span class='ocrx_word' id='word_1_159' title='bbox 1445 1375 1518 1399; x_wconf 88' lang='lat' dir='ltr'><strong>me-</strong></span> 
     </span>
     <span class='ocr_line' id='line_1_18' title="bbox 47 1424 1517 1478; baseline -0.001 -15"><span class='ocrx_word' id='word_1_160' title='bbox 47 1426 242 1477; x_wconf 79' lang='lat' dir='ltr'><strong>moriam),</strong></span> <span class='ocrx_word' id='word_1_161' title='bbox 259 1426 296 1463; x_wconf 91' lang='lat' dir='ltr'><strong>in</strong></span> <span class='ocrx_word' id='word_1_162' title='bbox 314 1426 464 1478; x_wconf 86' lang='lat' dir='ltr'><strong>pompis</strong></span> <span class='ocrx_word' id='word_1_163' title='bbox 484 1424 737 1465; x_wconf 87' lang='lat' dir='ltr'><strong>XVviralibus</strong></span> <span class='ocrx_word' id='word_1_164' title='bbox 756 1425 997 1464; x_wconf 83' lang='lat' dir='ltr'><strong>circumferri</strong></span> <span class='ocrx_word' id='word_1_165' title='bbox 1011 1425 1158 1463; x_wconf 83' lang='lat' dir='ltr'><strong>solitam</strong></span> <span class='ocrx_word' id='word_1_166' title='bbox 1172 1457 1181 1473; x_wconf 82' lang='lat'><strong>‚</strong></span> <span class='ocrx_word' id='word_1_167' title='bbox 1201 1426 1374 1463; x_wconf 78' lang='lat' dir='ltr'><strong>tradente</strong></span> <span class='ocrx_word' id='word_1_168' title='bbox 1391 1426 1517 1465; x_wconf 83' lang='lat' dir='ltr'><strong>Servio</strong></span> 
     </span>
     <span class='ocr_line' id='line_1_19' title="bbox 47 1489 1519 1541; baseline 0 -14"><span class='ocrx_word' id='word_1_169' title='bbox 47 1489 95 1528; x_wconf 84' lang='lat' dir='ltr'><strong>ad</strong></span> <span class='ocrx_word' id='word_1_170' title='bbox 113 1490 196 1529; x_wconf 84' lang='lat' dir='ltr'><strong>AEn.</strong></span> <span class='ocrx_word' id='word_1_171' title='bbox 222 1491 300 1538; x_wconf 87' lang='lat'>111,</span> <span class='ocrx_word' id='word_1_172' title='bbox 320 1503 357 1528; x_wconf 89' lang='lat' dir='ltr'><strong>v.</strong></span> <span class='ocrx_word' id='word_1_173' title='bbox 379 1491 468 1538; x_wconf 82' lang='lat'>332,</span> <span class='ocrx_word' id='word_1_174' title='bbox 489 1491 549 1528; x_wconf 93' lang='lat' dir='ltr'><strong>his</strong></span> <span class='ocrx_word' id='word_1_175' title='bbox 564 1490 691 1529; x_wconf 82' lang='lat' dir='ltr'><strong>verbis</strong></span> <span class='ocrx_word' id='word_1_176' title='bbox 716 1505 725 1529; x_wconf 91' lang='lat'><strong>:</strong></span> <span class='ocrx_word' id='word_1_177' title='bbox 749 1508 764 1523; x_wconf 89' lang='lat'>«</span> <span class='ocrx_word' id='word_1_178' title='bbox 787 1490 985 1541; x_wconf 81' lang='lat' dir='ltr'><strong>Hodieque</strong></span> <span class='ocrx_word' id='word_1_179' title='bbox 1011 1490 1248 1530; x_wconf 82' lang='lat' dir='ltr'><strong>XVvirorum</strong></span> <span class='ocrx_word' id='word_1_180' title='bbox 1266 1491 1422 1528; x_wconf 78' lang='lat' dir='ltr'><strong>cortinis</strong></span> <span class='ocrx_word' id='word_1_181' title='bbox 1442 1490 1519 1528; x_wconf 83' lang='lat' dir='ltr'><strong>del-</strong></span> 
     </span>
     <span class='ocr_line' id='line_1_20' title="bbox 46 1555 1518 1608; baseline -0.001 -13"><span class='ocrx_word' id='word_1_182' title='bbox 46 1573 60 1588; x_wconf 74' lang='lat'>«</span> <span class='ocrx_word' id='word_1_183' title='bbox 78 1556 221 1607; x_wconf 87' lang='lat' dir='ltr'><strong>phinus</strong></span> <span class='ocrx_word' id='word_1_184' title='bbox 253 1556 290 1594; x_wconf 91' lang='lat' dir='ltr'><strong>in</strong></span> <span class='ocrx_word' id='word_1_185' title='bbox 313 1570 462 1594; x_wconf 86' lang='lat' dir='ltr'><strong>summo</strong></span> <span class='ocrx_word' id='word_1_186' title='bbox 483 1556 632 1594; x_wconf 88' lang='lat' dir='ltr'><strong>honore</strong></span> <span class='ocrx_word' id='word_1_187' title='bbox 652 1556 822 1608; x_wconf 88' lang='lat' dir='ltr'><strong>ponitur,</strong></span> <span class='ocrx_word' id='word_1_188' title='bbox 849 1564 887 1594; x_wconf 88' lang='lat' dir='ltr'><strong>et</strong></span> <span class='ocrx_word' id='word_1_189' title='bbox 915 1555 1040 1608; x_wconf 84' lang='lat' dir='ltr'><strong>pridie</strong></span> <span class='ocrx_word' id='word_1_190' title='bbox 1070 1569 1185 1607; x_wconf 87' lang='lat' dir='ltr'><strong>quam</strong></span> <span class='ocrx_word' id='word_1_191' title='bbox 1214 1556 1442 1595; x_wconf 82' lang='lat' dir='ltr'><strong>sacrificinm</strong></span> <span class='ocrx_word' id='word_1_192' title='bbox 1461 1556 1518 1594; x_wconf 74' lang='lat' dir='ltr'><strong>vsa-</strong></span> 
     </span>
     <span class='ocr_line' id='line_1_21' title="bbox 47 1619 1518 1671; baseline 0.002 -15"><span class='ocrx_word' id='word_1_193' title='bbox 47 1638 63 1654; x_wconf 74' lang='lat'>«</span> <span class='ocrx_word' id='word_1_194' title='bbox 78 1620 194 1667; x_wconf 83' lang='lat' dir='ltr'><strong>ciant,</strong></span> <span class='ocrx_word' id='word_1_195' title='bbox 216 1621 321 1658; x_wconf 82' lang='lat' dir='ltr'><strong>velut</strong></span> <span class='ocrx_word' id='word_1_196' title='bbox 339 1619 571 1671; x_wconf 88' lang='lat' dir='ltr'><strong>symbolum,</strong></span> <span class='ocrx_word' id='word_1_197' title='bbox 588 1620 791 1671; x_wconf 88' lang='lat' dir='ltr'><strong>delphinus</strong></span> <span class='ocrx_word' id='word_1_198' title='bbox 808 1621 1097 1668; x_wconf 83' lang='lat' dir='ltr'><strong>circumfertur,</strong></span> <span class='ocrx_word' id='word_1_199' title='bbox 1113 1621 1163 1658; x_wconf 89' lang='lat' dir='ltr'><strong>ob</strong></span> <span class='ocrx_word' id='word_1_200' title='bbox 1180 1621 1254 1659; x_wconf 89' lang='lat' dir='ltr'><strong>hoc</strong></span> <span class='ocrx_word' id='word_1_201' title='bbox 1273 1621 1415 1659; x_wconf 87' lang='lat' dir='ltr'><strong>scilicet</strong></span> <span class='ocrx_word' id='word_1_202' title='bbox 1434 1622 1518 1671; x_wconf 82' lang='lat' dir='ltr'><strong>quia</strong></span> 
     </span>
     <span class='ocr_line' id='line_1_22' title="bbox 48 1684 1518 1736; baseline 0.001 -14"><span class='ocrx_word' id='word_1_203' title='bbox 48 1701 63 1717; x_wconf 73' lang='grc' dir='ltr'>ι</span> <span class='ocrx_word' id='word_1_204' title='bbox 77 1684 214 1722; x_wconf 79' lang='lat' dir='ltr'><strong>xvviri</strong></span> <span class='ocrx_word' id='word_1_205' title='bbox 231 1684 413 1722; x_wconf 90' lang='lat' dir='ltr'><strong>librorum</strong></span> <span class='ocrx_word' id='word_1_206' title='bbox 429 1684 704 1735; x_wconf 83' lang='lat' dir='ltr'><strong>Sibyllinorum</strong></span> <span class='ocrx_word' id='word_1_207' title='bbox 722 1684 1015 1732; x_wconf 83' lang='lat' dir='ltr'><strong>sintantistites;</strong></span> <span class='ocrx_word' id='word_1_208' title='bbox 1035 1685 1179 1736; x_wconf 85' lang='lat' dir='ltr'><strong>Sibylla</strong></span> <span class='ocrx_word' id='word_1_209' title='bbox 1197 1693 1321 1723; x_wconf 84' lang='lat' dir='ltr'><strong>autem</strong></span> <span class='ocrx_word' id='word_1_210' title='bbox 1340 1685 1518 1736; x_wconf 79' lang='lat' dir='ltr'><strong>Apollinis</strong></span> 
     </span>
     <span class='ocr_line' id='line_1_23' title="bbox 48 1742 1517 1801; baseline -0.001 -15"><span class='ocrx_word' id='word_1_211' title='bbox 48 1767 64 1782; x_wconf 80' lang='grc' dir='ltr'><strong>ιι</strong></span> <span class='ocrx_word' id='word_1_212' title='bbox 75 1757 191 1796; x_wconf 79' lang='lat' dir='ltr'><strong>vates,</strong></span> <span class='ocrx_word' id='word_1_213' title='bbox 202 1757 239 1786; x_wconf 85' lang='lat' dir='ltr'><strong>et</strong></span> <span class='ocrx_word' id='word_1_214' title='bbox 250 1748 454 1801; x_wconf 86' lang='lat' dir='ltr'><strong>delphinus</strong></span> <span class='ocrx_word' id='word_1_215' title='bbox 469 1749 637 1800; x_wconf 87' lang='lat' dir='ltr'><strong>Apollini</strong></span> <span class='ocrx_word' id='word_1_216' title='bbox 652 1762 758 1787; x_wconf 87' lang='lat' dir='ltr'><strong>sacer</strong></span> <span class='ocrx_word' id='word_1_217' title='bbox 772 1742 839 1788; x_wconf 76' lang='lat' dir='ltr'><strong>es&#39;t.</strong></span> <span class='ocrx_word' id='word_1_218' title='bbox 853 1766 867 1782; x_wconf 76' lang='grc' dir='ltr'><strong>υ</strong></span> <span class='ocrx_word' id='word_1_219' title='bbox 878 1750 972 1796; x_wconf 84' lang='lat' dir='ltr'><strong>Quae</strong></span> <span class='ocrx_word' id='word_1_220' title='bbox 986 1758 1025 1787; x_wconf 90' lang='lat' dir='ltr'><strong>nt</strong></span> <span class='ocrx_word' id='word_1_221' title='bbox 1036 1750 1206 1800; x_wconf 84' lang='lat' dir='ltr'><strong>speciosa</strong></span> <span class='ocrx_word' id='word_1_222' title='bbox 1222 1750 1295 1787; x_wconf 87' lang='lat' dir='ltr'><strong>sint</strong></span> <span class='ocrx_word' id='word_1_223' title='bbox 1308 1758 1344 1787; x_wconf 89' lang='lat' dir='ltr'><strong>et</strong></span> <span class='ocrx_word' id='word_1_224' title='bbox 1360 1749 1517 1799; x_wconf 77' lang='lat' dir='ltr'><strong>quadam</strong></span> 
     </span>
     <span class='ocr_line' id='line_1_24' title="bbox 47 1813 1519 1865; baseline -0.001 -14"><span class='ocrx_word' id='word_1_225' title='bbox 47 1826 92 1851; x_wconf 84' lang='lat' dir='ltr'><strong>ex</strong></span> <span class='ocrx_word' id='word_1_226' title='bbox 111 1821 219 1864; x_wconf 81' lang='lat' dir='ltr'><strong>parte</strong></span> <span class='ocrx_word' id='word_1_227' title='bbox 234 1826 341 1860; x_wconf 78' lang='lat' dir='ltr'><strong>vera,</strong></span> <span class='ocrx_word' id='word_1_228' title='bbox 362 1813 474 1851; x_wconf 88' lang='lat' dir='ltr'><strong>nobis</strong></span> <span class='ocrx_word' id='word_1_229' title='bbox 495 1821 617 1850; x_wconf 88' lang='lat' dir='ltr'><strong>tamen</strong></span> <span class='ocrx_word' id='word_1_230' title='bbox 638 1814 792 1850; x_wconf 88' lang='lat' dir='ltr'><strong>minime</strong></span> <span class='ocrx_word' id='word_1_231' title='bbox 811 1814 1045 1864; x_wconf 84' lang='lat' dir='ltr'><strong>persuadent</strong></span> <span class='ocrx_word' id='word_1_232' title='bbox 1059 1814 1265 1865; x_wconf 87' lang='lat' dir='ltr'><strong>Sibyllinas</strong></span> <span class='ocrx_word' id='word_1_233' title='bbox 1281 1827 1411 1851; x_wconf 82' lang='lat' dir='ltr'><strong>omnes</strong></span> <span class='ocrx_word' id='word_1_234' title='bbox 1431 1813 1519 1850; x_wconf 70' lang='lat' dir='ltr'><strong>reli-</strong></span> 
     </span>
     <span class='ocr_line' id='line_1_25' title="bbox 47 1877 1517 1929; baseline -0.001 -14"><span class='ocrx_word' id='word_1_235' title='bbox 47 1877 176 1928; x_wconf 83' lang='lat' dir='ltr'><strong>giones</strong></span> <span class='ocrx_word' id='word_1_236' title='bbox 192 1878 404 1916; x_wconf 77' lang='lat' dir='ltr'><strong>necessario</strong></span> <span class='ocrx_word' id='word_1_237' title='bbox 424 1891 563 1929; x_wconf 81' lang='lat' dir='ltr'><strong>graecas</strong></span> <span class='ocrx_word' id='word_1_238' title='bbox 580 1877 695 1915; x_wconf 79' lang='lat' dir='ltr'><strong>fuisse</strong></span> <span class='ocrx_word' id='word_1_239' title='bbox 708 1906 719 1928; x_wconf 92' lang='lat'>‚</span> <span class='ocrx_word' id='word_1_240' title='bbox 744 1878 949 1929; x_wconf 78' lang='lat' dir='ltr'><strong>praesertim</strong></span> <span class='ocrx_word' id='word_1_241' title='bbox 980 1888 1068 1917; x_wconf 87' lang='lat' dir='ltr'><strong>ante</strong></span> <span class='ocrx_word' id='word_1_242' title='bbox 1091 1878 1190 1917; x_wconf 84' lang='lat' dir='ltr'><strong>bella</strong></span> <span class='ocrx_word' id='word_1_243' title='bbox 1219 1878 1365 1918; x_wconf 86' lang='lat' dir='ltr'><strong>Punica</strong></span> <span class='ocrx_word' id='word_1_244' title='bbox 1380 1907 1390 1925; x_wconf 94' lang='lat'>,</span> <span class='ocrx_word' id='word_1_245' title='bbox 1406 1890 1517 1928; x_wconf 80' lang='lat' dir='ltr'><strong>quum</strong></span> 
     </span>
     <span class='ocr_line' id='line_1_26' title="bbox 47 1942 1518 1995; baseline -0.001 -16"><span class='ocrx_word' id='word_1_246' title='bbox 47 1942 199 1980; x_wconf 79' lang='lat' dir='ltr'><strong>Graeciae</strong></span> <span class='ocrx_word' id='word_1_247' title='bbox 212 1955 335 1980; x_wconf 87' lang='lat' dir='ltr'><strong>mores</strong></span> <span class='ocrx_word' id='word_1_248' title='bbox 350 1942 520 1981; x_wconf 90' lang='lat' dir='ltr'><strong>nondum</strong></span> <span class='ocrx_word' id='word_1_249' title='bbox 542 1943 751 1982; x_wconf 84' lang='lat' dir='ltr'><strong>in&#39;Latium</strong></span> <span class='ocrx_word' id='word_1_250' title='bbox 773 1952 1080 1995; x_wconf 82' lang='lat' dir='ltr'><strong>penetraverant,</strong></span> <span class='ocrx_word' id='word_1_251' title='bbox 1104 1953 1140 1982; x_wconf 88' lang='lat' dir='ltr'><strong>et</strong></span> <span class='ocrx_word' id='word_1_252' title='bbox 1158 1945 1415 1982; x_wconf 84' lang='lat' dir='ltr'><strong>Romanorum</strong></span> <span class='ocrx_word' id='word_1_253' title='bbox 1432 1955 1518 1992; x_wconf 86' lang='lat' dir='ltr'><strong>pro-</strong></span> 
     </span>
     <span class='ocr_line' id='line_1_27' title="bbox 47 2006 1516 2060; baseline -0.001 -17"><span class='ocrx_word' id='word_1_254' title='bbox 47 2019 173 2044; x_wconf 81' lang='lat' dir='ltr'><strong>cerum</strong></span> <span class='ocrx_word' id='word_1_255' title='bbox 198 2006 308 2045; x_wconf 85' lang='lat' dir='ltr'><strong>liberi</strong></span> <span class='ocrx_word' id='word_1_256' title='bbox 331 2007 376 2044; x_wconf 89' lang='lat' dir='ltr'><strong>ad</strong></span> <span class='ocrx_word' id='word_1_257' title='bbox 395 2007 547 2059; x_wconf 83' lang='lat' dir='ltr'><strong>publica</strong></span> <span class='ocrx_word' id='word_1_258' title='bbox 563 2008 774 2047; x_wconf 79' lang='lat' dir='ltr'><strong>sacerdotia</strong></span> <span class='ocrx_word' id='word_1_259' title='bbox 795 2009 955 2047; x_wconf 88' lang='lat' dir='ltr'><strong>etruscis</strong></span> <span class='ocrx_word' id='word_1_260' title='bbox 976 2009 1123 2060; x_wconf 84' lang='lat' dir='ltr'><strong>(confer</strong></span> <span class='ocrx_word' id='word_1_261' title='bbox 1139 2022 1272 2060; x_wconf 82' lang='lat' dir='ltr'><strong>supra,</strong></span> <span class='ocrx_word' id='word_1_262' title='bbox 1296 2020 1380 2060; x_wconf 80' lang='lat' dir='ltr'><strong>pag.</strong></span> <span class='ocrx_word' id='word_1_263' title='bbox 1407 2006 1489 2056; x_wconf 79' lang='lat'>163)</span> <span class='ocrx_word' id='word_1_264' title='bbox 1506 2034 1516 2053; x_wconf 83' lang='lat'>‚</span> 
     </span>
     <span class='ocr_line' id='line_1_28' title="bbox 46 2072 919 2124; baseline 0.003 -16"><span class='ocrx_word' id='word_1_265' title='bbox 46 2084 122 2109; x_wconf 90' lang='lat' dir='ltr'><strong>non</strong></span> <span class='ocrx_word' id='word_1_266' title='bbox 139 2072 270 2122; x_wconf 84' lang='lat' dir='ltr'><strong>graecis</strong></span> <span class='ocrx_word' id='word_1_267' title='bbox 287 2072 497 2124; x_wconf 87' lang='lat' dir='ltr'><strong>disciplinis</strong></span> <span class='ocrx_word' id='word_1_268' title='bbox 513 2073 713 2111; x_wconf 82' lang='lat' dir='ltr'><strong>informari</strong></span> <span class='ocrx_word' id='word_1_269' title='bbox 734 2073 919 2113; x_wconf 78' lang='lat' dir='ltr'><strong>solebant.</strong></span> 
     </span>
    </p>

    <p class='ocr_par' dir='ltr' id='par_1_4' title="bbox 45 2136 1518 2451">
     <span class='ocr_line' id='line_1_29' title="bbox 96 2136 1518 2189; baseline -0.001 -14"><span class='ocrx_word' id='word_1_270' title='bbox 96 2136 237 2187; x_wconf 81' lang='lat' dir='ltr'><strong>Tripus</strong></span> <span class='ocrx_word' id='word_1_271' title='bbox 263 2146 363 2176; x_wconf 85' lang='lat' dir='ltr'><strong>certe</strong></span> <span class='ocrx_word' id='word_1_272' title='bbox 377 2166 388 2186; x_wconf 82' lang='lat'>,</span> <span class='ocrx_word' id='word_1_273' title='bbox 407 2151 492 2188; x_wconf 81' lang='lat' dir='ltr'><strong>quae</strong></span> <span class='ocrx_word' id='word_1_274' title='bbox 514 2139 628 2176; x_wconf 84' lang='lat' dir='ltr'><strong>latine</strong></span> <span class='ocrx_word' id='word_1_275' title='bbox 648 2139 797 2177; x_wconf 84' lang='lat' dir='ltr'><strong>cortina</strong></span> <span class='ocrx_word' id='word_1_276' title='bbox 815 2139 878 2177; x_wconf 91' lang='lat' dir='ltr'><strong>hic</strong></span> <span class='ocrx_word' id='word_1_277' title='bbox 898 2139 1058 2185; x_wconf 88' lang='lat' dir='ltr'><strong>dicitur,</strong></span> <span class='ocrx_word' id='word_1_278' title='bbox 1078 2141 1116 2178; x_wconf 90' lang='lat' dir='ltr'><strong>in</strong></span> <span class='ocrx_word' id='word_1_279' title='bbox 1137 2139 1259 2177; x_wconf 85' lang='lat' dir='ltr'><strong>numis</strong></span> <span class='ocrx_word' id='word_1_280' title='bbox 1284 2137 1518 2189; x_wconf 87' lang='lat' dir='ltr'><strong>quindecim-</strong></span> 
     </span>
     <span class='ocr_line' id='line_1_30' title="bbox 45 2199 1518 2256; baseline 0.001 -20"><span class='ocrx_word' id='word_1_281' title='bbox 45 2199 186 2237; x_wconf 88' lang='lat' dir='ltr'><strong>viratus</strong></span> <span class='ocrx_word' id='word_1_282' title='bbox 205 2200 418 2250; x_wconf 80' lang='lat' dir='ltr'><strong>symbolum</strong></span> <span class='ocrx_word' id='word_1_283' title='bbox 446 2210 525 2250; x_wconf 87' lang='lat' dir='ltr'><strong>est,</strong></span> <span class='ocrx_word' id='word_1_284' title='bbox 551 2211 587 2240; x_wconf 89' lang='lat' dir='ltr'><strong>et</strong></span> <span class='ocrx_word' id='word_1_285' title='bbox 616 2203 770 2254; x_wconf 85' lang='lat' dir='ltr'><strong>quidem</strong></span> <span class='ocrx_word' id='word_1_286' title='bbox 803 2217 901 2255; x_wconf 84' lang='lat' dir='ltr'><strong>saepe</strong></span> <span class='ocrx_word' id='word_1_287' title='bbox 922 2217 1007 2242; x_wconf 85' lang='lat' dir='ltr'><strong>cum</strong></span> <span class='ocrx_word' id='word_1_288' title='bbox 1029 2204 1200 2256; x_wconf 88' lang='lat' dir='ltr'><strong>delphini</strong></span> <span class='ocrx_word' id='word_1_289' title='bbox 1226 2203 1389 2254; x_wconf 76' lang='lat' dir='ltr'><strong>imagine</strong></span> <span class='ocrx_word' id='word_1_290' title='bbox 1411 2214 1518 2252; x_wconf 88' lang='lat' dir='ltr'><strong>supra</strong></span> 
     </span>
     <span class='ocr_line' id='line_1_31' title="bbox 47 2263 1518 2320; baseline 0.001 -19"><span class='ocrx_word' id='word_1_291' title='bbox 47 2263 234 2315; x_wconf 86' lang='lat' dir='ltr'><strong>tripodem</strong></span> <span class='ocrx_word' id='word_1_292' title='bbox 264 2266 402 2312; x_wconf 72' lang='lat' dir='ltr'><strong>efficta,</strong></span> <span class='ocrx_word' id='word_1_293' title='bbox 432 2267 531 2304; x_wconf 91' lang='lat' dir='ltr'><strong>sicut</strong></span> <span class='ocrx_word' id='word_1_294' title='bbox 558 2267 595 2304; x_wconf 92' lang='lat' dir='ltr'><strong>in</strong></span> <span class='ocrx_word' id='word_1_295' title='bbox 624 2268 764 2305; x_wconf 86' lang='lat' dir='ltr'><strong>Vitellii</strong></span> <span class='ocrx_word' id='word_1_296' title='bbox 793 2269 916 2306; x_wconf 89' lang='lat' dir='ltr'><strong>numis</strong></span> <span class='ocrx_word' id='word_1_297' title='bbox 945 2269 1048 2320; x_wconf 86' lang='lat' dir='ltr'><strong>apud</strong></span> <span class='ocrx_word' id='word_1_298' title='bbox 1075 2270 1194 2309; x_wconf 83' lang='lat' dir='ltr'><strong>Oisel.</strong></span> <span class='ocrx_word' id='word_1_299' title='bbox 1214 2269 1329 2308; x_wconf 86' lang='lat' dir='ltr'><strong>Thes.</strong></span> <span class='ocrx_word' id='word_1_300' title='bbox 1349 2267 1518 2309; x_wconf 77' lang='lat' dir='ltr'><strong>numism,</strong></span> 
     </span>
     <span class='ocr_line' id='line_1_32' title="bbox 46 2327 1518 2385; baseline -0.001 -18"><span class='ocrx_word' id='word_1_301' title='bbox 46 2327 122 2367; x_wconf 79' lang='lat' dir='ltr'><strong>tab.</strong></span> <span class='ocrx_word' id='word_1_302' title='bbox 152 2329 227 2368; x_wconf 84' lang='lat' dir='ltr'><strong>CX.</strong></span> <span class='ocrx_word' id='word_1_303' title='bbox 249 2329 290 2367; x_wconf 88' lang='lat' dir='ltr'><strong>ld</strong></span> <span class='ocrx_word' id='word_1_304' title='bbox 314 2330 538 2368; x_wconf 84' lang='lat' dir='ltr'><strong>Klausenius</strong></span> <span class='ocrx_word' id='word_1_305' title='bbox 558 2330 784 2379; x_wconf 77' lang='lat' dir='ltr'><strong>observare,</strong></span> <span class='ocrx_word' id='word_1_306' title='bbox 803 2333 991 2384; x_wconf 86' lang='lat' dir='ltr'><strong>simulque</strong></span> <span class='ocrx_word' id='word_1_307' title='bbox 1010 2334 1195 2385; x_wconf 79' lang='lat' dir='ltr'><strong>potuisset</strong></span> <span class='ocrx_word' id='word_1_308' title='bbox 1218 2333 1358 2371; x_wconf 76' lang='lat' dir='ltr'><strong>addere</strong></span> <span class='ocrx_word' id='word_1_309' title='bbox 1379 2332 1518 2369; x_wconf 81' lang='lat' dir='ltr'><strong>laureas</strong></span> 
     </span>
     <span class='ocr_line' id='line_1_33' title="bbox 45 2392 1298 2451; baseline 0.004 -21"><span class='ocrx_word' id='word_1_310' title='bbox 45 2392 235 2431; x_wconf 80' lang='lat' dir='ltr'><strong>XVvirnm</strong></span> <span class='ocrx_word' id='word_1_311' title='bbox 259 2403 295 2431; x_wconf 86' lang='lat' dir='ltr'><strong>et</strong></span> <span class='ocrx_word' id='word_1_312' title='bbox 312 2394 480 2434; x_wconf 82' lang='lat' dir='ltr'><strong>laureata</strong></span> <span class='ocrx_word' id='word_1_313' title='bbox 499 2396 692 2444; x_wconf 88' lang='lat' dir='ltr'><strong>subsellia,</strong></span> <span class='ocrx_word' id='word_1_314' title='bbox 715 2397 762 2435; x_wconf 84' lang='lat' dir='ltr'><strong>de</strong></span> <span class='ocrx_word' id='word_1_315' title='bbox 785 2398 926 2448; x_wconf 85' lang='lat' dir='ltr'><strong>quibus</strong></span> <span class='ocrx_word' id='word_1_316' title='bbox 945 2412 1082 2450; x_wconf 87' lang='lat' dir='ltr'><strong>supra,</strong></span> <span class='ocrx_word' id='word_1_317' title='bbox 1104 2413 1190 2451; x_wconf 74' lang='lat' dir='ltr'><strong>pag.</strong></span> <span class='ocrx_word' id='word_1_318' title='bbox 1211 2399 1298 2436; x_wconf 74' lang='lat'>213.</span> 
     </span>
    </p>

    <p class='ocr_par' dir='ltr' id='par_1_5' title="bbox 0 2457 1519 2964">
     <span class='ocr_line' id='line_1_34' title="bbox 97 2457 1517 2513; baseline -0.001 -18"><span class='ocrx_word' id='word_1_319' title='bbox 97 2459 195 2496; x_wconf 90' lang='lat' dir='ltr'><strong>Sane</strong></span> <span class='ocrx_word' id='word_1_320' title='bbox 214 2457 293 2509; x_wconf 89' lang='lat' dir='ltr'><strong>jam</strong></span> <span class='ocrx_word' id='word_1_321' title='bbox 312 2459 360 2497; x_wconf 91' lang='lat' dir='ltr'><strong>ab</strong></span> <span class='ocrx_word' id='word_1_322' title='bbox 385 2461 659 2511; x_wconf 82' lang='lat' dir='ltr'><strong>antiquissimis</strong></span> <span class='ocrx_word' id='word_1_323' title='bbox 683 2462 916 2513; x_wconf 85' lang='lat' dir='ltr'><strong>temporibus</strong></span> <span class='ocrx_word' id='word_1_324' title='bbox 936 2464 1091 2501; x_wconf 81' lang='lat' dir='ltr'><strong>mixtam</strong></span> <span class='ocrx_word' id='word_1_325' title='bbox 1123 2464 1238 2501; x_wconf 81' lang='lat' dir='ltr'><strong>fuisse</strong></span> <span class='ocrx_word' id='word_1_326' title='bbox 1268 2464 1517 2502; x_wconf 77' lang='lat' dir='ltr'><strong>Romanorum</strong></span> 
     </span>
     <span class='ocr_line' id='line_1_35' title="bbox 49 2521 1518 2577; baseline 0.001 -20"><span class='ocrx_word' id='word_1_327' title='bbox 49 2521 265 2572; x_wconf 81' lang='lat' dir='ltr'><strong>religionem</strong></span> <span class='ocrx_word' id='word_1_328' title='bbox 285 2524 408 2562; x_wconf 90' lang='lat' dir='ltr'><strong>latinis</strong></span> <span class='ocrx_word' id='word_1_329' title='bbox 422 2525 627 2577; x_wconf 79' lang='lat' dir='ltr'><strong>graecisque</strong></span> <span class='ocrx_word' id='word_1_330' title='bbox 646 2526 854 2575; x_wconf 84' lang='lat' dir='ltr'><strong>elementis,</strong></span> <span class='ocrx_word' id='word_1_331' title='bbox 879 2528 1020 2565; x_wconf 87' lang='lat' dir='ltr'><strong>nemini</strong></span> <span class='ocrx_word' id='word_1_332' title='bbox 1035 2537 1090 2566; x_wconf 86' lang='lat' dir='ltr'><strong>est</strong></span> <span class='ocrx_word' id='word_1_333' title='bbox 1104 2527 1280 2567; x_wconf 89' lang='lat' dir='ltr'><strong>dubium.</strong></span> <span class='ocrx_word' id='word_1_334' title='bbox 1299 2526 1376 2564; x_wconf 80' lang='lat' dir='ltr'><strong>Nec</strong></span> <span class='ocrx_word' id='word_1_335' title='bbox 1392 2524 1518 2562; x_wconf 83' lang='lat' dir='ltr'><strong>adver·</strong></span> 
     </span>
     <span class='ocr_line' id='line_1_36' title="bbox 0 2584 1519 2644; baseline 0.001 -23"><span class='ocrx_word' id='word_1_336' title='bbox 0 2618 1 2622; x_wconf 74' lang='grc'>,</span> <span class='ocrx_word' id='word_1_337' title='bbox 51 2584 220 2624; x_wconf 85' lang='lat' dir='ltr'><strong>sabimur</strong></span> <span class='ocrx_word' id='word_1_338' title='bbox 243 2588 274 2625; x_wconf 90' lang='lat' dir='ltr'><strong>si</strong></span> <span class='ocrx_word' id='word_1_339' title='bbox 293 2589 377 2638; x_wconf 90' lang='lat' dir='ltr'><strong>quis</strong></span> <span class='ocrx_word' id='word_1_340' title='bbox 396 2590 603 2628; x_wconf 79' lang='lat' dir='ltr'><strong>contendat</strong></span> <span class='ocrx_word' id='word_1_341' title='bbox 625 2591 804 2642; x_wconf 80' lang='lat' dir='ltr'><strong>reliquias</strong></span> <span class='ocrx_word' id='word_1_342' title='bbox 830 2605 892 2629; x_wconf 88' lang='lat' dir='ltr'><strong>eas</strong></span> <span class='ocrx_word' id='word_1_343' title='bbox 906 2592 1020 2630; x_wconf 80' lang='lat' dir='ltr'><strong>fnisse</strong></span> <span class='ocrx_word' id='word_1_344' title='bbox 1043 2606 1249 2644; x_wconf 79' lang='lat' dir='ltr'><strong>graecarum</strong></span> <span class='ocrx_word' id='word_1_345' title='bbox 1276 2590 1519 2631; x_wconf 80' lang='lat' dir='ltr'><strong>coloniarum,</strong></span> 
     </span>
     <span class='ocr_line' id='line_1_37' title="bbox 55 2651 1519 2700; baseline -0.001 -14"><span class='ocrx_word' id='word_1_346' title='bbox 55 2663 139 2700; x_wconf 88' lang='lat' dir='ltr'><strong>quae</strong></span> <span class='ocrx_word' id='word_1_347' title='bbox 151 2651 240 2688; x_wconf 91' lang='lat' dir='ltr'><strong>olim</strong></span> <span class='ocrx_word' id='word_1_348' title='bbox 258 2651 418 2690; x_wconf 79' lang='lat' dir='ltr'><strong>adverso</strong></span> <span class='ocrx_word' id='word_1_349' title='bbox 437 2654 569 2692; x_wconf 79' lang='lat' dir='ltr'><strong>Tiberi</strong></span> <span class='ocrx_word' id='word_1_350' title='bbox 595 2655 632 2693; x_wconf 89' lang='lat' dir='ltr'><strong>in</strong></span> <span class='ocrx_word' id='word_1_351' title='bbox 650 2655 798 2692; x_wconf 85' lang='lat' dir='ltr'><strong>Latium</strong></span> <span class='ocrx_word' id='word_1_352' title='bbox 830 2656 987 2693; x_wconf 80' lang='lat' dir='ltr'><strong>invectae</strong></span> <span class='ocrx_word' id='word_1_353' title='bbox 1015 2657 1051 2694; x_wconf 92' lang='lat' dir='ltr'><strong>in</strong></span> <span class='ocrx_word' id='word_1_354' title='bbox 1082 2657 1127 2694; x_wconf 89' lang='lat' dir='ltr'><strong>iis</strong></span> <span class='ocrx_word' id='word_1_355' title='bbox 1152 2657 1244 2693; x_wconf 89' lang='lat' dir='ltr'><strong>locis</strong></span> <span class='ocrx_word' id='word_1_356' title='bbox 1272 2652 1519 2692; x_wconf 76' lang='lat' dir='ltr'><strong>consederunt</strong></span> 
     </span>
     <span class='ocr_line' id='line_1_38' title="bbox 53 2711 1519 2770; baseline 0 -21"><span class='ocrx_word' id='word_1_357' title='bbox 53 2711 117 2750; x_wconf 88' lang='lat' dir='ltr'><strong>nbi</strong></span> <span class='ocrx_word' id='word_1_358' title='bbox 136 2722 266 2768; x_wconf 73' lang='lat' dir='ltr'><strong>postea</strong></span> <span class='ocrx_word' id='word_1_359' title='bbox 281 2714 402 2754; x_wconf 85' lang='lat' dir='ltr'><strong>Roma</strong></span> <span class='ocrx_word' id='word_1_360' title='bbox 419 2717 500 2754; x_wconf 83' lang='lat' dir='ltr'><strong>suit.</strong></span> <span class='ocrx_word' id='word_1_361' title='bbox 516 2717 608 2755; x_wconf 87' lang='lat' dir='ltr'><strong>Inde</strong></span> <span class='ocrx_word' id='word_1_362' title='bbox 630 2731 838 2769; x_wconf 82' lang='lat' dir='ltr'><strong>graecornm</strong></span> <span class='ocrx_word' id='word_1_363' title='bbox 857 2718 1014 2756; x_wconf 87' lang='lat' dir='ltr'><strong>deorum</strong></span> <span class='ocrx_word' id='word_1_364' title='bbox 1040 2720 1194 2757; x_wconf 82' lang='lat' dir='ltr'><strong>nomina</strong></span> <span class='ocrx_word' id='word_1_365' title='bbox 1209 2718 1381 2770; x_wconf 81' lang='lat' dir='ltr'><strong>quaedam</strong></span> <span class='ocrx_word' id='word_1_366' title='bbox 1398 2713 1519 2752; x_wconf 77' lang='lat' dir='ltr'><strong>latinis</strong></span> 
     </span>
     <span class='ocr_line' id='line_1_39' title="bbox 47 2776 1519 2830; baseline 0.001 -17"><span class='ocrx_word' id='word_1_367' title='bbox 47 2776 235 2826; x_wconf 81' lang='lat' dir='ltr'><strong>permixta</strong></span> <span class='ocrx_word' id='word_1_368' title='bbox 252 2778 310 2815; x_wconf 79' lang='lat' dir='ltr'><strong>vel</strong></span> <span class='ocrx_word' id='word_1_369' title='bbox 329 2793 415 2816; x_wconf 91' lang='lat' dir='ltr'><strong>cnm</strong></span> <span class='ocrx_word' id='word_1_370' title='bbox 434 2781 480 2817; x_wconf 90' lang='lat' dir='ltr'><strong>iis</strong></span> <span class='ocrx_word' id='word_1_371' title='bbox 498 2781 678 2826; x_wconf 81' lang='lat' dir='ltr'><strong>confusa,</strong></span> <span class='ocrx_word' id='word_1_372' title='bbox 699 2790 742 2819; x_wconf 88' lang='lat' dir='ltr'><strong>ut</strong></span> <span class='ocrx_word' id='word_1_373' title='bbox 766 2781 923 2820; x_wconf 79' lang='lat' dir='ltr'><strong>difficile</strong></span> <span class='ocrx_word' id='word_1_374' title='bbox 943 2783 989 2821; x_wconf 89' lang='lat' dir='ltr'><strong>sit</strong></span> <span class='ocrx_word' id='word_1_375' title='bbox 1006 2784 1197 2822; x_wconf 87' lang='lat' dir='ltr'><strong>interdum</strong></span> <span class='ocrx_word' id='word_1_376' title='bbox 1223 2783 1423 2830; x_wconf 87' lang='lat' dir='ltr'><strong>utriusque</strong></span> <span class='ocrx_word' id='word_1_377' title='bbox 1444 2777 1519 2816; x_wconf 86' lang='lat' dir='ltr'><strong>ori-</strong></span> 
     </span>
     <span class='ocr_line' id='line_1_40' title="bbox 52 2839 1517 2899; baseline 0.001 -23"><span class='ocrx_word' id='word_1_378' title='bbox 52 2839 150 2890; x_wconf 80' lang='lat' dir='ltr'><strong>ginis</strong></span> <span class='ocrx_word' id='word_1_379' title='bbox 169 2840 390 2882; x_wconf 85' lang='lat' dir='ltr'><strong>discrimen.</strong></span> <span class='ocrx_word' id='word_1_380' title='bbox 418 2843 492 2881; x_wconf 89' lang='lat' dir='ltr'><strong>Sed</strong></span> <span class='ocrx_word' id='word_1_381' title='bbox 514 2845 543 2882; x_wconf 82' lang='lat' dir='ltr'><strong>si</strong></span> <span class='ocrx_word' id='word_1_382' title='bbox 560 2845 645 2894; x_wconf 85' lang='lat' dir='ltr'><strong>quis</strong></span> <span class='ocrx_word' id='word_1_383' title='bbox 670 2854 778 2897; x_wconf 89' lang='lat' dir='ltr'><strong>putat</strong></span> <span class='ocrx_word' id='word_1_384' title='bbox 793 2860 955 2897; x_wconf 75' lang='lat' dir='ltr'><strong>graecnm</strong></span> <span class='ocrx_word' id='word_1_385' title='bbox 976 2847 1186 2899; x_wconf 86' lang='lat' dir='ltr'><strong>quemlibet</strong></span> <span class='ocrx_word' id='word_1_386' title='bbox 1207 2846 1309 2898; x_wconf 84' lang='lat' dir='ltr'><strong>apud</strong></span> <span class='ocrx_word' id='word_1_387' title='bbox 1333 2846 1517 2882; x_wconf 77' lang='lat' dir='ltr'><strong>Romanos</strong></span> 
     </span>
     <span class='ocr_line' id='line_1_41' title="bbox 51 2903 1517 2964; baseline 0.002 -24"><span class='ocrx_word' id='word_1_388' title='bbox 51 2903 185 2953; x_wconf 79' lang='lat' dir='ltr'><strong>deum,</strong></span> <span class='ocrx_word' id='word_1_389' title='bbox 208 2904 245 2943; x_wconf 88' lang='lat' dir='ltr'><strong>id</strong></span> <span class='ocrx_word' id='word_1_390' title='bbox 268 2915 339 2955; x_wconf 87' lang='lat' dir='ltr'><strong>est,</strong></span> <span class='ocrx_word' id='word_1_391' title='bbox 363 2908 513 2960; x_wconf 80' lang='lat' dir='ltr'><strong>origine</strong></span> <span class='ocrx_word' id='word_1_392' title='bbox 541 2910 598 2947; x_wconf 84' lang='lat' dir='ltr'><strong>vel</strong></span> <span class='ocrx_word' id='word_1_393' title='bbox 621 2910 774 2949; x_wconf 87' lang='lat' dir='ltr'><strong>nomine</strong></span> <span class='ocrx_word' id='word_1_394' title='bbox 802 2924 989 2962; x_wconf 75' lang='lat' dir='ltr'><strong>graecnm,</strong></span> <span class='ocrx_word' id='word_1_395' title='bbox 1012 2926 1134 2964; x_wconf 79' lang='lat' dir='ltr'><strong>graeco</strong></span> <span class='ocrx_word' id='word_1_396' title='bbox 1153 2913 1264 2951; x_wconf 84' lang='lat' dir='ltr'><strong>etiam</strong></span> <span class='ocrx_word' id='word_1_397' title='bbox 1287 2911 1360 2948; x_wconf 85' lang='lat' dir='ltr'><strong>ritu</strong></span> <span class='ocrx_word' id='word_1_398' title='bbox 1379 2908 1517 2945; x_wconf 83' lang='lat' dir='ltr'><strong>cultum</strong></span> 
     </span>
    </p>
   </div>
  </div>
 </body>
</html>
