1752 3495
561 233 642 276 AD
677 231 828 277 EXCU
836 232 999 276 RSUM
1033 232 1075 275 11
1085 235 1104 274 ί
1467 229 1557 275 :133

251 329 400 368 Vulnus
416 327 465 365 ab
477 326 598 376 Epiro
616 325 762 370 veniet,
782 326 967 376 laterique
987 323 1237 375 profundum,

252 391 440 440 Haerebit,
456 389 693 441 jamjamque
714 398 850 436 tumet,
862 389 940 441 jam
959 388 1142 439 sanguine
1161 396 1300 427 manat.

792 474 860 510 111.

148 557 329 596 Phuenno
350 560 407 589 tot
428 560 514 590 ante
537 551 645 588 :mnis
667 564 709 588 ea
735 551 910 602 praedixit
935 563 1021 601 quae
1043 562 1164 599 nuper
1182 556 1408 593 evenerunt,
1431 549 1563 587 Peius

102 632 232 670 nempe
261 617 520 655 Romanorum
537 628 663 665 regem
684 614 957 660 debellaturos,
977 622 1014 651 ct
1034 613 1150 662 victo,
1171 622 1350 662 tanquam
1368 624 1491 660 servo,
1504 613 1564 649 in-

102 685 322 728 sultaturos;
349 679 533 729 additque
562 678 758 730 quomodo
787 691 876 717 suus
904 691 989 715 eum
1012 676 1179 728 populus
1200 684 1313 726 atque
1333 687 1425 713 avus
1448 688 1565 727 regno

102 757 170 794 sint
197 750 407 801 dejecturi,
437 757 551 799 atque
581 750 702 787 Pcrsae
731 761 883 786 omnem
914 748 989 785 sint
1014 746 1230 796 Bithyniam
1259 745 1507 797 occupaturi,
1528 754 1566 783 et

103 815 248 867 Scytha}
270 827 355 852 cnm
384 814 642 852 Romanorum
667 821 779 864 gente
796 811 1009 850 conflicturi
1027 842 1036 859 ,
1058 811 1136 848 baec
1163 810 1210 848 ad
1230 809 1387 848 verbum
1413 808 1564 847 sublimi

103 893 163 919 ore
192 878 460 930 proclamans:

255 941 421 993 Augebis
443 955 534 978 vero
553 954 730 991 magnum
753 939 1054 990 horribilemque
1075 940 1242 986 leonem,

253 1006 327 1053 Qui
351 1005 484 1057 patriae
501 1004 694 1056 quondam
708 1033 717 1051 ,
737 1013 808 1042 etc.

443 1201 463 1228 Ε
486 1198 742 1229 DIVERSARUM
765 1199 999 1229 FEMlNARUM
1021 1198 1226 1228 ORACUMS.

730 1276 951 1306 PELEADUM.

252 1340 405 1391 Jupiter
419 1348 474 1378 est
489 1370 499 1387 ‚
524 1340 616 1386 suit,
637 1347 752 1389 atque
766 1339 838 1377 erit
862 1355 869 1376 :
889 1353 912 1377 ο
935 1353 1001 1376 rex
1023 1339 1178 1390 Jupiter
1197 1338 1304 1376 alme.

255 1405 376 1443 Terra
401 1404 500 1455 parit
521 1405 646 1456 fruges
664 1418 672 1441 ε
697 1412 835 1442 terram
851 1417 920 1441 vos
937 1403 1052 1442 dicite
1072 1412 1240 1442 matrem.

709 1491 957 1522 PHEMONOES.

824 1563 852 1598 1.

255 1633 346 1680 vos,
366 1644 389 1669 0
409 1645 512 1683 apes,
529 1644 668 1677 ceram,
689 1644 755 1668 vos
775 1630 942 1681 plumam
962 1630 1109 1679 afferte,
1128 1630 1314 1668 volucres.

808 1717 861 1752 II.

258 1787 347 1825 Mox
366 1787 490 1836 gravis
503 1786 670 1836 affliget,
692 1784 841 1824 Phoebo
861 1785 1056 1831 mittente,
1074 1784 1208 1834 sagitta

256 1851 414 1890 Hostem
437 1850 635 1896 Parnassi3
657 1850 828 1898 madidas
843 1863 918 1901 qua
942 1849 1043 1888 caede
1057 1848 1178 1899 piabit

258 1916 373 1954 Creta
388 1929 541 1962 manu53
564 1914 652 1954 sacti
672 1928 741 1952 nec
763 1915 860 1952 sama
881 1913 1104 1952 abolebitur
1123 1926 1300 1964 unquam.

771 2014 906 2042 BOEUS.

257 2101 339 2138 Huc
360 2097 409 2136 ab
427 2096 684 2149 Hyperboreis
700 2095 858 2147 juvenes
878 2096 1019 2146 templa
1038 2094 1174 2134 inclita
1187 2093 1335 2134 Phoebo

257 2164 453 2201 Venerunt
471 2162 637 2213 positum
652 2190 662 2206 ,
680 2162 922 2213 Pagasusque
934 2189 944 2208 ‚
960 2169 996 2198 et
1015 2159 1126 2198 divus
1143 2162 1308 2210 Agyeus,

108 2310 233 2350 iactam,'
242 2308 478 2350 superinductis
486 2308 592 2340 avium
602 2307 717 2348 plumis
728 2316 801 2339 cera

109 2357 291 2398 conjunctis.

146 2409 173 2436 5.
196 2408 217 2436 Ε
243 2401 416 2435 Pausania.
444 2401 541 2433 Phoc.
567 2409 635 2440 cap.
664 2405 693 2435 6.
717 2403 800 2432 extr.

108 2451 213 2490 Agitur
225 2453 265 2482 de
278 2449 350 2482 Crio
362 2448 500 2489 quodam
514 2447 653 2478 Euboico
665 2450 801 2486 tyranno

109 2505 157 2529 seu
173 2497 294 2529 latrone
308 2521 317 2536 ,
339 2494 481 2535 Delphici
503 2494 611 2534 templi
629 2493 798 2534 violatore,

109 2542 211 2574 Plioebi
227 2542 349 2581 sagittis
365 2542 483 2577 occiso,
500 2540 592 2580 cujus
606 2539 722 2572 deinde
735 2548 799 2571 σω·

107 2588 152 2619 dis
169 2593 248 2621 Deus
266 2590 331 2628 ipse
346 2587 561 2627 expiationem
578 2587 661 2626 apud
675 2588 798 2618 Cretam

108 2635 254 2675 quaesisse
268 2634 426 2666 serebatur
442 2644 449 2662 :
465 2633 523 2665 cir.
540 2635 641 2673 intpp.
651 2633 689 2664 ad
705 2637 796 2665 Paus.

111 2685 140 2712 ln
162 2682 254 2714 tertio
268 2682 362 2721 igitur
378 2689 470 2711 versu
493 2680 712 2719 ἁγιστεύσουσι
736 2679 801 2719 (sic

107 2727 184 2759 enim
203 2737 260 2769 pro
281 2727 477 2769 ἀγιο-τεύουσι
502 2725 718 2767 reponendum
741 2728 801 2757 du-

109 2774 218 2814 cimus)
234 2783 329 2806 sensu
348 2776 398 2805 est
413 2774 518 2804 activo
545 2772 746 2813 capiendum.
767 2775 802 2803 ln

109 2821 242 2853 secundo
258 2821 351 2852 malis
364 2820 494 2852 sortasse
512 2819 615 2860 φόνοιο
630 2820 662 2851 δέ
678 2818 728 2850 vel
748 2818 803 2859 φό-

109 2877 156 2898 νου
168 2869 199 2900 δέ
210 2879 245 2908 γε
256 2891 264 2905 ‚
283 2867 342 2899 etsi
358 2866 437 2899 nibil
451 2870 575 2898 mutare
593 2866 760 2897 audemus.

146 2919 173 2946 6.
197 2918 242 2947 De
255 2919 327 2947 Βωο
340 2914 448 2946 confer
463 2916 594 2946 Pausan.
610 2912 707 2944 Phoc.
726 2920 754 2943 c.
771 2916 801 2950 5,

873 2306 1049 2339 tradentem
1073 2305 1170 2337 fuisse
1191 2304 1276 2336 illam
1298 2303 1420 2345 origine
1443 2303 1571 2345 Delphi-

872 2362 955 2393 cam,
972 2362 1044 2393 quoe
1061 2353 1216 2392 hymnum
1232 2351 1262 2382 in
1282 2350 1432 2391 Apollinis
1448 2359 1485 2383 ac
1501 2351 1571 2384 Del·

874 2400 1008 2441 phorum
1037 2399 1188 2431 honorem
1217 2398 1393 2430 cecinisset.
1424 2398 1570 2431 Clemens

872 2450 978 2479 autem
995 2445 1230 2479 Alexandrinus
1244 2446 1326 2477 inter
1337 2445 1412 2476 alias
1427 2444 1571 2477 fatidicas

872 2494 1022 2530 mulieres
1041 2492 1109 2532 ejus
1127 2501 1255 2533 quoque
1273 2492 1436 2530 meminit,
1453 2493 1570 2524 Str‘om.

875 2545 898 2582 l,
917 2551 948 2581 p.
966 2544 1038 2578 399,
1053 2539 1102 2572 ed.
1115 2543 1190 2579 Ox„
1203 2539 1286 2571 unde
1301 2548 1359 2572 nec
1375 2538 1570 2571 nobisomit·

872 2587 966 2618 tenda
984 2588 1051 2618 visa
1067 2588 1126 2618 est.

912 2638 942 2666 7.
966 2639 987 2665 Ε
1004 2634 1168 2670 Pausania,
1185 2633 1244 2665 loc.
1259 2633 1313 2665 cit.
1330 2633 1438 2672 Agitur
1453 2632 1493 2664 de
1509 2637 1570 2674 Hy·

873 2680 1046 2720 perboreis,
1056 2679 1163 2718 templi
1175 2681 1208 2710 ct
1217 2678 1336 2710 oraculi
1349 2678 1487 2719 Delphici
1499 2687 1572 2710 con·

871 2726 1051 2765 ditwinus,
1074 2735 1209 2766 quorum
1234 2724 1411 2765 praecipuus
1432 2726 1464 2757 ct
1489 2725 1570 2758 cele·

875 2773 1032 2803 bei-rimus
1054 2773 1132 2804 Olcn
1156 2772 1228 2803 suit.
1247 2775 1361 2812 Aperte
1386 2773 1513 2812 autem,
1539 2775 1571 2803 et

874 2820 943 2860 ipso
962 2822 1040 2850 teste
1055 2818 1228 2857 Pausania,
1245 2827 1285 2849 ex
1297 2818 1417 2858 hymno
1431 2817 1571 2850 mulieris

874 2866 980 2906 liujus,
997 2875 1058 2897 non
1070 2875 1109 2897 ex
1123 2865 1252 2897 oraculo
1269 2873 1324 2895 scu
1340 2865 1501 2903 vaticinio,
1518 2863 1570 2896 de·

874 2915 1037 2952 sumptum
1059 2913 1105 2944 esi
1124 2911 1185 2943 hoc
1205 2911 1428 2950 fragmentum.
