1686 3500
137 238 230 283 374
506 237 588 281 AD
621 217 963 283 SlBYLLINOS
999 235 1203 280 menos

131 334 349 385 Sibyllistae,
369 333 436 385 qui
457 334 580 385 ipsum
593 334 761 372 avaritiae
778 343 817 372 et
836 331 995 384 ignaviae
1015 331 1254 379 insimulant,
1269 330 1335 370 lib.
1353 332 1454 380 vul,
1474 346 1511 375 v.
1528 337 1590 386 69,

131 411 226 450 sqq..
253 406 372 449 utque
392 410 479 436 eum
500 411 519 436 a
544 399 630 438 filiis
659 411 775 450 regno
800 406 837 436 et
862 397 938 435 vita
957 396 1146 447 privatum
1172 396 1219 434 iri
1239 409 1316 434 non
1336 397 1417 435 sine
1432 398 1591 448 quadani

109 462 386 500 -exsultatione
403 461 475 500 sibi
498 462 696 514 fingerent.
714 463 836 509 Quam
860 460 1118 511 suspicionem
1145 460 1183 497 in
1203 460 1298 498 filios
1319 460 1456 511 optimi
1478 465 1592 512 putris

127 527 340 576 conjectam
374 526 490 565 fuisse
521 527 644 564 minus
678 524 880 563 mirabitur
900 525 968 575 qui
992 525 1094 563 idem
1119 523 1166 562 de
1188 524 1278 562 Tito
1304 525 1590 565 calumniantem

129 590 362 641 Sibyllistam
373 591 582 638 audiverit,
603 590 701 628 libro
715 590 760 638 V,
780 590 893 640 v.39.
915 590 963 628 Et
980 589 1310 639 utique,qnum‚in
1332 588 1455 627 tribus
1472 592 1591 628 Anto-

129 654 229 692 ninis
252 653 458 696 desituram
478 656 750 706 imperatorum
775 653 911 691 seriem
931 653 1068 704 vulgus
1101 652 1299 690 credulum
1327 651 1590 701 arbitraretur,

129 732 283 758 neccsse
300 729 382 758 erat
400 731 641 770 quocumque
657 716 772 755 modo
794 717 986 768 exstingui
1005 717 1163 767 stirpem
1188 716 1350 753 invisam
1365 743 1376 760 ,
1398 724 1440 753 ut
1460 716 1591 767 dignus

128 784 163 822 ei
189 797 384 822 successor
402 783 651 821 induceretur
674 781 794 819 hostis
821 781 978 819 humani
997 781 1147 832 generis
1176 780 1455 826 Antichristus,
1488 783 1589 831 quod

129 848 265 886 ultimo
284 860 394 885 versu
416 847 564 885 canitur
585 859 593 882 :

463 909 536 950 Kal
558 909 635 948 τότε
652 909 693 957 δὴ
713 908 980 963 παραφυόμενον
996 907 1098 961 κέρας
1118 907 1225 961 ἄρξει.

177 976 250 1016 Sed
280 975 311 1014 si
337 975 423 1026 quis
445 975 596 1014 dubitat
628 983 702 1012 tam
731 974 811 1012 dii-u
841 974 889 1011 de
915 973 1118 1013 Antoninis
1139 973 1356 1012 viventibus
1383 976 1588 1026 excogitari

127 1040 294 1090 potuisse
307 1066 319 1084 ,
340 1042 482 1090 relegat
511 1039 669 1077 velimus
689 1037 958 1090 apocryphum
979 1037 1110 1076 Esdrae
1128 1037 1267 1076 librum
1287 1039 1351 1085 lv,
1371 1038 1442 1076 sub
1461 1039 1587 1078 eadem

126 1112 296 1154 tempora
318 1103 521 1154 scriptum;
539 1102 603 1140 ubi
627 1111 711 1154 post
731 1102 890 1140 similem
910 1102 1096 1140 visionem
1123 1103 1258 1153 aquilae
1276 1101 1409 1140 multas
1429 1102 1505 1140 alas
1522 1103 1586 1142 ha-

125 1166 248 1205 bentis
279 1175 317 1207 et
344 1168 468 1218 capita
501 1168 570 1205 tria
591 1167 781 1219 (agnoscis
812 1167 917 1205 illum
956 1167 1106 1205 fatalem
1125 1179 1173 1205 ex
1198 1166 1364 1205 Danielis
1388 1167 1586 1218 prophetia

125 1232 333 1270 ternarium
356 1232 582 1282 nnmerum),
602 1232 790 1282 interpres
809 1231 1014 1269 adducitur
1031 1231 1197 1281 Angelus
1214 1231 1266 1269 ita
1287 1231 1459 1281 loquens,
1476 1245 1507 1269 c.
1528 1245 1584 1277 ια,

122 1308 159 1335 ν.
179 1308 242 1344 22,
258 1309 341 1346 sqq.
363 1310 372 1333 x
394 1312 409 1330 α
430 1296 477 1334 Et
498 1294 676 1346 quonium
712 1295 840 1334 vidisti
856 1296 927 1333 tria
949 1296 1074 1347 capitu
1094 1295 1328 1346 quiescentia
1354 1295 1407 1347 [id
1429 1304 1501 1345 est,
1521 1308 1585 1334 ex-

124 1377 139 1393 ·
160 1361 367 1412 spectantia
390 1368 540 1411 tempus
555 1359 694 1412 suum],
716 1360 795 1398 haec
814 1369 872 1398 est
890 1360 1156 1411 interpretatio
1180 1374 1189 1398 ε
1219 1361 1260 1400 ln
1278 1360 1491 1399 novissimis
1511 1361 1587 1412 ejus

123 1442 145 1458 ιιΔ
159 1422 325 1478 [aquilae]
343 1423 541 1462 suscitabit
561 1424 776 1463 Altissimus
795 1423 865 1462 tria
883 1437 997 1475 regna
1020 1421 1351 1477 [Antoninorum]‚
1375 1432 1413 1461 et
1434 1437 1585 1462 revoca-

123 1506 138 1521 «ι
159 1487 217 1526 bit
235 1488 272 1526 in
297 1501 343 1527 ea
360 1488 477 1526 multu
497 1486 551 1542 [id
570 1496 639 1535 cst,
660 1488 866 1539 potentiam
887 1488 1022 1539 aquilae
1038 1486 1220 1527 Romanae
1243 1487 1314 1527 sub
1340 1489 1384 1527 iis
1408 1490 1587 1541 principi-

124 1571 139 1586 ιι
160 1552 232 1591 bus
252 1550 486 1606 renovabit],
506 1561 544 1591 et
562 1551 865 1591 dominabuntur
892 1561 1032 1590 terram
1051 1561 1088 1591 et
1107 1553 1174 1604 qui
1194 1552 1370 1591 habitant
1388 1554 1427 1590 in
1449 1566 1493 1592 ca
1522 1585 1530 1594 .
1547 1583 1556 1592 .
1572 1583 1580 1593 .

124 1636 141 1651 a·
161 1617 226 1656 lsti
244 1625 357 1654 crunt
374 1617 439 1667 qui
457 1616 765 1668 recapitulabunt
789 1617 1007 1668 impietates
1034 1618 1117 1668 ejus
1138 1615 1302 1670 [aquilae,
1323 1617 1402 1655 sive
1428 1617 1583 1672 Romae],

124 1700 139 1715 «ι
160 1682 282 1732 etqui
302 1682 498 1733 perficient
525 1681 729 1719 novissima
760 1683 854 1732 ejus.
882 1682 931 1720 Et
959 1682 1140 1732 quoniam
1171 1681 1300 1720 vidisti
1326 1690 1441 1733 caput
1472 1684 1585 1734 majus

123 1764 139 1780 a
163 1759 240 1784 nou
261 1759 461 1797 apparens,
477 1745 558 1783 haec
576 1754 631 1783 est
646 1745 915 1797 interpretatio
934 1746 1015 1797 ejus
1027 1775 1037 1794 ‚
1055 1746 1234 1797 quoniam
1251 1760 1349 1784 unus
1368 1761 1416 1785 ex
1433 1748 1485 1785 eis
1502 1748 1585 1799 [An-

122 1827 139 1844 ιι
161 1810 316 1848 toninus
334 1807 439 1863 Pius]
462 1823 578 1862 super
596 1811 733 1848 lectum
753 1824 863 1848 suum
895 1811 1080 1849 morietur
1113 1810 1208 1865 [haec
1228 1825 1320 1863 ergo
1342 1812 1485 1863 scripta
1505 1822 1585 1864 post

125 1873 235 1926 «ejus
261 1874 451 1926 mortem],
476 1883 512 1912 et
541 1882 664 1912 tamen
692 1887 779 1912 cum
811 1875 1008 1913 tormentis
1029 1873 1122 1929 [imo
1141 1875 1374 1926 quietissima
1395 1885 1535 1925 morte,
1556 1878 1583 1915 si

123 1956 138 1972 a
163 1937 360 1988 Xiphilino
391 1937 508 1985 fides3
539 1937 604 1975 sed
642 1936 722 1974 haec
749 1936 927 1975 inimicus
956 1938 1205 1988 excogitavit,
1242 1952 1289 1976 an
1320 1952 1508 1977 venenum
1534 1940 1584 1977 in-

120 2021 135 2036 ·-
156 2001 342 2054 nuensi’].
363 2004 455 2042 Nam
471 2001 547 2040 dno
567 2001 634 2053 qui
654 2002 982 2053 perseveraverint
1010 2000 1203 2056 [Aurelius
1223 2011 1261 2041 et
1278 2002 1428 2054 Verus],
1442 2003 1584 2054 gladius

123 2084 139 2101 σι
159 2079 224 2105 eos
246 2066 446 2106 comedet:
465 2066 576 2104 unius
594 2066 696 2104 enim
715 2065 864 2116 gladius
882 2066 1056 2104 comedet
1076 2067 1246 2117 quicum
1267 2081 1313 2105 eo
1339 2065 1393 2121 [id
1415 2077 1484 2112 est,
1504 2068 1583 2105 col—

122 2148 138 2163 ·
161 2131 281 2182 legam
316 2131 464 2182 suum];
484 2130 559 2168 sed
590 2139 712 2168 tamen
735 2130 797 2168 hic
820 2127 933 2183 [unus
952 2130 1017 2169 ille
1036 2144 1057 2168 e
1082 2130 1204 2168 tribus
1232 2131 1442 2182 superstes]
1461 2131 1583 2182 gladio

121 2213 138 2230 σι
161 2195 198 2233 in
220 2195 433 2234 novissimis
461 2194 588 2233 cadet.
605 2222 615 2233 .
630 2224 640 2234 .
669 2213 684 2228 u
702 2195 788 2232 Haec
803 2207 908 2246 saue,
927 2195 959 2232 si
983 2207 1060 2232 non
1077 2207 1122 2233 ex
1146 2195 1240 2246 ipsis
1258 2193 1454 2244 Sibyllinis
1471 2195 1583 2246 petita

121 2268 223 2307 eunt,
242 2259 333 2297 satis
355 2259 577 2305 ostendunt,
594 2258 727 2310 quales
745 2266 837 2296 tunc
852 2258 900 2297 dc
927 2258 1128 2296 Antoninis
1158 2258 1399 2309 opinationes
1415 2267 1453 2297 et
1475 2272 1581 2309 quam

120 2324 163 2362 iis
182 2323 362 2361 adversas
381 2323 616 2374 infensusque
634 2323 811 2363 Judaeiet
827 2322 965 2362 Judaeo
979 2322 1188 2361 Christiani
1209 2323 1388 2362 foverint.

173 2388 289 2440 Atqui
313 2388 394 2426 haec
411 2389 538 2427 omnia
565 2389 729 2427 fatemur
753 2388 792 2426 in
811 2388 1010 2439 Sibyllinis
1025 2417 1036 2439 ‚
1064 2388 1161 2426 sicut
1182 2388 1220 2426 in
1241 2388 1326 2440 ipso
1346 2388 1486 2427 Esdrae'
1501 2387 1582 2425 loco

121 2467 237 2504 supra
251 2454 377 2502 citato,
401 2453 566 2492 obscure
580 2463 727 2492 tantum
741 2461 778 2491 et
794 2454 902 2505 quasi
920 2466 990 2504 per
1007 2451 1185 2491 nebulam
1206 2453 1370 2491 ostendi.
1390 2452 1463 2492 Sed
1484 2465 1580 2504 prae-

123 2525 292 2569 terquam
313 2518 465 2557 fatidica
488 2527 588 2566 sunt,
606 2517 769 2570 ideoque
791 2516 1075 2569 ambiguitatem
1094 2530 1222 2555 rerum
1239 2531 1282 2556 ac
1301 2517 1507 2556 verborum
1526 2515 1581 2553 vel

120 2581 326 2619 admittunt
343 2583 399 2620 vel
414 2583 528 2620 etiam
547 2583 763 2634 postulant,
785 2590 963 2629 erantne,
984 2594 1162 2632 rogamus
1175 2591 1229 2630 te,
1247 2582 1422 2633 quisquis
1436 2594 1493 2628 es,
1509 2588 1579 2617 tam

119 2643 254 2682 auditu
280 2653 386 2695 grata
405 2645 662 2697 principibus,
684 2655 722 2684 et
738 2645 946 2696 Sibyllistis
966 2655 1041 2684 tam
1061 2659 1195 2684 secura
1222 2645 1347 2695 dictu,
1369 2655 1410 2683 ut
1432 2652 1581 2697 possent

119 2717 248 2759 aperte
263 2723 307 2746 ac
328 2709 408 2746 sine
426 2709 512 2747 velo
538 2709 728 2761 proferri?
747 2710 842 2760 xpsae
860 2709 1032 2760 quinimo
1052 2710 1125 2749 loci
1146 2710 1261 2762 hujus
1281 2710 1445 2749 tenebrae
1460 2711 1577 2747 inter-

119 2773 326 2824 pretationi
350 2782 486 2811 nostra:
514 2774 660 2822 favent,
684 2773 774 2811 dum
796 2781 982 2812 testantur
1003 2787 1083 2813 non
1110 2776 1279 2826 potuisse
1307 2775 1388 2813 sine
1413 2771 1581 2825 periculo

117 2837 205 2876 talia
225 2836 362 2875 scribi:
376 2851 463 2889 quae
479 2849 588 2885 sane,
607 2837 637 2875 si
654 2836 700 2875 dc
713 2837 904 2876 Antiocho
925 2839 1023 2890 Syro
1043 2838 1113 2878 sub
1132 2840 1313 2891 AEgyptio
1335 2852 1422 2890 rege
1442 2836 1580 2887 scripta

117 2910 253 2950 essent,
273 2910 451 2953 poterant
474 2902 630 2953 impunc
649 2901 688 2941 in
702 2902 825 2942 lucem
847 2903 1035 2954 proferri3
1055 2917 1131 2942 non
1147 2905 1199 2943 sic
1218 2905 1265 2943 dc
1288 2905 1458 2943 Romano
1474 2901 1579 2952 prin-
