1752 3495
144 212 238 257 284
528 209 608 253 Al.)
644 209 992 254 SIBYLLlNOS
1024 208 1233 254 LIBROS

142 305 266 344 chidis
284 317 372 356 pars
389 304 516 356 prior3
537 303 651 355 idque
671 304 781 343 facile
806 304 948 342 volenti
967 303 1089 341 cuivis
1108 301 1380 347 concedemus,
1399 300 1467 342 etsi
1492 304 1610 344 saten-

141 370 231 408 dum
253 368 472 407 translatam
491 380 572 406 eam
595 369 724 419 fuisse,
743 369 829 420 ipso
856 376 1015 406 notante
1045 368 1277 418 Augustino,
1295 384 1312 401 ιι
1328 367 1500 406 versibus
1518 372 1609 410 male

140 452 155 467 ι
172 434 298 472 latinis
317 441 355 472 et
373 446 450 471 non
470 432 707 483 stantibus»,
724 432 828 484 quod
849 433 967 470 aetatis
984 431 1184 471 deterioris
1205 431 1386 471 indicium
1407 441 1475 471 est.

193 497 463 549 Pergitutique
475 506 626 536 sanctus
639 498 800 548 scriptor
816 511 824 534 :
842 514 857 531 α
869 497 958 536 llaec
974 503 1101 534 autem
1120 495 1264 546 Sibylla
1276 527 1285 544 ‚
1304 496 1385 535 sive
1399 497 1607 547 Erythraea,

139 581 155 596 a·
171 563 263 609 sive,
282 571 325 601 ut
342 562 496 614 quidam
517 562 635 613 magis
650 561 824 609 credunt,
844 562 1027 606 Cumana,
1051 561 1102 599 ita
1123 561 1217 598 nihil
1240 560 1353 600 habet
1373 562 1409 599 in
1430 571 1509 600 toto
1531 577 1607 602 car-

140 644 157 660 ·
176 630 276 665 mine
288 641 371 675 suo,
390 627 499 678 cujus
513 627 650 677 exigua
665 626 734 663 ista
750 625 935 676 particula
954 633 1031 672 est,
1051 624 1154 676 quod
1174 624 1220 662 ad
1240 626 1407 663 Deorum
1430 626 1607 667 salsorum

141 708 156 724 «ι
173 689 253 728 sive
273 690 447 728 fictorum
469 689 611 727 cultum
633 689 842 741 pertineat3
863 689 954 739 quin
982 689 1079 737 imo,
1102 688 1152 726 ita
1174 689 1288 726 etiam
1319 698 1453 728 contra
1482 704 1545 728 eos
1573 701 1607 731 et

140 763 305 792 «contra
333 755 500 793 cultores
528 767 660 791 eorum
692 753 876 804 loquitur,
900 761 941 791 ut
968 753 1007 790 in
1036 765 1167 790 eornm
1202 766 1362 791 numero
1392 753 1605 804 deputanda

141 837 156 852 «ι
174 819 348 857 videatur
378 819 444 870 qui
474 819 664 869 pertinent
692 818 740 856 ad
771 818 972 856 Civitatem
994 818 1076 856 Dei.
1098 818 1237 856 Inserit
1257 818 1369 856 etiam
1392 818 1606 859 Lactantius

139 902 154 917 ι·
172 884 280 934 operi
299 897 391 932 suo,
422 891 495 923 etc.
513 900 527 917 υ
558 882 761 921 adduntur
789 883 865 920 liuc
890 883 1103 933 fragmenta
1123 882 1295 933 quaedam
1317 882 1524 933 Sibyllina,
1546 886 1605 923 sed

141 948 256 987 latine
286 947 439 996 omnia,
464 946 667 998 omniaque
686 960 707 985 e
733 947 932 985 Lactantio
951 947 1178 997 desumpta,
1202 955 1243 984 ut
1271 946 1450 984 videatur
1475 948 1605 998 Augu-

141 1012 261 1050 stinus
288 1011 472 1062 Sibyllina
496 1024 615 1062 graeca
639 1011 846 1062 inspexisse
875 1018 1042 1058 tantum,
1060 1023 1137 1048 non
1167 1010 1371 1060 diligenter
1397 1010 1604 1051 evolvisse:

140 1085 255 1127 atque
278 1076 361 1127 ipso
388 1075 545 1123 fatente,
562 1082 706 1112 certum
730 1083 786 1112 est
812 1087 888 1112 non
917 1073 1123 1112 admodum
1153 1073 1268 1112 fnisse
1293 1073 1398 1110 illum
1425 1073 1462 1110 in
1485 1074 1606 1124 graecis

140 1140 260 1177 literis
280 1139 547 1184 exercitatum,
568 1137 671 1188 quod
701 1137 738 1175 in
762 1137 915 1176 rhetore
940 1138 1134 1190 quondam
1160 1136 1459 1175 celebratissimo
1486 1137 1604 1175 forsan

140 1204 299 1241 miretur
317 1203 467 1252 aliquis.
489 1203 624 1252 ltaque
644 1202 738 1240 illud
756 1202 860 1253 quod
879 1203 946 1250 ait,
967 1220 982 1237 «
999 1203 1093 1240 nihil
1111 1202 1252 1240 habere
1268 1201 1452 1252 Sibyllam
1473 1202 1511 1239 in
1531 1210 1604 1241 toto

139 1286 153 1302 n
169 1268 336 1306 carmine
355 1280 442 1312 suo,
467 1267 570 1318 quod
591 1266 637 1305 ad
656 1268 824 1305 Deorum
845 1268 1026 1305 salsorum
1039 1267 1119 1304 sive
1139 1266 1313 1304 fictorum
1329 1266 1472 1304 cultum
1488 1268 1602 1317 perti-

139 1342 240 1381 neat,
261 1351 275 1366 »
313 1333 383 1371 etsi
410 1332 606 1370 verissime
631 1331 702 1377 ait,
731 1332 831 1369 sama
855 1339 979 1369 tamen
1009 1331 1164 1369 videtur
1190 1331 1320 1381 potius
1356 1344 1469 1380 quam
1496 1343 1605 1381 expe-

138 1398 273 1437 rientia
293 1397 483 1444 didicisse,
504 1397 620 1448 idque
639 1397 764 1434 alieno
787 1396 915 1448 potius
935 1409 1048 1448 quam
1069 1409 1140 1434 suo
1156 1395 1356 1434 declarare
1371 1394 1529 1445 judicio.

191 1463 409 1500 Occurrunt
427 1460 529 1512 apud
553 1460 729 1499 eumdem
751 1461 925 1511 qnaedam
944 1460 1017 1498 alia
1037 1460 1085 1498 de
1105 1459 1263 1510 Sibyllis
1291 1459 1524 1506 testimonia,
1544 1459 1601 1496 sed

139 1538 182 1564 ea
210 1526 354 1577 pariter
373 1538 394 1562 e
414 1525 630 1574 Lactantio,
656 1539 675 1563 a
696 1538 773 1575 quo
803 1538 908 1563 suam
939 1537 1089 1562 omnem
1121 1524 1168 1562 de
1188 1538 1228 1562 re
1253 1524 1441 1574 Sibyllina
1462 1524 1604 1562 videtur

135 1590 325 1641 accepisse
347 1589 576 1627 doctrinam.
596 1589 690 1627 Tale
708 1598 765 1627 est
784 1588 887 1640 quod
905 1588 952 1626 de
974 1597 1109 1639 quarta
1127 1588 1277 1639 Virgilii
1297 1588 1428 1639 ecloga
1451 1601 1599 1640 prorsus

139 1654 186 1691 ad
204 1652 357 1692 Eusebii
377 1661 538 1690 mentem
556 1651 730 1690 edisserit
742 1680 750 1696 .
771 1651 870 1690 libro
886 1665 1020 1703 nempe
1036 1652 1083 1699 X,
1100 1651 1146 1690 de
1162 1652 1320 1690 Civitate
1336 1653 1424 1699 Dei,
1443 1665 1525 1703 cap.
1540 1666 1602 1699 27:

138 1736 153 1751 ι
169 1718 226 1756 De
246 1731 323 1768 quo
340 1717 452 1755 etiam
476 1715 628 1770 [nempe
651 1716 700 1755 de
720 1714 889 1770 Christo]
913 1726 1026 1768 poeta
1045 1715 1327 1764 nobilissimus,
1349 1717 1496 1768 poetice
1518 1717 1601 1768 qui-

138 1800 154 1815 ·
169 1781 278 1830 dem,
303 1782 391 1833 quia
413 1781 450 1819 in
477 1781 631 1820 alterius
661 1781 888 1819 adumbrata
910 1794 1096 1832 persona,
1123 1781 1310 1818 veraciter
1338 1788 1461 1818 tamen
1476 1811 1485 1826 ‚
1508 1780 1537 1818 si
1559 1779 1602 1817 ad

138 1865 152 1881 «ι
168 1848 292 1900 ipsum
313 1846 515 1892 reseratur,
534 1845 633 1883 dixit
650 1857 660 1884 τ

242 1913 299 1951 're
318 1912 416 1949 duce
429 1941 439 1959 ,
460 1911 489 1948 si
509 1924 584 1961 qua
608 1919 761 1949 manent
781 1910 934 1949 sceleris
955 1910 1114 1961 vestigia
1135 1909 1279 1960 nostri,

242 1977 356 2015 Irrita
376 1983 561 2026 perpetua
579 1975 728 2012 solvent
748 1974 955 2014 formidine
975 1983 1110 2013 terras,

138 2057 154 2074 α
173 2041 226 2080 Ea
246 2041 391 2091 quippe
410 2039 508 2077 (lixit
512 2068 587 2080 .....
609 2039 793 2077 scelerum
820 2053 977 2077 manere
997 2038 1286 2090 vestigia‚..quae
1301 2037 1456 2075 nonnisi
1472 2035 1519 2074 ab
1543 2035 1602 2074 illo

137 2123 153 2139 οι
170 2105 369 2144 salvatore
397 2112 592 2151 sanentur,
613 2112 684 2142 etc.
773 2105 872 2142 Nam
898 2103 971 2141 hoc
999 2103 1133 2154 utique
1165 2115 1241 2140 non
1272 2114 1294 2139 a
1311 2115 1349 2139 se
1371 2102 1455 2152 ipso
1474 2100 1602 2138 dixisse

138 2170 383 2221 «Virgilium,
403 2169 443 2206 in
466 2169 606 2219 eclogae
624 2168 744 2219 ipsius
761 2176 900 2219 quarto
921 2168 1040 2205 ferme
1056 2180 1167 2205 versu
1187 2166 1351 2214 indicat,
1379 2166 1445 2204 ubi
1469 2166 1521 2203 ait
1543 2179 1550 2203 :

243 2234 385 2274 Ultima
407 2233 546 2272 Cumaei
567 2233 669 2270 venit
686 2232 963 2282 jamcarminis
984 2240 1094 2278 aetas,

138 2316 155 2334 ι
177 2299 278 2336 unde
303 2298 376 2336 hoc
404 2312 426 2336 a
453 2298 607 2336 Cumaea
629 2296 775 2348 Sibylla
804 2296 962 2334 ductum
995 2309 1074 2334 esse
1105 2296 1373 2332 incunctanter
1401 2301 1569 2345 apparet.
1586 2310 1600 2326 υ

139 2364 244 2403 Idem
268 2365 346 2402 sere
379 2363 509 2401 eadem
532 2362 650 2400 habet
678 2365 716 2400 in
747 2362 857 2414 epist.
885 2362 961 2399 258
990 2361 1036 2398 ad
1057 2360 1311 2411 Mattianum,
1330 2368 1356 2398 t.
1382 2360 1434 2407 Il,
1457 2372 1497 2409 p.
1517 2357 1601 2406 824,

141 2429 199 2466 ed.
220 2428 374 2475 Bene‹l.‚
394 2427 460 2466 ubi
489 2442 607 2480 quum
638 2427 735 2466 duos
764 2427 849 2465 illos
870 2427 1016 2478 Virgilii
1043 2438 1174 2464 versus
1199 2426 1336 2463 iterum
1353 2424 1565 2462 laudasset:

246 2493 301 2531 Te
320 2493 428 2537 duce,
450 2493 481 2531 si
495 2506 571 2543 qua
592 2501 760 2540 manent,
782 2501 856 2531 etc.
871 2521 880 2539 ,

141 2574 157 2591 ι
172 2557 283 2604 Quod
298 2587 309 2605 ,
332 2557 474 2608 inquit,
491 2571 536 2595 ex
554 2557 731 2604 Cumaeo,
749 2557 786 2594 id
805 2565 878 2604 est,
901 2569 948 2594 ex
967 2555 1157 2607 Sibyllino
1174 2554 1342 2593 carmine
1361 2566 1400 2592 se
1418 2553 1536 2590 fassus
1550 2556 1602 2597 est

93 2616 114 2653 .“’
143 2620 408 2658 «transtulisse
428 2621 627 2672 Virgilius;
649 2620 831 2671 quoniam
861 2619 1028 2657 fortassis
1051 2619 1164 2656 etiam
1193 2618 1256 2656 illa
1279 2625 1381 2655 vates
1402 2612 1539 2664 aliquid
1558 2611 1603 2664 (Ιοῖ

101 2710 104 2716 -
142 2684 288 2738 sunico
313 2684 510 2723 Sal-vatore
540 2685 578 2722 in
603 2684 739 2735 spiritu
768 2678 964 2736 audierat,
993 2682 1097 2733 quod
1118 2696 1272 2722 necesse
1294 2681 1366 2719 suit
1388 2679 1568 2718 confiteri.
1585 2691 1599 2708 ν

92 2752 97 2781 ,⁴
143 2748 192 2786 Et
211 2748 286 2786 hoc
303 2747 367 2785 ille
387 2761 517 2786 rursus
537 2748 574 2785 in
596 2747 845 2799 Expositione
864 2736 974 2798 epist.
991 2747 1038 2784 ad
1055 2747 1202 2797 Rom.§
1226 2748 1263 2796 3,
1287 2754 1315 2785 t.
1347 2744 1414 2792 111,
1441 2749 1535 2794 part.
1557 2752 1600 2788 ιι,

83 2821 89 2863 *f
143 2826 180 2864 p.
206 2814 281 2864 296
308 2827 316 2850 :
349 2832 364 2846 «
388 2815 555 2852 Fuerunt
587 2812 687 2850 enim
719 2822 757 2851 et
782 2812 977 2863 prophetae
1009 2825 1086 2850 non
1113 2812 1232 2864 ipsius
1254 2807 1379 2864 [Dei]‚
1398 2808 1438 2846 in
1466 2804 1599 2856 quibus

89 2889 95 2928 ⁸,
143 2879 285 2918 «etiam
313 2878 438 2930 aliqua
462 2878 708 2916 inveniuntur
726 2891 810 2929 quae
840 2877 888 2916 de
910 2877 1060 2918 Christo
1085 2877 1214 2916 audita
1243 2875 1484 2920 cecinerunt,
1507 2870 1599 2908 sicut

278 3029 295 3043 θ
