1686 3500
130 173 223 218 448
506 173 588 218 AD
623 173 964 219 SlBYLLlNOS
996 174 1207 220 LIBROS

128 271 260 309 melius
286 283 378 322 ergo
401 279 489 309 aute
506 272 638 310 Persas
658 272 888 313 collocandi.
915 273 1094 310 Ceterum
1109 300 1119 316 ,
1141 272 1315 310 ordinem
1336 262 1586 325 'imperiorum

127 335 216 374 satis
245 334 489 374 laudabiliter
508 331 694 375 instituit.'
715 336 899 375 Solet-tius
926 348 1016 373 vcro
1035 348 1148 386 quam
1170 335 1271 374 libro
1288 337 1360 385 ΙΙΙ,
1379 339 1590 379 Salomonis

80 402 88 410 “
127 412 283 450 reguum
304 399 354 437 ita
373 398 540 437 laudavit
563 408 604 437 ut
624 399 707 451 ejus
724 400 904 438 memoria
925 412 1009 437 cum
1024 400 1272 449 -Assyriorum
1292 401 1407 440 rebus
1425 404 1592 442 consun-

124 462 302 510 deretur,
327 463 486 502 veritate
523 477 613 502 sane
643 473 900 515 repugnante,
923 463 1069 501 celante
1101 472 1222 502 tamen
1252 464 1324 503 hoc
1353 466 1588 506 mendacium

124 528 278 578 poetico
300 527 478 567 artificio·

175 592 231 630 Ex
259 592 317 629 his
335 591 474 629 cursim
502 591 674 629 lustratis
699 591 877 641 colligere
896 598 979 638 est,
1004 589 1218 640 Sibyllistas
1239 590 1485 631 historiarum
1512 607 1589 633 non

120 654 325 693 admodum
345 655 486 706 peritos
509 654 756 706 diligentesvo
768 653 882 691 fuisse
895 682 906 701 ,
922 666 1047 705 neque
1059 666 1211 704 magnas
1228 655 1458 706 populorum
1475 657 1588 706 vices,

117 719 249 770 quales
270 731 400 769 reapse
421 718 585 765 fuerunt,
608 726 709 755 recte
727 717 884 754 omnino
909 718 1141 768 concepisse,
1163 725 1229 755 aut
1255 718 1294 755 in
1327 719 1373 756 iis
1393 719 1587 758 tradendis

119 784 280 821 multum
300 783 448 820 veritati
473 782 729 831 consuluisse3
749 781 813 818 sed
837 781 973 831 partim
994 795 1040 818 ex
1063 781 1345 832 antiquioribus
1375 783 1586 833 historicis,

119 848 274 898 partim,
294 847 410 897 ithue
428 846 577 897 saepius,
594 858 614 882 e
633 843 826 895 prioribus
837 844 1046 894 Sibyllinis,
1066 844 1300 896 decerpsisse
1315 859 1400 896 quae
1419 847 1490 885 sibi
1506 848 1585 899 pla-

117 921 267 959 cerent,
281 924 401 961 eaque.
420 910 592 949 versibus
613 910 831 955 inclusisse,
854 910 952 947 sacta
966 923 1066 960 saepe
1085 919 1276 949 mutantes
1293 920 1358 949 aut
1374 913 1584 963 miscentes,

116 978 210 1014 nihil
231 985 294 1014 aut
320 989 451 1026 parum
476 982 677 1023 caventes,
700 974 904 1024 quominus
921 974 1021 1011 circa
1047 987 1174 1012 rerum
1199 975 1372 1013 ordinem
1393 986 1459 1014 aut
1484 977 1584 1015 circa

118 1055 176 1079 res
198 1041 298 1092 ipsas
319 1040 555 1078 deerrarunt.

168 1106 260 1144 lude
294 1104 506 1143 necessario
537 1103 734 1153 sequitur,
767 1111 807 1140 ut
829 1102 930 1140 nulla
961 1116 1066 1153 paeue
1087 1103 1180 1141 fides
1208 1104 1253 1141 iis
1286 1103 1489 1143 tribuenda
1517 1106 1584 1153 sit,

113 1183 235 1221 neque
262 1169 308 1206 ad
329 1166 568 1205 illustrandas
594 1166 772 1204 historias
801 1166 1012 1216 quidquam
1038 1167 1116 1205 sere
1135 1167 1228 1205 lucis
1248 1181 1294 1205 cx
1314 1180 1445 1206 eorum
1477 1168 1583 1207 libris

111 1234 258 1272 emicet.
294 1232 417 1281 Atque
448 1230 546 1267 istud
587 1243 662 1266 non
697 1238 772 1267 tam
813 1229 1028 1267 mirandum
1071 1243 1184 1281 quam
1222 1230 1430 1269 dolendum
1467 1232 1581 1271 alicui

112 1299 236 1336 forsan
266 1295 480 1340 videbitur,
509 1293 764 1332 consideranti
789 1307 904 1345 quam
933 1295 1047 1332 variis
1077 1295 1318 1347 temporibus
1342 1297 1476 1348 scripti
1507 1298 1582 1335 siut

109 1362 134 1400 ii
158 1361 267 1410 libri,
296 1373 383 1411 pars
410 1358 482 1397 sub
512 1358 747 1408 l’tolemaeis,
767 1358 831 1396 nlii
852 1357 924 1396 sub
941 1358 1032 1397 Tito
1058 1359 1116 1396 vel
1140 1360 1382 1409 Domitiano,
1410 1362 1582 1412 plerique

105 1426 178 1464 sub
203 1425 407 1465 Antoninis
424 1451 434 1469 ‚
457 1423 647 1461 novissimi
669 1421 742 1461 sub
770 1422 925 1474 triginta
949 1423 1162 1473 Tyrannis,
1185 1432 1223 1461 et
1241 1437 1374 1463 omnes
1400 1425 1473 1464 illis
1506 1441 1580 1477 po—

106 1491 290 1528 tissimum
320 1487 466 1525 saeculis
491 1499 655 1537 quorum
690 1487 844 1524 annales
876 1486 996 1524 mutili
1021 1485 1059 1524 et
1083 1487 1238 1525 obscuri
1260 1487 1308 1526 ad
1334 1502 1403 1527 nos
1437 1503 1577 1540 perve-

104 1562 258 1593 nerunt.
287 1552 408 1591 Facile
435 1552 551 1601 igitur
571 1564 658 1601 spes
684 1550 814 1588 subire
834 1560 983 1601 poterat
1002 1566 1047 1589 ex
1077 1552 1140 1589 illa
1158 1560 1230 1589 tam
1251 1554 1376 1604 ampla
1400 1567 1577 1593 versuum

102 1627 229 1669 segete
245 1616 420 1655 nonnihil
441 1615 552 1653 bonae
577 1615 695 1665 frugis
722 1615 878 1667 excerpi
899 1627 1021 1666 posse.
1049 1615 1189 1653 Verum
1210 1629 1342 1654 omnes
1364 1617 1494 1655 vixere
1513 1619 1575 1656 Si-

104 1683 279 1734 byllistae,
293 1682 362 1720 nisi
381 1681 478 1719 forte
491 1679 562 1718 sub
583 1679 954 1731 Ptolemaeis,procul
970 1679 1017 1717 ab
1033 1680 1194 1731 imperia
1213 1681 1305 1731 regii
1324 1682 1424 1728 sede,
1440 1683 1575 1733 procul

101 1751 213 1786 etiam
228 1760 249 1784 a
270 1745 435 1798 publicis
451 1744 632 1795 negotiis,
653 1744 690 1781 in
710 1743 871 1781 obscura
894 1743 1059 1782 sortunae
1072 1744 1314 1791 conditione,
1334 1755 1517 1797 praeterea
1537 1748 1574 1785 in

99 1812 319 1852 Judaeorum
336 1809 398 1848 vel·
414 1810 716 1848 Christianorum
738 1821 898 1846 numero
912 1836 922 1855 ‚
942 1808 1053 1846 invisi
1072 1822 1164 1859 ergo
1184 1809 1364 1859 gentibus
1383 1819 1448 1848 aut
1473 1811 1573 1850 fasti-

99 1876 188 1924 diti,
209 1884 248 1913 ct
265 1889 285 1913 a
299 1874 561 1927 potentiorum
580 1873 810 1910 commercio
825 1873 1033 1924 segregati:
1051 1873 1140 1910 inde
1157 1873 1251 1911 nihil
1270 1874 1347 1911 sere
1361 1875 1408 1912 de
1425 1884 1571 1926 tempo-

99 1942 150 1979 ris
167 1942 222 1978 sui
240 1940 352 1978 rebus
364 1938 502 1977 rescire
521 1946 750 1989 potuerunt,
763 1936 835 1974 nisi
853 1950 920 1988 per
932 1950 1171 1975 communem
1195 1938 1345 1984 samam,
1360 1952 1444 1990 quae
1457 1939 1569 1977 etiam

97 2006 136 2043 in
157 2005 328 2042 maximis
346 2016 473 2041 rernm
494 2001 660 2048 vicibus,
677 2014 793 2052 quum
815 2001 862 2038 de
879 2001 1109 2053 populorum
1131 2010 1168 2038 et
1189 2015 1392 2053 regnorum
1417 2003 1569 2041 fortuna

96 2078 286 2121 ageretur,
309 2082 395 2106 rara
416 2067 463 2105 ad
485 2067 569 2104 illos
582 2080 626 2104 ac
644 2066 784 2117 saepius
802 2066 943 2104 incerta
964 2066 1226 2117 perveniebat.
1250 2064 1478 2118 Plerumque
1495 2068 1567 2118 igi-

96 2143 180 2182 tur,
198 2147 315 2185 quum
337 2131 527 2184 praeterita
558 2141 738 2181 narrant,
764 2131 850 2169 trita
876 2140 913 2168 et
937 2129 1115 2168 omnibus
1141 2140 1231 2169 nota
1254 2132 1478 2183 proferunt,
1501 2146 1566 2170 seu

97 2200 194 2239 sorte
218 2213 286 2251 per
314 2198 566 2249 ignorantiam
595 2196 820 2236 adulterata.
843 2197 971 2244 Quum
989 2196 1036 2234 ad
1059 2210 1118 2234 res
1147 2197 1204 2235 sui
1233 2198 1416 2249 temporis
1445 2198 1566 2249 respi-

94 2265 220 2310 ciunt,
243 2264 299 2302 vel
318 2277 365 2301 ex
385 2262 572 2301 industria
586 2260 753 2300 tenebris
770 2275 832 2300 cas
852 2260 1070 2309 involvunt,
1091 2261 1146 2300 vel
1171 2275 1343 2300 rumores
1371 2262 1474 2314 vulgi
1498 2276 1566 2314 po-

95 2329 170 2366 tius
189 2341 300 2379 quam
333 2327 451 2378 ipsam
473 2327 658 2365 sactorum
686 2325 877 2364 veritatem
901 2335 1130 2376 sequuntur.
1157 2326 1197 2365 ln
1217 2340 1376 2378 summa,
1391 2327 1495 2378 quod
1515 2327 1562 2366 ad

95 2406 220 2430 rerum
239 2401 427 2443 gestarum
455 2391 648 2429 scientiam
681 2390 869 2441 pertinet,
894 2403 1052 2441 prorsus
1080 2391 1148 2427 hos
1177 2390 1295 2429 libros
1317 2392 1562 2443 negligendos

95 2465 260 2506 putares,
280 2457 347 2494 nisi
364 2455 467 2506 quod
493 2456 661 2493 historiae
683 2468 769 2506 pars
788 2463 875 2493 sunt
898 2454 1240 2505 ctiam'opinioncs
1265 2468 1362 2493 verae
1391 2456 1558 2505 fflsaeve,

91 2534 177 2570 quae
193 2520 265 2557 sub
284 2519 584 2571 unumquodque
603 2529 753 2571 tempus
779 2527 881 2556 trans
902 2519 1052 2557 diversa
1071 2519 1377 2569 partiuiustudia
1397 2522 1432 2558 iu
1458 2522 1557 2573 vulgi

93 2592 235 2621 mentes
259 2592 573 2636 penetraverunt3
602 2588 747 2635 quippe
776 2583 855 2622 haec
873 2592 910 2621 et
932 2584 1070 2621 similia
1102 2582 1151 2621 ab
1173 2583 1328 2622 humani
1355 2585 1495 2637 ingenii
1523 2595 1560 2624 et

91 2660 241 2686 unorum
261 2647 502 2698 publicorum
528 2648 746 2698 cognitione
763 2649 919 2686 minime
932 2656 1020 2685 suut
1037 2648 1175 2688 aliena.

141 2714 257 2750 Facta
283 2724 399 2761 porro
423 2711 471 2749 ad
493 2711 737 2750 historiarum
770 2726 876 2750 usum
906 2722 1036 2750 notatu
1063 2712 1176 2764 digna
1204 2713 1304 2752 inter
1331 2723 1387 2752 tot
1406 2724 1557 2753 narrata

40 2804 44 2808 -
87 2777 144 2814 vel
181 2775 361 2827 praedicta
395 2775 654 2826 quaerentibus
697 2775 830 2824 nobis,
869 2776 956 2814 licet
991 2778 1028 2814 in
1065 2776 1255 2827 Sibyllina
1290 2777 1454 2817 lectione
1490 2777 1554 2815 diu

89 2840 264 2887 versatis,
281 2839 357 2878 haec
378 2852 496 2891 pauca
514 2853 580 2878 nec
605 2841 729 2892 magni
754 2841 934 2879 momenti
953 2850 1202 2880 occurrerunt
1222 2855 1229 2879 :
