1686 3500
645 163 954 210 EXCURSUS
989 165 1043 211 V.
1170 171 1175 177 ¹
1398 228 1406 238 ι
1466 168 1550 213 351

42 253 63 282 ·’
92 260 207 311 accipi
227 269 380 297 necesse
394 265 473 296 est.v
486 255 594 295 Adde
613 256 727 296 etiam
746 256 841 295 illud
861 256 953 308 tigni
971 256 1171 308 epitheton
1197 257 1445 312 πολυκάρπου,
1461 258 1562 299 sicut

94 324 221 366 sercin
252 321 403 374 hymnis
428 310 627 368 Ecclesiae,
645 320 786 372 quibus
814 321 919 360 Crux
947 329 1077 359 sanc-ta
1097 323 1260 374 canitur,
1285 324 1436 376 «fruge,
1465 325 1560 362 flore

93 409 106 426 ιι
126 387 270 428 fertilis.
287 403 303 420 υ
318 387 441 425 Totus
459 385 625 436 denique
645 385 876 424 christianus
902 395 958 424 est
979 385 1100 425 locus.
1128 387 1177 425 At
1197 386 1310 426 etiam
1335 387 1374 426 in
1405 388 1561 440 reliquis

93 455 200 504 hujus
216 450 320 498 libri,
336 451 477 502 aliqua.
505 450 592 489 licet
612 463 720 498 rara,
750 458 892 489 nostrae
911 449 1106 502 religionis
1135 450 1294 502 vestigia
1314 454 1501 504 reperias,
1518 464 1559 493 nt

91 531 215 570 quum,
225 530 260 556 ν.
276 517 324 554 66
329 516 537 568 ,jubentur
547 515 718 566 AEgyptii
733 516 871 554 formid
877 529 941 554 ¹ire
954 516 1166 555 venientem
1182 516 1305 555 Deum
1321 517 1359 555 in
1373 518 1561 568 nubibus,

479 578 569 621 Θεὸν
587 579 798 633 ἅμὸροτον’
782 597 817 619 εν
842 579 1028 634 νεφέεσσι,
1316 590 1320 594 “

92 661 193 700 paene
210 653 251 684 ut
275 646 378 697 apud
392 646 526 685 Mahtth
532 659 637 697 „cap
656 650 721 693 24,
739 658 779 686 ν.
801 645 870 693 303
890 659 923 686 c.
943 646 1008 694 26,
1030 659 1066 687 ν.
1089 646 1164 691 64:
1185 645 1398 699 Ἐρχόμενον
1417 647 1474 686 ἐπὶ
1490 651 1560 687 τῶν

90 712 232 766 νεφελῶν
248 714 310 749 τοῦ
325 712 486 764 οὐρανοῦ,
500 720 537 749 (1
554 711 646 750 alias
659 724 759 762 saepe
772 711 810 749 in
826 711 872 751 Ν.
886 712 934 752 Τ.
949 712 1177 763 Quanquam
1193 719 1231 750 et
1245 711 1348 763 apud
1364 712 1559 752 Danielem

92 778 181 817 idem
200 776 280 815 fere
301 777 453 827 legitur,
474 790 561 828 cap.
587 790 623 824 7,
645 790 678 814 ν.
706 776 748 813 13
769 790 778 815 ε
801 775 891 815 Ἰδοὺ
908 774 998 826 μετὰ
1020 777 1089 814 τῶν
1113 777 1260 830 νεφελῶν
1279 780 1339 815 τοῦ
1357 777 1500 831 οὐρανοῦ
1516 779 1561 822 ὡς

90 842 153 884 υἱὸς
173 844 232 879 τοῦ
251 840 444 893 ἀνθρώπου.
461 841 606 880 Confer
627 849 665 879 et
681 841 821 883 Psalm.
842 842 905 889 67,
926 855 961 880 ν.
982 842 1029 879 35
1046 856 1054 879 ε
1071 839 1115 879 Ἥ
1139 840 1284 892 δύναμις
1309 841 1412 880 αὑτοῦ
1432 843 1466 881 ἐν
1486 848 1560 886 ταῖς

89 905 253 959 νεφέλαις,
271 915 309 945 et
326 907 400 945 alia
419 906 568 944 similia.
588 906 694 953 Quos
715 919 807 944 vero
824 907 976 954 Noster,
998 920 1031 944 ν.
1052 906 1123 953 68,
1144 905 1362 959 θεοχρίστους
1384 915 1508 956 vocat,
1535 909 1560 947 ii

89 980 340 1023 possuntesse
362 971 420 1009 vel
455 970 662 1010 Christiani
693 971 752 1008 vel
772 970 921 1020 Judaei,
947 983 996 1008 ex
1023 971 1183 1022 antiquo
1207 970 1395 1010 hebra'icae
1423 972 1561 1025 linguae

91 1050 176 1081 usu,
199 1049 312 1088 quem
329 1036 420 1074 olim
436 1035 486 1074 ad
504 1035 612 1074 illum
633 1049 783 1073 versum
799 1035 1075 1073 annotavimus.

136 1100 305 1141 Certiora
327 1087 611 1153 Apocalypticae
645 1101 819 1139 lectionis
842 1099 981 1139 indicia
1006 1098 1108 1150 apud
1137 1100 1315 1141 Nostrum
1342 1100 1558 1153 deprehen·

88 1167 241 1214 duntur,
270 1180 408 1219 nempe
434 1167 540 1205 sidus
567 1165 663 1204 illud
696 1165 744 1204 de
769 1165 862 1204 caelo
885 1178 1085 1213 casurum,
1114 1178 1149 1204 v.
1185 1166 1269 1213 154,
1293 1179 1380 1218 sqq.
1410 1166 1560 1219 (confer

87 1232 254 1284 Apocal„
267 1245 349 1284 cap.
369 1233 408 1279 8,
426 1246 462 1272 v.
490 1231 565 1283 ιο),
581 1239 617 1270 et
633 1231 801 1283 potentia
821 1230 1057 1270 Antichristo
1071 1229 1171 1276 data.
1190 1243 1226 1269 ν.
1247 1245 1339 1282 219,
1358 1245 1413 1282 sq.
1435 1232 1557 1284 (Apo-

88 1297 163 1342 cal.,
180 1309 261 1347 cap.
281 1298 342 1345 13,
369 1310 405 1335 v.
438 1297 499 1345 13,
523 1296 642 1348 sqq),
662 1305 700 1334 et
718 1309 857 1334 nomen
883 1295 1088 1347 Babylonis
1109 1295 1242 1334 Romae
1263 1309 1331 1347 per
1356 1297 1559 1349 metapho-

89 1376 161 1399 ram
196 1361 362 1400 inditum
385 1375 422 1402 v.
455 1369 540 1408 142,
575 1362 645 1400 158
667 1361 840 1413 (Apoeal.
872 1375 959 1413 cap.
994 1368 1052 1409 ¹4,
1080 1375 1117 1400 ν.
1150 1363 1188 1407 8,
1220 1363 1318 1414 ete).
1355 1363 1439 1401 Haec
1470 1371 1558 1402 sunt

87 1429 121 1466 in
139 1426 240 1466 libro
259 1436 393 1466 nostro
415 1427 621 1467 christiana
642 1428 703 1466 vel
723 1427 941 1466 christianis
956 1427 1108 1466 similia.
1552 1468 1555 1471 ,

133 1491 276 1530 Contra
296 1492 459 1544 plurima
473 1501 561 1531 sunt
584 1505 670 1543 quse
689 1505 709 1530 a
729 1492 938 1530 christiana
954 1500 1081 1529 mente
1095 1504 1252 1543 prorsus
1270 1490 1473 1530 videantur
1493 1491 1561 1530 ab·

85 1557 256 1603 horrere,
281 1566 323 1596 ut
354 1558 428 1596 illae
456 1558 680 1598 Judaeomnn
713 1557 1010 1605 uimiaelaudes‚
1029 1565 1066 1595 et
1088 1556 1226 1598 veteris
1254 1556 1385 1610 templi
1405 1557 1558 1597 assidua

86 1624 354 1674 comploratio,
376 1633 413 1662 et
431 1624 537 1676 quod
557 1624 699 1663 Messias
717 1637 878 1676 regnum
906 1624 944 1660 in
967 1623 1049 1674 ipsa
1069 1622 1206 1662 Judaea
1225 1622 1482 1661 constituatur
1497 1632 1558 1662 at-

86 1688 206 1738 quein
224 1675 314 1739 ipsis
333 1688 607 1740 Hierosolymis
633 1696 772 1740 praeter
793 1687 951 1726 modum
971 1687 1228 1738 amplificatis,
1251 1685 1334 1739 ἄχρι
1347 1686 1405 1725 καὶ
1423 1686 1557 1737 Ἰόπης,

85 1766 120 1793 ν.
143 1744 232 1804 250,
262 1764 300 1794 et
325 1755 428 1806 quod
445 1755 485 1794 in
503 1755 597 1794 illud
619 1770 775 1808 regnum
795 1754 918 1795 Judaei
941 1763 1089 1793 tantum
1115 1754 1368 1795 admittantur
1391 1755 1456 1808 qui
1476 1763 1557 1795 tum

86 1821 303 1871 superstites
324 1822 478 1870 suerint,
498 1821 579 1867 λαὸς
596 1823 697 1876 σοφὸς
713 1821 821 1874 ὅσπερ
836 1822 990 1875 ἐλείφθη,
1008 1835 1041 1858 ν.
1055 1822 1145 1869 383,
1164 1830 1202 1859 et
1220 1822 1324 1873 quod
1344 1822 1500 1862 Messias
1515 1822 1556 1860 in

87 1883 174 1922 urbe
199 1894 330 1924 sancta
354 1899 496 1924 novum
527 1886 711 1937 templum
729 1886 850 1936 erigat
870 1899 946 1922 non
964 1886 1188 1936 figuratum,
1207 1885 1273 1923 scd
1300 1899 1556 1938 corporeum,

85 1947 242 2002 ἔνσαρκον
256 1979 267 1997 ,
286 1964 322 1988 ν.
346 1955 437 1997 422,
454 1959 492 1988 et
513 1951 619 2001 quod
636 1950 692 1989 ibi
712 1950 876 1987 victimis
896 1950 998 1987 Deus
1021 1949 1206 1999 placetur,
1232 1963 1268 2006 v.
1293 1951 1366 1998 267
1389 1964 1404 1989 2·

235 2013 424 2058 Παντοίαις
441 2010 599 2055 ’θυσίαισι
615 2015 674 2053 καὶ
699 2015 818 2066 εὐχαῖς
837 2012 1057 2064 ἐνθεοτίμοις.

86 2077 177 2116 Illud
195 2092 348 2130 quoque
368 2079 654 2131 offendit‚quod
671 2079 773 2117 aliud
796 2079 865 2117 Dei
886 2078 963 2116 veri
981 2077 1188 2129 templum,
1206 2077 1556 2132 llierosolymitano

86 2142 220 2191 simile,
240 2144 278 2181 in
295 2143 463 2196 AEgypto
481 2152 651 2182 ereetum
674 2144 720 2182 iri
740 2142 1001 2195 praesagiatur,
1024 2142 1091 2179 ubi
1128 2141 1203 2181 sint
1223 2142 1388 2182 victimae
1416 2144 1561 2196 pariter

86 2207 337 2258 adducendae,
355 2223 387 2247 ν.
409 2209 513 2248 501:

235 2273 316 2316 Κεὶς
337 2272 439 2312 αὐτὸν
454 2273 572 2318 θυσίας
591 2272 680 2312 οἴσει
698 2272 780 2315 λαὸς
799 2271 1011 2315 θεότευκτος.

87 2337 164 2375 Fuit
180 2339 281 2377 enim
299 2333 362 2378 illa
377 2340 597 2378 Judaeorum
616 2337 963 2379 Alexandrinonum
988 2346 1099 2375 vetus
1116 2310 1285 2386 traditio,
1304 2350 1351 2376 ex
1374 2338 1481 2377 lsaiae
1494 2351 1559 2377 ca-

86 2402 158 2452 pite
180 2418 238 2455 19,
266 2405 389 2443 Deum
414 2404 622 2456 aliquando
641 2403 839 2443 sacrificiis
862 2416 937 2440 non
967 2402 1004 2440 in
1024 2401 1159 2442 Judaea
1186 2410 1356 2451 tantum,
1377 2402 1444 2442 sed
1463 2411 1500 2442 et
1518 2403 1556 2442 in

86 2466 241 2518 AEgypto
261 2469 406 2507 cultum
424 2470 492 2507 iri:
514 2469 618 2520 quod
634 2477 672 2506 et
688 2469 825 2508 Onicun
847 2468 936 2505 olim
952 2467 1157 2518 impulerat
1171 2465 1221 2505 ad
1241 2468 1425 2518 templum
1447 2481 1557 2506 suum

87 2531 424 2583 lleliopolitanum,
459 2534 755 2572 Ptolemaeorum
786 2531 966 2582 auspiciis
998 2539 1035 2570 et
1063 2530 1243 2582 impensis
1265 2530 1557 2580 oedilicandun13

86 2593 248 2647 illudque
264 2598 448 2649 templum
469 2598 618 2636 stetisse
634 2604 766 2635 narrat
795 2596 991 2647 ,losephus
1013 2608 1133 2646 usque
1151 2594 1200 2633 ad
1226 2602 1400 2646 tempora
1415 2597 1559 2649 Vespa-

87 2658 196 2706 siani,
217 2661 325 2713 cujus
353 2662 505 2700 demum
530 2663 638 2713 jussu
661 2674 834 2709 eversum
853 2660 926 2698 suit
945 2659 1093 2711 (confer
1112 2660 1236 2710 Antiq.
1254 2660 1362 2708 xlll,
1385 2661 1422 2708 6,
1449 2661 1560 2703 et,de

87 2721 170 2762 Bell.
185 2725 275 2764 Jud.
294 2726 389 2772 vll,
408 2727 486 2777 36).
503 2726 576 2765 Sed
596 2725 656 2764 vel
683 2725 773 2763 inde
792 2733 898 2776 patet
917 2738 995 2763 non
1010 2724 1113 2762 illam
1133 2724 1252 2763 aedem
1265 2753 1278 2771 ‚
1311 2725 1416 2776 quod
1444 2725 1560 2777 pleri-

86 2797 153 2836 que
172 2788 437 2837 crediderunt,
471 2790 576 2828 innui
593 2803 694 2828 nunc
722 2803 744 2829 a
761 2788 976 2840 Sibyllista,
1010 2788 1075 2826 sed
1096 2788 1208 2833 aliam
1235 2789 1469 2827 consimilem
1485 2789 1559 2827 ali-
1615 2813 1617 2815 -
1674 2790 1677 2795 '

87 2852 235 2900 quando
268 2853 307 2891 in
343 2854 475 2893 iisdem
514 2854 701 2894 tractibus
728 2862 1061 2903 exsurrecturum,
1096 2862 1134 2891 et
1177 2852 1250 2891 sub
1283 2867 1411 2892 rerum
1445 2854 1557 2893 finem
