1686 3500
109 189 207 237 386
345 147 348 151 ’
498 172 572 217 An
605 159 953 213 SIBYLLINOS
986 148 1201 200 manos

765 255 854 297 Ἀλλ’
870 254 951 292 ὅταν
971 248 1069 287 ἄλλοι

320 334 511 390 ’Δρξωνται
528 327 665 382 Πέρσαι
677 355 688 373 ,

114 411 168 450 sie
187 413 313 447 autem
337 404 374 440 in
394 399 514 438 altero
532 408 542 432 ·.

325 464 395 505 Καὶ
405 461 484 502 τότε
502 457 545 506 δὴ
567 454 719 509 βασιλιῑς
733 447 881 501 Περσῶν
901 437 1218 486 ἐπαναστήσονται.

111 543 156 582 ln
183 535 368 588 septimo,
387 524 540 574 Ἰταλίης
561 519 713 575 πρόμος,
738 515 777 553 in
799 509 1044 552 duodecimo,
1063 499 1220 543 σπεύδων
1234 493 1389 542 Ἰταλίην
1416 488 1588 529 κατιδεῑνε

114 615 154 645 et
169 600 294 642 statim
315 604 447 650 postea
465 593 503 630 in
521 596 703 637 utroque,
723 576 760 618 αἲ
775 575 828 625 αἲ,
847 572 1045 613 Λαοδίκεια.
1067 569 1189 606 Porro
1208 560 1306 601 liber
1321 556 1390 599 xl!
1414 553 1590 605 scriptus,

118 669 172 709 uti
192 666 291 706 infra
311 652 652 701 demonstrabitur,
679 640 842 683 Odenati
868 633 1105 688 temporibus
1129 629 1232 668 circ'a
1256 635 1396 664 annum
1418 619 1515 665 265,
1536 632 1592 656 se·

119 735 278 787 ptimum
308 724 509 766 manifesto
531 708 679 755 librum'
698 709 833 747 ducem
862 702 1018 748 habuit,
1037 711 1115 736 non
1142 701 1229 746 post
1247 704 1287 729 se
1315 687 1442 726 traxit.
1467 685 1592 731 Quum

119 812 211 839 vero
229 797 269 835 in
293 793 368 831 hoc
400 787 501 826 iibro
517 781 582 820 vll
607 774 857 827 respiciatur,
883 767 935 804 uti
958 764 1147 806 diximus,
1170 757 1217 796 ad
1243 750 1446 795 Alexandri
1465 748 1594 787 Severi

122 860 429 916 expeditionem,
447 861 524 901 qua
549 835 676 882 victus*
695 852 716 877 e
735 833 892 877 Perside
924 829 1038 869 rediit
1062 837 1165 864 anno
1186 822 1260 860 233
1275 848 1285 867 ,
1304 831 1347 857 ac
1367 830 1416 854 ne
1438 812 1595 852 verbum

120 926 276 980 quidem
302 921 350 959 de
374 916 454 967 ejus
474 917 597 949 morte
620 903 800 947 addatur,
817 910 899 950 quae
918 901 1006 947 post
1025 888 1221 929 biennium
1243 886 1280 921 in
1301 878 1506 922 Germania
1532 889 1598 914 ac-

122 992 218 1032 cidit
251 979 448 1027 Maximini
481 973 590 1014 ducis
623 966 868 1022 proditione,
901 971 1011 1013 paene
1041 965 1194 993 necesse
1220 959 1278 988 est
1303 947 1488 997 scriptum
1519 954 1599 978 esse

124 1059 226 1098 hunc
256 1054 356 1092 inter
373 1056 495 1085 annos
515 1047 601 1092 post
621 1034 817 1075 Christum
838 1036 967 1067 natum
990 1023 1062 1061 233
1084 1028 1122 1059 et
1143 1017 1232 1057 235.

179 1119 331 1171 Optime
347 1123 431 1151 cnm
452 1113 586 1146 nostra
609 1095 880 1152 supputatione
905 1086 1085 1132 convenit
1105 1082 1221 1134 hujus
1244 1078 1331 1118 libri
1349 1086 1480 1113 versus
1499 1073 1571 1121 96:

350 1171 490 1228 Σαρδὼ,
509 1172 568 1208 νῦν
587 1164 629 1208 σὺ
650 1167 794 1217 βαρεῖα,
814 1175 846 1198 κ.
860 1172 893 1196 τ.
911 1157 945 1194 λ.

126 1253 296 1299 Tempus
314 1242 413 1281 enim
433 1234 528 1276 illud
560 1232 647 1279 suit,
682 1237 819 1277 nempe
837 1219 965 1262 saeculi
988 1217 1042 1257 111
1065 1209 1300 1267 primoribus
1336 1204 1470 1251 annis,
1489 1213 1604 1252 quum
1642 1224 1645 1227 -

129 1313 241 1355 multi
261 1306 497 1348 confessores
519 1301 557 1337 in
582 1292 795 1336 Sardiniam
815 1286 975 1326 insulam
1003 1279 1175 1330 relegati,
1198 1274 1331 1324 ibique
1353 1268 1513 1309 metaliis
1541 1264 1608 1302 ad-

91 1435 94 1439 *
132 1377 225 1419 dicti
238 1404 248 1423 ,
268 1368 483 1412 tristissimo
508 1377 551 1401 ac
570 1357 777 1399 saevissimo
794 1351 929 1391 exsilio
953 1343 1233 1388 multabantur,
1252 1338 1350 1376 sicut
1370 1340 1473 1385 patet
1493 1341 1607 1381 quum

131 1458 182 1484 ex
210 1440 294 1479 aiiis
320 1431 495 1475 Echesiae
519 1420 794 1465 monumentis,
823 1425 901 1454 tuin
931 1426 979 1451 ex
1009 1406 1183 1459 Origenis
1211 1396 1572 1450 Philosophumenis
1591 1406 1610 1429 a

137 1508 286 1549 Millero
301 1508 434 1541 nostro
453 1505 578 1546 nuper
600 1487 729 1533 editis,
749 1483 818 1521 lib.
842 1481 910 1527 lx,
933 1482 953 1525 ς
978 1489 1034 1515 12.
1068 1490 1070 1493 ·

191 1573 269 1612 Nec
286 1566 510 1606 adversatur
528 1558 587 1595 his
608 1550 776 1592 numeris
793 1556 980 1586 annorum
996 1537 1224 1589 designatio,
1241 1541 1446 1581 utcumque
1463 1527 1612 1565 demum

139 1632 343 1689 capienda,
361 1639 446 1680 qnae
465 1629 596 1676 postea
617 1618 656 1656 fit
680 1616 720 1654 in
746 1613 821 1651 hoc
841 1608 979 1648 eodem
1000 1604 1111 1649 libi-0,
1133 1615 1167 1639 v.
1191 1599 1277 1648 139,
1301 1608 1386 1647 sqq.

353 1694 419 1733 Ἔν
439 1688 475 1729 δὲ
493 1686 600 1741 τρίτῳ
616 1680 737 1734 κλήρῳ
755 1671 1052 1730 περιτελλομένῳν
1072 1666 1258 1710 ἐνιαυτῶν,

353 1746 718 1809 Ὀγδοάτηςιπρώτης,
736 1743 838 1783 ἄλλος
854 1739 942 1778 πάλι
958 1736 1087 1786 κόσμος
1106 1735 1243 1781 ὁρᾶται.

146 1831 247 1875 Finis
264 1829 364 1867 enim
387 1817 520 1860 mundi
541 1815 690 1853 futurus
709 1802 953 1846 indicaturin
977 1798 1077 1838 tertii
1098 1794 1223 1834 soeculi
1248 1799 1385 1830 octava
1408 1786 1528 1838 prima
1544 1781 1619 1834 (de-

144 1897 314 1940 curiane,
331 1903 377 1928 an
394 1878 637 1925 hebdomade
654 1883 857 1916 annorum,
872 1881 919 1906 an
939 1863 1032 1917 quid
1049 1859 1152 1900 aliud
1163 1860 1192 1910 P)
1208 1872 1217 1896 ε
1239 1863 1364 1894 textus
1382 1850 1570 1890 obscurus
1585 1852 1620 1883 et

150 1962 368 2011 ambiguus,
394 1952 442 1990 de
459 1959 537 1999 quo
557 1955 628 1982 nos
647 1937 800 1991 quidem
817 1947 892 1971 non
908 1930 1020 1968 semel
1040 1933 1206 1965 mentem
1224 1918 1472 1960 mutavimus,
1497 1912 1619 1964 prius·

152 2039 266 2082 quam
288 2021 336 2061 ad
354 2030 436 2057 cam
468 2007 690 2051 sententiam
720 2000 1008 2044 accederemus,
1027 2005 1111 2043 quae
1141 2001 1242 2027 nunc
1271 1987 1379 2023 unice
1405 1992 1496 2018 vera
1516 1975 1623 2015 nobis

156 2092 324 2136 videtur,
334 2090 494 2135 quaeque
513 2077 753 2126 proponetur
767 2066 805 2104 in
824 2064 912 2102 Exc.
927 2060 993 2106 vl,
1010 2069 1093 2107 cap.
1113 2055 1170 2092 15.
1193 2052 1301 2090 Nunc
1320 2045 1410 2085 satis
1425 2043 1473 2081 sit
1487 2042 1623 2080 dictum

158 2153 324 2197 incidere
343 2147 446 2186 inam
465 2141 505 2179 in
521 2148 661 2177 annum
686 2130 808 2170 multo
830 2109 1309 2178 posteriorem'Alexandri
1330 2108 1461 2150 Severi
1479 2116 1624 2155 tempo-

159 2221 281 2264 ribus,
310 2213 475 2260 ideoque
493 2216 579 2243 cnm
600 2198 737 2238 ceteris
770 2189 986 2232 rationibus
1010 2183 1147 2224 uostris
1175 2179 1285 2218 facile
1313 2173 1525 2214 conciliari.
1555 2169 1626 2207 Nec

162 2296 286 2325 tamen
309 2277 383 2317 loci
396 2268 552 2312 obscuri
572 2263 757 2313 dubiique
777 2266 901 2296 textus
918 2247 1297 2302 interpretationem,
1316 2250 1358 2279 nt
1380 2252 1481 2277 mere
1499 2232 1626 2283 conje-

165 2485 286 2526 sione,
316 2485 431 2527 quam
462 2466 562 2506 libro
588 2460 698 2506 Vm,
733 2470 771 2495 v.
803 2454 894 2499 148,
921 2462 1004 2500 sqq.
1033 2443 1180 2484 institui
1213 2439 1377 2478 vidimus
1405 2443 1520 2483 atque
1546 2427 1631 2480 ipsis

168 2544 332 2585 numeris
349 2532 528 2576 definiri?
547 2528 686 2568 Mirum
706 2533 812 2565 sane,
827 2518 873 2555 'in
895 2511 1145 2567 praedictione
1166 2517 1323 2558 prorsus
1341 2497 1543 2538 temeraria
1562 2503 1632 2529 non

171 2611 243 2651 sibi
263 2612 438 2646 constare
464 2590 697 2646 Sibynistas!
722 2590 773 2626 Ac
797 2595 926 2622 revera
946 2574 1215 2631 progrediente
1233 2579 1404 2619 tempore
1418 2593 1428 2613 ,
1444 2571 1482 2600 ct
1508 2567 1634 2598 contra

171 2672 413 2715 oraculorum
436 2662 549 2701 {idem
568 2650 827 2709 perstantibus
844 2646 970 2685 adhuc
991 2640 1088 2680 urbe
1109 2628 1144 2675 et
1166 2634 1260 2674 orbe
1273 2664 1285 2682 ,
1301 2641 1454 2669 necesse
1471 2632 1551 2664 erat
1567 2607 1639 2660 terss

173 2743 317 2781 minum
338 2731 489 2772 fatalem
516 2726 554 2762 in
583 2722 663 2759 dies
690 2727 727 2754 vt
753 2726 874 2754 annos
895 2721 1015 2759 usque
1035 2702 1231 2756 prolatari.

224 2800 381 2844 Interim
402 2792 523 2833 nihilo
539 2788 661 2827 secius
677 2784 750 2820 fixa
766 2785 892 2817 manet
909 2776 1046 2812 horum
1066 2768 1254 2808 librorum
1270 2771 1358 2800 zetas
1375 2759 1476 2797 circa
1490 2762 1637 2793 annum,

170 2883 286 2925 quem
307 2864 485 2904 diximus,
503 2856 595 2898 234,
618 2859 730 2901 atque
751 2845 836 2884 ideo
852 2840 960 2880 libris
974 2838 1018 2876 iis
1034 2834 1101 2887 qui
1119 2831 1190 2872 sub
1212 2826 1405 2869 Antonino
1427 2822 1495 2862 Pio
1516 2811 1639 2866 scripti

174 2944 284 2980 sunt,
304 2942 382 2969 uno
407 2926 484 2963 fere
501 2916 640 2958 saeculo
655 2910 886 2965 posteriores
907 2910 1009 2943 sunt.
1034 2898 1134 2939 Nihil
1154 2896 1271 2948 igitur
1288 2890 1398 2929 valde
1433 2886 1594 2925 mirum,
1612 2876 1639 2914 si
