1686 3500
139 163 232 210 554
504 164 587 209 AD
619 163 885 209 stBYLtAN
896 163 968 209 OS
1003 162 1216 207 LIBROS

139 257 294 308 gelium‚
326 256 375 296 de
392 257 508 308 signis
533 257 644 296 linem
666 256 798 296 mundi
824 255 1083 309 praecursuris,
1112 268 1149 294 v.
1185 253 1259 292 168
1284 254 1414 305 (172),
1435 267 1536 305 sqq„
1560 265 1598 294 et

140 321 298 358 sortasse
324 320 373 360 ad
403 329 571 359 sanctam
597 321 755 360 Joannis
788 320 1080 372 Apocalypsim,
1114 316 1181 355 ubi
1212 317 1259 356 de
1289 317 1449 356 Neronis
1475 317 1599 356 reditu

138 385 277 440 ungitur,
296 397 332 423 v.
356 385 429 423 135
446 385 564 437 (138),
582 399 679 437 sqq„
703 384 740 424 id
755 398 848 424 vero
867 386 957 423 satis
975 382 1102 422 dubie.
1120 381 1230 423 Unde
1248 390 1373 420 tamen
1388 395 1479 420 cave
1504 395 1599 433 pro-

140 450 336 500 perantius
363 449 532 498 inducas,
558 450 725 500 reliquas
755 450 854 489 sacri
888 447 1128 488 instrumenti
1158 455 1298 498 partes,
1332 460 1416 497 quae
1445 447 1600 497 quidem

140 521 232 551 tunc
261 514 443 564 temporis
474 514 512 551 in
539 514 714 552 manibus
747 514 942 552 hominum
973 509 1244 557 versabantur,
1281 511 1428 560 ignotas
1463 511 1601 549 Nostro

139 576 267 616 fuisse.
280 577 393 614 Aliud
408 585 464 615 est
478 576 577 614 enim
589 576 727 615 librum
742 575 1042 629 ignorare‚aliu‹l
1060 588 1134 612 non
1150 575 1281 612 citare.
1295 570 1424 612 Solum
1443 574 1602 613 Joannis

105 678 108 682 ,
138 641 376 691 evangelium
411 647 640 690 cognoscere
672 642 778 679 nullo
810 641 923 679 modo
953 640 1094 690 potuit,
1128 638 1298 676 nondum
1335 639 1479 688 quippe
1509 647 1601 676 tnnc

138 704 305 751 editum,
334 704 520 755 siquidem
542 706 677 752 ultinjo
697 705 847 744 demum
867 704 966 741 illins
985 703 1112 741 saeculi
1137 715 1256 748 anno,
1284 702 1454 752 Trajano
1473 715 1598 739 rerum

138 768 326 819 potiente,
347 768 385 806 in
407 769 529 807 lucem
549 778 762 807 venturum.
785 770 841 807 De
866 767 1097 818 Apocalypsi
1119 780 1197 805 non
1218 775 1292 804 tam
1313 766 1473 804 fidenter
1501 765 1600 803 idem

137 847 273 884 negare
292 835 472 872 ausimus.

168 899 270 950 ‚Non
296 898 398 949 quod
427 911 498 936 nos
516 898 627 936 lateat
647 906 798 948 recepta
829 897 942 947 vulgo
974 895 1176 940 sententia,
1208 904 1246 932 et
1266 894 1498 945 gravissimis
1528 896 1601 931 Pa-

138 971 237 1000 trum
271 963 544 1013 plerorumque
578 962 803 1000 testimoniis
835 962 982 999 firmata
1004 960 1109 1011 (quid
1130 960 1231 998 enim
1254 959 1536 998 dissimulemus
1562 958 1601 996 id

137 1025 240 1075 quod
265 1028 387 1076 palam
418 1027 540 1078 est?),
562 1040 641 1064 aevo
664 1039 867 1077 supparem
887 1024 1102 1063 habendam
1127 1037 1207 1062 esse
1225 1023 1328 1061 illam
1359 1022 1601 1074 prophetiam

138 1089 307 1140 ejusdem
330 1090 450 1127 sancti
477 1090 652 1141 Apostoli
678 1090 898 1141 evangelie,
918 1090 1095 1140 scriptam
1127 1101 1288 1138 nempe,
1315 1096 1356 1125 ut
1385 1087 1473 1125 divo
1506 1087 1603 1124 Hie-

141 1167 300 1203 ronymo
331 1150 492 1203 placuit,
520 1153 729 1190 Domitiani
761 1167 862 1191 anno
894 1166 1000 1204 paenc
1028 1153 1174 1190 ultimo.
1204 1153 1343 1189 Verum
1379 1150 1416 1187 id
1447 1149 1603 1186 minime

136 1226 237 1254 stare
255 1224 398 1266 potest,
428 1217 458 1253 si
481 1229 567 1253 eum
588 1217 673 1266 ipso
693 1217 980 1267 Apocalypseos
1000 1225 1103 1255 textu
1125 1215 1355 1265 conseratur,
1377 1214 1468 1265 quia
1488 1213 1604 1250 visio-

137 1294 221 1318 nem
252 1280 354 1317 illam
384 1280 646 1331 propheticam
676 1281 715 1317 in
743 1281 879 1318 Patmo
906 1280 1029 1318 insula
1061 1281 1182 1318 exsuli
1208 1280 1281 1317 sibi
1302 1279 1466 1316 oblatam
1487 1277 1604 1327 paulo

104 1378 107 1379 ⁷
136 1352 223 1394 post
239 1357 412 1382 eversum
439 1347 629 1382 Neronem
651 1352 802 1382 sanctus
830 1344 912 1394 ipse
945 1344 1146 1395 profitetur
1165 1344 1391 1394 Apostolus,
1425 1354 1507 1392 cap.
1544 1354 1604 1388 17,

135 1421 167 1445 v.
196 1420 238 1444 ιο
266 1422 275 1445 :
305 1407 514 1458 «Quinque
545 1407 766 1446 cecide-aunt
795 1408 968 1459 [totidem
997 1421 1134 1458 nempe
1163 1409 1322 1446 Romani
1350 1407 1600 1457 imperatores

134 1490 149 1505 a
170 1485 256 1509 enm
275 1472 412 1522 quinto
431 1485 563 1509 eorum
584 1472 762 1523 Nerone]‚
782 1485 880 1509 unus
900 1480 955 1509 est
980 1471 1117 1523 [Galba
1139 1471 1247 1520 haud·
1266 1469 1412 1520 dubie],
1439 1478 1475 1506 et
1507 1469 1604 1506 alius

133 1553 147 1568 a
171 1535 340 1573 nondum
358 1536 461 1573 venit
477 1536 598 1587 [Otlio
617 1535 795 1587 scilicet];
817 1544 854 1574 ct
874 1549 992 1587 quum
1011 1536 1171 1587 venerit,
1189 1544 1344 1587 oportet
1361 1535 1465 1572 illum
1487 1533 1604 1571 breve

133 1618 148 1633 u
174 1608 318 1651 tempus
340 1614 502 1640 manere.
526 1601 570 1639 lit
588 1601 709 1639 bestia
731 1615 814 1652 quae
834 1610 914 1639 erat
935 1610 972 1639 et
992 1614 1069 1638 non
1089 1609 1160 1648 est,
1184 1609 1222 1639 et
1239 1601 1321 1651 ipsa
1341 1608 1478 1637 octava
1497 1607 1554 1636 est
1571 1615 1601 1645 n,

132 1666 382 1716 Vespasianus
404 1679 561 1717 nempe,
587 1667 665 1717 qni,
687 1675 866 1717 tanquam
890 1667 988 1705 Nero
1009 1666 1224 1716 redivivus,
1243 1665 1399 1716 quintus
1428 1663 1540 1702 simul
1568 1672 1605 1701 et

132 1739 289 1767 octavus
307 1730 450 1768 dicitur
466 1730 688 1781 imperator,
707 1730 779 1768 sub
795 1744 872 1781 quo
893 1730 1105 1768 Romanum
1123 1730 1341 1781 imperium,
1361 1728 1432 1766 sub
1450 1730 1603 1767 Nerone

135 1806 254 1843 prope
284 1794 523 1841 exstinctum,
556 1794 666 1844 quasi
698 1793 892 1833 revixerit.
932 1796 1030 1833 Nota
1053 1794 1244 1832 Vitellium
1265 1793 1314 1831 ab
1347 1792 1530 1844 Apostolo
1564 1791 1601 1828 in

135 1858 222 1897 Asia
247 1858 396 1897 vivente
426 1871 503 1896 non
527 1858 704 1898 debuisse
720 1858 757 1897 in
779 1859 990 1910 catalogum
1017 1860 1170 1905 referri,
1206 1859 1297 1910 quia
1326 1858 1507 1910 princeps
1539 1856 1602 1894 ille

135 1935 347 1973 paucorum
367 1924 552 1961 mensium
570 1936 764 1974 nunquam
781 1924 819 1961 in
841 1924 1000 1962 Oriente
1020 1924 1203 1961 salutatus
1220 1923 1307 1963 snit.

185 1991 304 2025 Porro
318 1987 349 2025 si
370 1987 450 2026 haee
467 1987 536 2026 sub
551 1975 674 2026 Galba
695 1989 772 2026 visa
792 1997 914 2034 erant,
934 1988 1129 2039 quomodo
1155 1996 1261 2026 tanto
1279 1994 1366 2039 post
1384 1985 1454 2024 sub
1472 1984 1605 2025 Domi-

135 2052 226 2090 tiani
245 2052 356 2090 finem
378 2053 526 2091 narrari
558 2053 845 2105 intelliguntur?
871 2054 918 2092 Et
944 2052 980 2091 'si
1007 2053 1160 2105 triginta
1188 2043 1274 2090 ante
1302 2065 1425 2090 annos
1460 2050 1603 2088 monita

133 2117 202 2154 Joa
210 2117 273 2154 nni
285 2117 427 2155 caelitus
439 2118 548 2155 missa
565 2118 715 2155 fuerant
727 2117 773 2156 (le
784 2126 926 2168 septem
938 2117 1222 2155 AsiaeEcclesiis
1233 2125 1455 2168 septemque
1467 2127 1603 2153 eorum

132 2182 273 2232 angelis
293 2182 372 2221 sive
386 2182 587 2234 episeopis,
607 2195 689 2233 cap.
710 2195 744 2229 2,
765 2195 839 2233 sq„
857 2182 1053 2233 quomodo
1074 2196 1118 2220 ea
1141 2190 1226 2233 post
1247 2189 1394 2219 tantum
1422 2180 1603 2231 temporis

135 2246 371 2283 intervallum
390 2246 479 2297 ipsis
500 2246 691 2298 episcopis
705 2246 1055 2284 renuntiabantur?
1071 2246 1181 2293 Quod
1197 2246 1228 2283 si
1247 2245 1407 2283 octavus
1425 2244 1604 2295 princeps

135 2323 210 2346 non
243 2310 510 2361 Vespasianus,
533 2309 599 2348 sed
630 2310 768 2361 aliquis
804 2310 993 2348 recentior
1017 2318 1092 2358 est,
1113 2309 1216 2347 dicat
1248 2309 1386 2360 aliquis
1408 2307 1603 2359 quomodo

134 2375 192 2412 vel
213 2383 299 2413 ante
323 2376 445 2426 ipsum
466 2384 611 2427 septem
634 2384 898 2423 numerentur,
922 2376 980 2413 vel
1010 2384 1097 2426 post
1115 2376 1237 2425 ipsum
1257 2374 1407 2422 decem,
1423 2387 1519 2424 quos
1534 2385 1604 2409 nos

136 2440 453 2492 commodissime,
473 2454 494 2479 a
510 2440 742 2492 Vespasiano
762 2449 978 2479 numeratos
992 2470 1003 2490 ,
1024 2441 1060 2478 in
1080 2440 1213 2478 ultimo
1233 2439 1514 2478 Antoninorum
1536 2437 1602 2475 de·

136 2504 258 2543 sinere
272 2505 460 2556 jubemus.

189 2569 298 2608 Adde
328 2570 431 2621 quod
467 2571 530 2608 alii
553 2570 630 2620 jam
662 2580 916 2618 notaverunt,
952 2571 1000 2608 de
1027 2570 1302 2621 Hierosolymis
1332 2569 1453 2620 captis
1483 2583 1526 2606 ac
1556 2567 1603 2605 dc

139 2632 280 2684 templo
307 2633 461 2670 incenso
497 2634 635 2671 nnllam
664 2634 701 2671 in
738 2634 811 2671 hoc
841 2634 941 2671 libro
970 2633 1201 2671 mentionem
1231 2633 1336 2683 lieri3
1371 2641 1506 2670 contra
1531 2629 1604 2680 ibi,

136 2710 220 2748 cap.
243 2712 302 2749 11,
326 2713 362 2738 v.
383 2702 419 2745 ὅ,
444 2712 513 2749 sq.,
541 2699 587 2736 de
607 2699 669 2736 illa
687 2699 782 2736 urbe
801 2699 853 2736 sic
870 2699 942 2749 agi,
969 2707 1146 2749 tanquam
1175 2699 1301 2736 adhuc
1318 2706 1440 2736 stante
1461 2706 1498 2734 et
1526 2696 1602 2734 suis

137 2762 288 2800 civibus
310 2763 481 2801 habitata
508 2777 517 2800 :
538 2772 579 2801 ut
598 2763 677 2801 haec
700 2763 843 2814 scripta
869 2764 1028 2802 fortasse
1056 2763 1174 2801 videri
1206 2762 1354 2814 possint
1374 2761 1601 2812 Vespasiano

137 2841 268 2867 recens
282 2828 329 2868 ad
345 2828 545 2879 imperium
567 2828 754 2879 profecto,
768 2837 805 2866 et
821 2827 969 2867 obsessa
987 2828 1154 2880 jam,se(l
1179 2827 1347 2866 nondum
1368 2835 1476 2878 capta
1492 2824 1597 2863 urbe.
