1752 3495
192 223 285 269 246
765 217 1063 266 APPENDlX

244 327 292 366 [00
317 317 446 359 Ὄσσοι
460 318 492 357 τ’
510 318 610 358 ἄλλοι
632 320 719 371 ὁμοῦ
736 317 870 358 πίσυνοι
884 315 971 355 κατὰ
989 316 1128 370 πατρίδ’
1145 315 1233 356 ἔασι.

317 381 379 430 Μὴ
399 382 465 437 γὰρ
487 382 713 437 ἀπιστόφιλος
730 381 899 421 θυσίαισιν
913 381 1001 434 ἀνὴρ
1015 379 1226 433 παρεπίσθω
1238 393 1246 403 ·

316 446 414 493 Ἔξω
428 448 470 493 δ’,
488 449 556 486 ἔνθ’
572 449 758 500 ἀνόμιστον
774 445 943 485 ἕπέπλετο
960 444 1047 499 φωτὶ
1065 444 1141 484 τάδ’
1157 443 1277 498 ἕρδειν.

321 513 512 552 Νούπιστοι
529 511 733 552 καταδαιτὸν
747 511 839 563 ἔχειν
856 509 976 548 θυσίαν
988 541 998 558 ,
1019 508 1107 549 κατὰ
1126 508 1156 547 δ’
1177 508 1284 556 αὐτὴν

319 575 444 620 Ὅστις
457 576 497 615 ἂν
515 575 694 628 ἡμετέρων
712 575 884 628 χρησμῶν
900 573 986 628 ἰ’δρις
1003 575 1035 617 ἐς
1050 573 1122 612 τόδ’
1139 571 1280 620 ἵκηται,

244 642 292 688 45
322 639 455 692 Σεμνδν
473 640 604 680 Φοῑὸον
620 639 752 678 ἄνακτα
770 637 965 690 μετελθέτω
987 639 1021 676 ἐν
1038 638 1210 684 θυσίαισι,

319 704 544 759 Προφρονέως
562 706 692 756 βωμοῖς
709 704 765 742 ἐπὶ
781 703 885 741 πίονα
902 703 1012 754 μηρία
1028 701 1178 752 καύσας,

322 770 437 821 Αἰγῶν
454 767 656 807 παλλεύκων
672 768 797 815 νεάτην
809 781 818 790 ·
839 766 925 819 ἀτὰρ
943 766 1058 804 οἴδατε
1073 766 1202 810 πάντες
1214 794 1224 812 ,

316 833 497 874 Λισσέσθω
512 833 646 873 Φοῖὅον
664 832 823 879 Παιήονα
836 861 846 880 ,
866 837 977 885 κρᾶτα
998 830 1199 881 πυκάσσας,

315 898 465 949 Ἱκτῆρες
481 897 681 944 πίπτοντες,
694 896 786 939 ὅπως
802 895 965 949 [Manuos
984 894 1134 948 κακοῖο].

238 962 286 1000 50
313 961 497 1008 Non-Aea<
512 961 540 998 δ’
556 960 624 999 ἀπὸ
643 963 701 999 τοῦ
723 960 909 1013 βασιληίδα
924 959 1067 998 πότνιαν
1082 956 1200 1012 ’Ἥρην
1214 989 1225 1010 ,

314 1023 438 1079 Ἀργὴν
460 1029 538 1079 βοῦν
559 1025 645 1064 θύων
666 1025 840 1078 πατρίοισι
861 1024 996 1077 νόμοισι
1010 1025 1086 1063 κατ’
1105 1018 1228 1071 αἶσαν,

315 1090 455 1141 Ὑμνεῖν
467 1121 478 1140 ,
497 1089 536 1129 αἵ
548 1106 587 1130 κε
601 1089 692 1143 γένει
707 1088 974 1143 προφερέστεραι
991 1082 1055 1128 320³
1071 1088 1119 1127 ἐνὶ
1137 1089 1233 1132 λαοῖς
1244 1117 1255 1137 ,

270 1184 273 1187 -
318 1155 389 1195 Καὶ
404 1154 518 1202 νήσων
537 1153 673 1202 ναέται,
692 1153 754 1202 τὴν
772 1153 972 1192 ἀντιπάλων
987 1153 1036 1191 ὅτ’
1056 1152 1096 1190 ἂν
1113 1146 1191 1191 αἶαν

317 1221 369 1260 Οὐ
387 1219 477 1273 δόλῳ
489 1250 499 1268 ,
519 1219 609 1259 ἀλλὰ
626 1220 686 1273 βία
705 1218 871 1269 Κυμαΐδα
884 1219 1072 1272 πρόφρονες
1093 1212 1208 1272 [αὖτε]

239 1286 285 1324 55
315 1284 512 1325 Νάσσονται
524 1315 536 1334 ,
551 1286 679 1336 σεμνῆς
697 1282 896 1337 βασιληΐδος
909 1283 1001 1336 [αἴκε
1016 1282 1170 1334 τίθησθε]

315 1349 378 1389 Ἐν
393 1348 567 1402 πατρίοισι
588 1348 704 1400 νόμοις
719 1347 834 1401 εἨρας
846 1347 964 1393 ξόανόν
981 1363 1018 1386 τε
1037 1348 1115 1386 κατ’
1134 1341 1244 1387 οἶκον.

313 1410 397 1458 Ἵξει
413 1414 456 1462 δ’,
472 1413 511 1451 ἂν
533 1412 688 1465 μύθοισιν
705 1414 799 1465 ἐμοῖς
813 1413 895 1451 τάδε
909 1412 1024 1451 πάντα
1041 1409 1220 1466 [τιθέντες]

325 1477 549 1530 Σεμνοτάτην
568 1478 771 1530 βασίλισσαν
794 1476 991 1532 ἐπέλ[θητ’]
1010 1479 1044 1515 ἐν
1060 1472 1244 1516 θυσίαισιν.

318 1543 377 1583 Ἐν
396 1545 516 1596 πολλῷ
534 1543 648 1596 χρόνῳ
671 1538 713 1581 αὖ
729 1544 768 1582 τό
788 1544 818 1581 τ’
837 1545 889 1597 ἐφ’
906 1542 1047 1596 ὕστερον
1063 1542 1163 1581 ὅσκεν
1180 1543 1236 1581 ἐπ’
1251 1543 1365 1585 αὐτοῖς

239 1609 288 1647 60
316 1607 467 1661 Νήφαλά
483 1624 540 1647 κεν
559 1607 667 1661 ῥέξας,
682 1606 761 1646 ὅσαι
775 1608 903 1662 ἡμέραι
920 1608 967 1651 εἷς
983 1607 1154 1656 ἐνιαυτόν,

315 1671 429 1712 ’Όσκε
443 1672 524 1711 τάδε
541 1671 647 1726 ῥέξει,
668 1671 780 1710 κείνου
795 1671 922 1725 κράτος
939 1671 1077 1710 ἔσσεται
1097 1671 1177 1712 αἰεί.

229 1794 280 1826 41,
305 1791 514 1834 Ἀπιστόφιλος
530 1800 587 1832 pro
603 1791 732 1828 ἄπιστος
747 1791 798 1823 vel
814 1791 885 1823 ἀπι-

187 1839 274 1875 στίας
289 1839 385 1879 φίλος,
414 1847 485 1870 rara
509 1847 586 1878 vox,
613 1838 668 1870 sed
697 1838 837 1870 occurrit
854 1839 885 1870 in

187 1885 345 1927 Sibyllinis
359 1885 560 1924 christianis,
578 1884 633 1917 lib.
652 1887 736 1925 Vlll,
752 1893 785 1917 v.
805 1889 861 1918 186
877 1893 885 1916 :

189 1934 233 1964 ita
248 1941 282 1964 se
300 1932 436 1964 invicem
457 1931 603 1970 legebant
618 1932 650 1963 et
673 1931 889 1972 compilabant

190 1981 398 2019 utrarumque
417 1978 555 2019 partium
570 1977 750 2018 sibyllistae.

231 2029 281 2058 42.
292 2026 375 2058 Ἔνθ’
392 2026 563 2058 obscurum
576 2027 636 2064 est,
650 2028 682 2058 et
694 2025 805 2057 durius
814 2034 890 2057 saue

189 2076 372 2106 constructa
383 2074 499 2113 verbm
516 2082 629 2105 sensus
643 2075 747 2104 tamen
762 2073 865 2105 elucet
881 2083 887 2101 ε

189 2122 273 2158 Ἐξω
288 2121 314 2153 δ’
333 2121 426 2160 ἔστω,
441 2122 467 2153 εἲ
483 2132 539 2152 τινι
555 2120 720 2162 ἀνὸμιστὸν
735 2120 813 2160 ἐστι,
840 2120 888 2152 vel

191 2169 247 2204 ἔξω
263 2168 289 2200 δ’
304 2168 385 2200 ἔστω
396 2172 451 2200 τοῦ
460 2167 558 2200 τόπου
572 2168 656 2207 ἔνθα,
669 2179 700 2199 κ.
714 2178 742 2199 τ.
758 2168 786 2199 λ.
803 2167 892 2200 Vole-

190 2215 246 2249 bat
261 2214 431 2257 xylander,
452 2215 522 2247 ἔνθα
538 2214 682 2254 νομιστὸν
694 2237 704 2254 ,
732 2215 891 2246 contrario

189 2272 283 2295 sensu
301 2275 308 2295 ι
324 2263 399 2294 illuc
423 2271 536 2303 nempe
564 2261 678 2303 abeat,
695 2261 749 2294 ubi
773 2261 820 2293 sas
843 2265 891 2294 est

191 2309 235 2341 illi
257 2309 445 2341 sacrificare.

232 2360 282 2390 40.
319 2356 462 2389 Alterum
489 2355 730 2388 hemistichium
754 2354 893 2387 nomeri-

188 2413 260 2438 cum
276 2406 338 2443 est,
353 2406 388 2436 ll.
405 2415 443 2443 α,
457 2413 488 2436 ν.
507 2407 558 2443 4ο,
570 2405 602 2434 et
616 2403 744 2444 passim.

235 2455 286 2486 47.
303 2453 406 2493 Αἰγῶν
418 2450 526 2489 νεάτην
542 2450 716 2490 quaerimus
730 2450 893 2483 ultimam·

193 2508 232 2531 ne
248 2508 416 2540 caprarum
430 2507 469 2529 an
483 2498 685 2530 tenerrimam
699 2498 830 2537 intelligi
845 2497 896 2530 de·

193 2549 262 2578 cent
280 2559 288 2579 ε
312 2555 385 2578 nam
403 2549 574 2587 utrumque
604 2545 666 2576 vile
687 2544 769 2577 soret
794 2545 894 2577 sacri·

193 2592 300 2624 ficium
312 2617 321 2633 ,
362 2593 589 2632 indignumque
626 2594 716 2624 tanto
750 2592 892 2628 numine.

194 2643 285 2680 Lege,
307 2639 396 2671 nobis
414 2639 610 2677 auctoribus,
629 2639 749 2671 ἑκατόν.

234 2687 286 2717 49.
312 2685 456 2717 Notanda
483 2686 646 2726 syntaxis,
666 2686 896 2718 interveniente

192 2730 299 2762 subito
315 2731 427 2771 plurali
446 2739 578 2763 numero
600 2740 657 2771 pro
676 2731 837 2771 singulari.
859 2734 893 2763 ln

193 2777 256 2810 line
283 2777 355 2810 cod.
383 2777 468 2815 ὅπως
504 2777 610 2816 λυσίης
643 2778 792 2819 iudanom,
824 2778 893 2811 sine

192 2833 286 2857 sensu
303 2837 310 2857 ε
333 2833 390 2856 nos
408 2825 617 2857 correximus.

235 2876 281 2905 52.
306 2872 344 2905 Αἵ
366 2883 413 2913 κε,
430 2881 488 2914 pro
518 2882 583 2914 quo
609 2871 689 2904 male
710 2871 781 2905 cod.
807 2872 894 2912 αἴκε,

201 2919 357 2960 xylandro
373 2920 561 2961 coi-rigente,
575 2919 709 2952 refertur
724 2919 763 2952 ad
779 2928 895 2953 nornen

954 1790 1162 1823 subauditum
1178 1815 1189 1831 ,
1217 1793 1376 1830 γυναῖκας.
1402 1790 1523 1823 Deinde
1550 1792 1594 1822 est
1619 1791 1644 1820 in

955 1838 1016 1870 tine
1029 1846 1138 1870 versus
1152 1837 1196 1870 ἐνὶ
1218 1838 1320 1878 λαοῖς,
1338 1846 1402 1869 non
1421 1837 1463 1869 ἐνὶ
1477 1837 1563 1878 δήμῳ
1579 1846 1588 1868 :
1604 1845 1644 1869 re·

955 1885 1053 1917 fertur
1068 1886 1152 1917 enim
1180 1894 1243 1917 non
1268 1885 1306 1916 ad
1326 1889 1487 1917 Romanos
1513 1886 1644 1922 tantum,

955 1932 1009 1964 sed
1030 1931 1068 1963 ad
1085 1933 1188 1964 socios
1207 1941 1318 1964 omnes
1331 1932 1432 1964 Latini
1449 1931 1581 1963 nominis
1598 1930 1643 1969 qni

956 1979 994 2011 ad
1017 1989 1054 2011 ea
1070 1989 1160 2012 sacra
1183 1985 1420 2019 convocantur,
1439 1979 1521 2011 unde
1536 1979 1643 2015 statim,

955 2028 1009 2059 καὶ
1024 2027 1127 2065 νήσων
1139 2027 1255 2060 ναέται.

999 2075 1049 2105 58.
1063 2074 1171 2114 Quaeri
1186 2075 1289 2114 potest
1298 2081 1371 2114 qum
1381 2072 1445 2104 sint
1458 2071 1643 2104 illaeinsnlzu:

958 2129 1031 2152 nam
1049 2120 1081 2151 in
1099 2129 1156 2152 ora
1172 2120 1272 2159 Latii,
1292 2122 1406 2161 praeter
1430 2120 1573 2157 Pontias,
1592 2118 1646 2149 scre

959 2168 1067 2201 nullae.
1091 2167 1149 2200 Sed
1175 2168 1259 2208 ipsas
1284 2168 1412 2200 Pontias
1434 2167 1486 2200 liic
1509 2163 1645 2204 intelligi-

959 2216 1076 2253 gendas
1093 2215 1344 2246 monstravimus
1367 2223 1472 2255 supra,
1494 2223 1525 2254 p.
1540 2212 1646 2244 237.13t

958 2262 1063 2299 νήσων
1089 2262 1212 2300 ναέται,
1237 2261 1404 2306 Pontiani,
1426 2262 1480 2303 qui
1497 2260 1567 2293 olim
1585 2266 1646 2298 pars

960 2310 1146 2340 volscorum
1159 2309 1302 2344 fuerant,
1313 2309 1380 2341 Liv.
1398 2313 1447 2342 lx,
1457 2308 1477 2350 S
1489 2312 1539 2347 28,
1551 2306 1647 2338 vitlen-

961 2357 1097 2388 turtum
1111 2356 1212 2388 Latini
1222 2356 1304 2396 ‚iuris
1318 2356 1431 2396 suisse3
1446 2356 1538 2388 iidem
1550 2356 1646 2395 postca

962 2404 1118 2435 coloniam
1138 2408 1313 2436 Romanam
1345 2406 1548 2445 acceperunt,
1576 2408 1647 2432 anno

962 2459 1075 2482 cnxu:
1094 2450 1162 2483 Liv.
1179 2451 1268 2490 ibid„
1284 2452 1316 2484 ct
1332 2451 1424 2483 Diod.
1440 2449 1548 2490 Xix,§
1569 2449 1629 2479 101.

1005 2500 1055 2530 54.
1079 2498 1156 2530 Cod.
1174 2497 1277 2539 αὗται,
1293 2498 1360 2530 sine
1382 2506 1476 2530 sensu
1491 2508 1498 2529 ε
1516 2505 1570 2528 nos
1585 2503 1646 2525 cor-

964 2545 1118 2576 reximus.
1137 2548 1245 2585 Neque
1257 2545 1342 2577 enim
1362 2544 1518 2583 mulieres,
1532 2542 1582 2574 sed
1597 2539 1649 2570 viri

964 2594 1098 2631 possunt
1113 2594 1290 2623 cumanum
1307 2600 1418 2632 agrum
1438 2590 1469 2622 vi
1493 2595 1646 2628 occupare.
1680 2589 1685 2594 ’

963 2640 1102 2678 Tempus
1114 2646 1188 2677 ergo
1201 2638 1383 2678 proximum
1396 2637 1648 2678 [ii-:edicitnz-,nuo

963 2685 1097 2717 Romani
1123 2685 1171 2717 vel
1187 2693 1299 2717 eorum
1323 2685 1402 2717 socii
1425 2683 1555 2715 insulani
1577 2681 1648 2712 lullo

961 2731 1024 2763 sint
1052 2735 1230 2764 Cumanum
1259 2740 1369 2771 agrum
1401 2727 1592 2770 occupaturi.
1620 2724 1648 2756 ld

963 2778 1084 2810 consilii
1102 2782 1212 2811 Roma}
1228 2779 1379 2819 agitatum
1399 2778 1494 2809 fuisso,
1511 2776 1580 2807 hinc
1594 2773 1648 2804 col·

966 2826 1099 2866 legimns
1113 2834 1227 2867 supra,
1244 2836 1313 2866 pag.
1331 2829 1412 2866 2373
1430 2824 1513 2865 quod
1529 2822 1648 2863 quidem

965 2874 1068 2906 xviris
1091 2873 1268 2913 praesertim
1281 2896 1288 2906 .
1306 2873 1348 2904 ob
1363 2877 1513 2905 Cumanoe
1534 2868 1649 2908 Sibylla·

967 2920 1166 2960 memoriam,
1184 2919 1341 2961 placuisse
1360 2927 1422 2950 non
1438 2918 1487 2950 cst
1500 2914 1619 2948 mirum.
1645 2935 1652 2947 ,
