1752 3495
603 200 679 243 AD
717 198 1041 244 EXCURSUM
1076 199 1153 244 IV.
1364 203 1367 205 ’
1452 235 1460 245 ,
1506 197 1599 248 289

142 310 262 341 cetera
283 297 408 343 ducto,
436 308 525 334 sane
543 295 660 334 nimio
683 296 754 334 suit
768 295 927 344 honori,
946 295 1048 333 sacili
1064 297 1208 349 quippe
1218 306 1265 342 ‚et
1286 299 1406 337 cuivis
1423 299 1601 351 expedita

145 365 324 405 vocalium
342 361 535 399 literarum
557 361 807 402 restitutione.
830 361 1023 411 Scriptum
1042 369 1122 398 erat
1142 361 1251 399 nimis
1269 372 1398 413 aperte
1414 365 1462 403 de
1480 365 1604 416 impe.

146 441 306 470 ratorum
327 435 364 464 et
385 424 684 476 patriarcharum
705 425 964 472 successione,
984 425 1080 462 sicut
1097 425 1159 463 itta
1178 438 1261 476 quae
1286 440 1400 477 supra
1425 429 1602 477 diximus,

145 495 286 544 aliaque
317 490 476 527 sortasse
509 488 616 540 plura
647 488 886 541 hujusmodi,
916 489 1096 540 pleraque
1122 498 1208 539 post
1241 498 1418 528 eventum
1445 494 1604 531 conlicta

145 558 246 610 (quis
268 568 341 592 uon
366 552 528 605 vidct?);
547 566 632 603 quae
667 553 753 590 ideo
781 553 1012 604 procedente
1039 560 1226 603 tempore,
1252 566 1412 592 numero
1443 558 1604 596 crevisse

148 622 249 661 facile
273 617 416 664 credas,
441 629 565 667 neque
593 616 678 665 uni,
709 617 773 656 scd
800 616 928 655 multis
949 615 1141 668 plagiariis
1160 617 1381 655 exerccndae
1399 631 1500 656 venae
1525 633 1602 659 ma-

148 687 270 726 teriam
293 681 510 736 praebuisse.
529 678 535 686 '

195 751 293 790 Scias
315 758 440 786 tamen
461 748 530 785 ista
551 748 680 785 omnia
706 746 806 798 apud
827 748 982 786 Graecos
1003 747 1155 786 illorum
1177 756 1391 799 temporum
1407 778 1416 794 ,
1443 762 1515 788 uec
1543 750 1608 788 do·

146 816 260 856 ctrina
288 812 446 851 multum
480 825 549 850 nec
574 812 707 850 critico
731 812 884 862 ingenio
920 812 1111 860 valentes,
1146 825 1291 850 summa
1321 813 1441 864 gratia
1463 828 1507 852 ac
1534 814 1608 852 fide

148 881 317 930 viguisse.
339 877 392 916 Ad
412 876 491 913 haec
520 883 584 914 aut
605 876 692 913 talia
717 888 817 926 saepe
837 876 970 913 alludit
993 877 1142 916 Nicetas
1159 877 1344 915 Chouiata
1359 906 1370 926 ,
1386 887 1520 917 auctor
1541 893 1609 918 sae-

147 945 216 983 culi
233 942 320 983 xllt
343 941 566 993 incipientis,
585 953 791 990 versusque
816 940 1003 991 ejusmodi
1019 941 1379 992 complures'asfert,
1399 956 1488 994 pag.
1513 957 1609 992 220,

149 1013 229 1059 289,
248 1009 334 1054 462,
357 1008 445 1053 484,
468 1006 529 1045 ed.
555 1007 689 1054 Bonn„
709 1018 875 1056 quorum
899 1007 1074 1044 nonnulli
1093 1020 1178 1044 cum
1203 1007 1248 1045 iis
1271 1009 1506 1060 conveniunt
1524 1024 1610 1062 quae

147 1073 212 1112 sub
232 1072 366 1109 Leonis
384 1069 606 1120 Philosophi
622 1070 774 1107 nomine
790 1079 952 1110 exstant.
973 1072 1049 1109 Nec
1069 1069 1226 1108 dubium
1243 1071 1376 1109 eodem
1399 1075 1608 1125 respexisse

149 1136 346 1176 Luonieum
363 1132 722 1183 Chalcocondylam,
745 1133 969 1172 historicum
989 1134 1107 1172 multo
1127 1134 1391 1186 posteriorem,
1415 1138 1481 1188 qui
1501 1148 1608 1191 post-
1625 1131 1636 1142 ’

148 1214 251 1252 quam
272 1200 318 1237 de
339 1200 470 1236 ultimo
490 1197 880 1248 Constantinopoleos
898 1198 1049 1237 excidio
1070 1199 1179 1237 linem
1197 1199 1348 1238 dicendi
1369 1201 1470 1250 fecit,
1493 1212 1609 1242 totam
1631 1188 1639 1238 2¹¹¹

148 1267 221 1318 ejus
253 1264 355 1302 urbis
383 1263 579 1302 historiam
607 1261 805 1313 Sibyllinis
836 1264 1024 1302 vaticiniis
1057 1264 1368 1316 comprehensam
1392 1268 1444 1305 ait
1473 1256 1645 1319 fuisses*¹

148 1343 251 1384 atque
265 1331 314 1369 ita
330 1330 546 1381 diligenter,
563 1336 604 1365 ut
620 1327 668 1365 de
685 1340 818 1366 eorum
836 1330 1081 1367 oraculorum
1101 1328 1174 1366 lide
1189 1342 1417 1381 quemquam
1433 1329 1610 1370 dubitare
1647 1335 1650 1371 f

150 1398 298 1435 miretur
312 1396 406 1446 ipse,
421 1393 468 1432 de
487 1392 598 1431 rebus
612 1393 797 1442 Tui-eicis,
817 1393 884 1432 lib.
898 1394 1001 1442 tht,
1021 1406 1057 1444 p.
1074 1395 1167 1442 405,
1187 1393 1246 1432 ed.
1263 1398 1409 1433 Bonu.:
1429 1395 1610 1446 Θαυμάζω
1646 1381 1649 1388 .

150 1461 180 1500 δὲ
198 1462 224 1499 εἰ
251 1459 298 1512 μὴ
315 1458 393 1503 τοὺς
411 1456 590 1511 χρησμοὺς
613 1458 676 1504 τῆς
695 1455 869 1506 Σιὲύλλης
901 1459 964 1498 οὐκ
990 1457 1121 1497 οἴονταί
1145 1473 1233 1502 τινες
1252 1459 1388 1505 ἀληθεῖς
1417 1459 1610 1510 γεγονέναι,

147 1539 253 1578 quum
280 1534 403 1562 tamen
427 1524 549 1562 statim
575 1536 646 1574 pro
676 1521 820 1572 Sibylla
843 1523 1010 1561 Leonem
1040 1523 1317 1573 Philosophum
1339 1524 1428 1561 citet
1454 1523 1610 1576 ejusque

150 1604 253 1641 supra
272 1589 389 1626 dictas
407 1588 674 1639 praedictiones
695 1596 762 1628 :ut
784 1588 895 1638 plane
909 1596 1092 1639 appareat
1109 1587 1145 1626 id
1168 1588 1271 1638 quod
1295 1587 1407 1626 moilo
1428 1588 1606 1640 diximus,

152 1654 279 1692 ultimis
297 1653 419 1692 Graeci
444 1653 594 1704 imperii
618 1652 867 1705 temporibus,
881 1666 998 1704 quum
1017 1652 1111 1690 nihil
1130 1653 1208 1690 fere
1229 1652 1276 1690 de
1293 1652 1457 1704 Sibyllis,
1475 1662 1609 1705 praeter

152 1733 290 1765 nomeu,
311 1719 348 1755 in
366 1717 563 1755 homiuum
587 1719 766 1756 memoria
796 1717 1055 1763 remansisset,
1076 1717 1167 1754 illud
1187 1730 1286 1768 saepe
1305 1731 1443 1756 nomen
1467 1718 1517 1756 ad
1534 1733 1610 1756 cu-

147 1782 290 1834 juslibet
309 1784 459 1834 generis
479 1785 633 1821 oracula
663 1792 802 1822 temere
819 1782 1040 1820 translatum
1060 1781 1184 1820 fuisse.

196 1852 240 1886 At
256 1849 292 1886 in
307 1849 514 1887 Occidente
533 1857 677 1886 certum
700 1858 754 1886 est
771 1847 925 1885 oracula
940 1846 1037 1885 bene
1052 1847 1169 1884 multa
1186 1846 1255 1884 sub
1274 1848 1356 1898 ipso
1374 1848 1606 1899 Sibyllarum

151 1914 290 1951 nomine
317 1914 512 1964 prodiisse.
534 1913 576 1951 ld
595 1923 719 1951 tamen
738 1914 896 1951 sortasse
913 1926 987 1949 non
1004 1921 1092 1950 ante
1109 1912 1266 1949 alteram
1287 1913 1402 1951 medii
1421 1914 1491 1951 aevi
1515 1928 1607 1966 par-

151 1986 230 2016 tem.
249 1979 338 2016 Nam
357 1986 467 2016 antea
487 1978 652 2028 vulgaris
670 1979 752 2029 ipsa
764 1977 959 2015 veneratio
975 1975 1217 2027 Sibyllarum,
1234 1990 1254 2014 e
1276 1977 1457 2015 Lactantii
1479 1987 1517 2016 et
1535 1982 1611 2016 Au-

95 2046 97 2049 '
151 2043 276 2091 gustini
303 2042 454 2093 scriptis
486 2043 522 2079 in
558 2043 708 2079 illorum
740 2049 953 2092 temporum
988 2040 1216 2090 theologiam
1245 2040 1416 2090 invecta,
1449 2041 1610 2080 falsariis

152 2104 330 2154 obstabat;
348 2116 386 2145 et
406 2120 526 2158 usque
544 2106 590 2144 ad
609 2120 752 2144 nonum
778 2106 909 2144 saltem
934 2105 1112 2143 saeculum
1136 2104 1225 2142 satis
1250 2103 1611 2144 videbatur'doctis-

152 2170 238 2208 simo
254 2171 391 2223 cuique
415 2184 546 2222 sparsa
563 2170 665 2222 apud
690 2171 823 2208 Patres
842 2169 982 2207 latinos
1001 2168 1187 2220 Sibyllina
1207 2168 1415 2220 fragmenta
1432 2171 1609 2223 colligere

153 2244 184 2272 et
202 2235 456 2287 interpretari,
488 2235 540 2273 uti
571 2236 711 2273 factum
742 2234 946 2272 ohservare
977 2242 1032 2271 est
1050 2247 1071 2271 a
1096 2232 1261 2284 quodam
1287 2233 1611 2284 Seduli0‚Caroli

153 2299 245 2338 Calvi
268 2301 526 2353 temporibus,
549 2301 586 2339 iu
608 2301 740 2338 codice
759 2299 1022 2350 antiquissimo
1049 2299 1114 2350 qui
1141 2311 1241 2336 nunc
1269 2298 1368 2337 inter
1385 2300 1534 2339 cimelia
1554 2301 1612 2340 bi-

154 2364 338 2404 hliothecae
357 2365 637 2404 armamenturii
658 2364 883 2404 Pan-isicnsis
914 2371 1142 2409 asservatur,
1172 2363 1220 2400 de
1249 2377 1326 2414 quo
1347 2365 1465 2403 multa
1496 2365 1608 2406 'docta

154 2430 463 2478 Montisatconius‚
490 2440 528 2469 et
546 2444 616 2467 nos
637 2428 780 2480 aliquid
800 2430 836 2466 iu
856 2428 1077 2479 praefatione
1093 2427 1140 2465 ad
1163 2436 1255 2466 tom.
1277 2428 1304 2466 1.
1324 2428 1397 2467 Sed
1419 2439 1612 2470 crescente

155 2496 186 2532 iu
205 2496 277 2533 dies
296 2510 379 2533 cum
401 2495 614 2547 ignorantia
637 2494 738 2545 vulgi
758 2493 869 2531 etiam
889 2493 1139 2543 impostorum
1158 2491 1335 2540 audacia,
1355 2501 1456 2532 tanta
1472 2495 1612 2534 deinde

156 2559 377 2599 fatidicarum
407 2561 638 2611 ineptiarum
659 2572 764 2609 seges
782 2558 1010 2605 luxuriavit,
1028 2565 1070 2594 ut
1096 2557 1189 2613 nihil
1214 2557 1349 2595 mirum
1375 2559 1420 2596 sit
1437 2560 1610 2610 quaetlam

154 2624 253 2661 etiam
294 2625 631 2676 pseudo-Sibyllina
663 2633 717 2661 tot
752 2623 833 2661 aliis
863 2621 1070 2660 mendaciis
1104 2621 1271 2659 admixta
1295 2623 1473 2671 crevisse,
1502 2634 1539 2663 et
1563 2625 1612 2664 ab

156 2688 328 2739 imperitis
367 2691 582 2728 homiuibus
613 2704 684 2741 pro
712 2689 815 2728 bona
845 2690 953 2740 fruge
991 2688 1189 2739 decerpta,
1216 2689 1254 2726 in
1293 2688 1609 2730 bibliothecarum

157 2752 293 2793 horreis
312 2757 464 2795 condita
485 2756 715 2794 remansisse.

203 2821 340 2859 llorum
361 2822 646 2860 celeberrimum
667 2829 724 2858 est
744 2821 962 2859 vaticinium
982 2819 1194 2858 venerabili
1211 2819 1323 2858 Bedae
1342 2821 1457 2874 vulgo
1473 2823 1614 2862 ascribi

159 2883 311 2932 solitum,
331 2887 433 2936 quod
456 2887 655 2937 aliquoties
671 2887 770 2937 typis
792 2885 956 2933 editum,
976 2886 1163 2937 integrum
1180 2885 1251 2936 legi
1268 2894 1391 2936 potest
1407 2900 1482 2926 non
1499 2888 1613 2925 modo

276 2960 351 3002 m.
1401 2973 1454 3020 ¹9
