1752 3495
643 227 949 273 EXCURSUS
984 228 1019 271 Ι.
1106 269 1110 273 .
1504 228 1563 273 89

157 338 291 374 Ortum
320 339 375 369 cst
401 326 558 375 Sibyuoe
577 339 730 372 nomen,
756 326 792 362 id
817 335 890 370 est,
914 325 1084 379 mulieris
1107 324 1235 363 diviua
1258 325 1411 363 consilia
1433 325 1566 376 prolo-

101 399 265 451 quentis,
283 397 320 434 in
342 390 484 433 AEotide
502 390 664 441 primum
686 390 848 429 Asiatica
863 419 872 435 ,
894 389 958 426 uhi
975 389 1188 439 antiquitus
1215 382 1394 427 memoria
1421 398 1566 427 servata

102 465 169 501 suit
194 461 276 500 talis
298 457 455 508 alicujus
480 454 645 502 feminae,
666 468 751 505 quae
779 454 815 491 in
840 453 992 491 Troade
1024 446 1124 491 cii-ca
1140 452 1288 491 :urbem
1319 454 1563 492 Men-messum

102 528 191 565 olim
208 524 406 563 vaticinata
421 527 542 564 esset,
562 521 783 556 Mermessia
810 519 965 569 proprie
982 518 1086 556 dicta
1106 531 1171 556 seu
1194 526 1375 568 corrupte
1395 521 1571 568 Marpes-

98 593 178 637 sia,
198 597 465 635 nonnunquam
489 585 678 634 Gergitht'a
693 614 706 633 ,
721 584 777 620 vel
804 584 982 632 plen-gia,
1007 584 1065 620 vel
1087 585 1355 632 Hellespontia,
1377 582 1434 619 vel
1451 583 1563 620 etiam

102 660 260 703 Ttvjatm
286 650 566 704 (distinguenda
598 660 720 687 tamen
751 649 802 687 ab
830 654 1034 697 antiquiore
1067 652 1253 698 Trojana,
1285 661 1399 699 quam
1429 649 1560 699 primis

98 720 348 769 Trojanorum
371 714 483 752 rebus
504 715 719 752 interfuisse
747 714 901 764 qnidam
938 714 1195 764 putaverunt).
1222 713 1312 763 Ejus
1339 713 1564 750 Mon-messiae

100 783 249 833 Sibyllae
269 779 489 817 memoriam
511 778 650 829 Cyclici
672 787 792 829 poetae
812 779 848 815 in
871 791 960 815 suos
980 791 1068 814 usus
1089 785 1382 821 converterunt,
1408 789 1565 827 eamque

101 849 224 885 futura
258 844 478 895 praedixisse
508 844 696 881 linxerunt
726 856 790 880 seu
830 843 973 879 Graecis
1002 843 1157 890 'frojam
1190 841 1473 892 navigantibus,
1501 854 1564 877 seu

99 909 272 960 'l'rojanis
294 908 418 957 sugam
449 920 579 944 eversa
603 907 724 957 patria
748 905 1006 943 molientibus.
1038 905 1128 943 lude
1149 905 1249 943 circa
1275 906 1454 942 saeculnm
1481 912 1568 942 ante

101 972 239 1012 Christi
259 971 399 1008 natales
429 980 605 1007 octavum
640 971 696 1006 vel
718 970 916 1020 septimum
934 999 943 1015 ,
963 969 1177 1006 discurrere
1208 969 1318 1019 coepit
1347 981 1416 1019 per
1443 969 1569 1006 Asiam

103 1039 284 1076 minorem
303 1049 454 1085 carmen
475 1034 683 1086 quoddam,
706 1044 882 1084 tanquam
903 1033 950 1071 ab
973 1035 1030 1070 illa
1048 1033 1194 1083 Sibylla
1215 1034 1413 1084 scriptum,
1436 1033 1571 1084 scepius

104 1112 222 1139 tamen
241 1109 371 1150 postea
392 1100 534 1137 dictum
562 1100 823 1148 Erythraeum:
846 1099 1030 1150 Erythraei
1046 1099 1200 1149 quippe,
1227 1098 1456 1145 commercio
1480 1107 1567 1135 tuuc
1593 1080 1602 1137 i

99 1175 134 1204 et
153 1165 288 1216 opibus
309 1166 345 1201 in
369 1165 432 1202 illo
454 1165 550 1202 Asiae
574 1174 696 1201 tractu
719 1165 990 1215 przevalentes‚
1013 1172 1173 1214 propter
1192 1163 1410 1213 ambiguam
1438 1176 1569 1200 versus
1590 1172 1593 1194 Ι

103 1231 211 1268 unius
240 1229 553 1280 significationem
580 1237 699 1266 totum
726 1241 878 1266 carmen
907 1228 951 1265 ad
980 1241 1019 1266 se
1046 1236 1268 1274 traxerunt,
1293 1228 1490 1278 ipsamque
1509 1227 1570 1265 Si·

100 1294 238 1345 byllatn
263 1293 448 1331 volentem
485 1293 675 1330 nolentem
699 1292 863 1329 civitatis
893 1292 994 1342 apud
1021 1306 1060 1328 se
1079 1291 1167 1342 jure
1190 1291 1448 1338 donaverunt3
1473 1290 1572 1327 unde
1605 1296 1611 1332 '1

99 1360 297 1407 lz'tytltroea
317 1358 443 1396 vocari
463 1367 584 1409 coepta
611 1368 681 1404 est,
704 1357 773 1394 sub
789 1371 912 1408 eoque
936 1357 1088 1395 nomine
1110 1357 1266 1395 Athenis
1284 1365 1319 1394 et
1339 1356 1375 1394 in
1395 1364 1473 1393 tota
1494 1357 1571 1393 sere
1604 1333 1613 1433 ἱ

100 1423 243 1462 Graecia
262 1422 455 1460 inclaruit.

147 1488 233 1535 Sed,
255 1497 295 1525 ut
310 1489 389 1525 [ieri
407 1488 519 1535 solet,
542 1501 718 1526 successu
744 1487 925 1525 invidiam
945 1497 982 1524 et
1001 1487 1280 1525 aemulationem
1301 1495 1470 1538 parante,
1489 1485 1571 1523 atiae

98 1554 234 1592 deinde
261 1553 373 1592 urbes
403 1567 531 1604 parem
562 1553 634 1592 sibi
655 1552 805 1590 laudem
837 1553 1137 1602 affectaverunt,
1165 1553 1280 1590 variis
1300 1552 1374 1590 huc
1406 1552 1570 1590 inductae

99 1619 244 1668 causis,
265 1619 345 1656 sive
371 1618 534 1669 alicujus
554 1618 720 1668 autiquae
749 1618 845 1654 vatis
866 1617 967 1668 apud
999 1631 1038 1655 se
1064 1618 1236 1669 degentis
1266 1619 1468 1665 memoria,
1492 1616 1570 1654 sive

99 1684 254 1721 oraculo
271 1683 352 1734 jam
378 1684 417 1720 in
446 1683 580 1721 iisdem
615 1692 789 1720 exstante
820 1682 913 1720 locis
931 1712 940 1728 ,
971 1683 1049 1720 sive
1076 1682 1268 1733 speluncae
1288 1682 1473 1732 religiosae
1505 1689 1571 1719 aut

102 1746 213 1784 fontis
236 1746 452 1797 prophetici
471 1746 682 1784 vicinitate.

152 1809 245 1847 Inde
258 1809 297 1847 in
313 1810 396 1861 ipsa
415 1810 499 1848 Asia
514 1823 636 1861 graeca
653 1809 805 1860 Sibyllae
817 1819 890 1847 tres
904 1824 923 1846 a
938 1810 1099 1848 diversis
1112 1810 1334 1848 auctoribus
1346 1818 1573 1854 memoratae,

104 1875 342 1923 Colophonia‚
365 1875 508 1921 Samia,
524 1875 679 1912 Jtlmdia.
702 1875 746 1912 Et
761 1873 1041 1924 Colophoniam
1057 1874 1211 1924 quidem
1227 1874 1444 1912 Calchantis
1459 1873 1571 1910 filiam

100 1936 311 1988 lingebant,
341 1951 439 1988 quae,
467 1937 637 1988 Trojano
663 1936 764 1974 bello
789 1938 982 1984 confecta,
1003 1937 1229 1987 Colophona
1259 1951 1326 1974 seu
1347 1937 1508 1974 vicinam
1538 1936 1572 1973 ei

100 2001 191 2038 urbi
206 2002 372 2047 Clarum,
393 2002 579 2052 insignem
602 2002 788 2053 Apollinis
809 2002 982 2048 oraculo,
1006 2015 1045 2039 se
1062 2002 1296 2039 contulisset.
1313 2001 1435 2038 Samia
1458 2000 1572 2051 paulo

99 2065 243 2112 notior;
265 2064 420 2102 videtur
444 2065 568 2112 enim,
589 2064 768 2115 quoniam
795 2064 832 2101 in
855 2064 1021 2114 antiquis
1040 2066 1254 2102 Samiorum
1279 2064 1478 2102 annalibus
1498 2077 1574 2101 me-

100 2129 217 2166 moria
251 2129 332 2179 ejus
360 2129 655 2176 inveniebatur,
693 2142 824 2166 revera
856 2129 991 2165 vixisse
1020 2129 1119 2166 circa
1161 2129 1309 2177 septimi
1342 2129 1419 2166 sere
1447 2128 1572 2166 saeculi

98 2196 222 2233 finem.
244 2196 301 2233 De
318 2195 465 2233 Rhodia
484 2195 577 2232 nihil
598 2203 736 2244 praeter
750 2184 891 2232 *nomen
913 2203 1097 2244 superest.

150 2261 214 2296 llis
240 2259 329 2297 addi
352 2267 476 2310 potest
502 2259 717 2306 sardiana,
738 2259 893 2296 nomine
912 2259 1064 2308 quidem
1091 2259 1136 2294 ad
1171 2258 1329 2308 Lydiam
1360 2257 1569 2308 pertinens,

94 2325 226 2361 Graeca
251 2332 387 2373 tamen,
411 2324 554 2374 quippe
572 2336 657 2374 quae
678 2323 792 2361 Croesi
813 2323 1052 2373 temporibus
1073 2323 1225 2373 Epheso
1250 2322 1388 2361 Sardes
1409 2321 1570 2359 adducta

97 2396 285 2433 narretur,
307 2387 336 2424 si
359 2396 482 2424 tamen
499 2401 518 2423 a
539 2387 664 2425 Samia
687 2386 809 2434 probe
828 2387 1008 2424 distincta
1030 2395 1096 2424 est.
1597 2384 1599 2386 ’

150 2453 204 2490 De
221 2451 445 2496 Athena'ide,
465 2464 548 2501 quae
578 2450 648 2488 sub
670 2452 885 2489 Alexandro
904 2451 1082 2500 Erythris
1096 2452 1294 2489 vaticinari
1315 2452 1569 2502 praesumpsit,

98 2530 118 2553 a
148 2516 375 2566 quibusdam
408 2517 610 2564 Erythroea
639 2518 777 2564 jtme'or
803 2515 1015 2567 appellata,
1046 2529 1168 2566 pauca
1203 2503 1368 2554 diximus
1395 2516 1442 2554 ad
1472 2517 1571 2566 Ery·

98 2580 250 2618 thraeam
274 2580 478 2620 seniorem,

145 2647 254 2681 Delia
273 2643 420 2694 Sibylla
438 2643 542 2681 nulla
563 2643 655 2690 suit;
685 2643 749 2680 sed
782 2643 879 2681 De'lii
898 2644 1062 2693 hymnos
1087 2643 1288 2693 quosdam,
1315 2643 1352 2680 in
1386 2643 1568 2680 honorem

96 2707 228 2753 insulae
248 2722 324 2746 suae
344 2708 594 2758 compositos,
615 2716 789 2757 tanquam
810 2706 1030 2758 Sibyllinos,
1049 2707 1324 2745 monstrabant.

149 2772 189 2808 ln
209 2772 367 2809 (lraeciae
385 2785 476 2808 vero
493 2772 713 2809 continente
726 2772 909 2821 Delplu'ca
927 2772 1090 2825 multum
1108 2771 1298 2817 inclaruit,
1317 2771 1395 2808 sive
1411 2769 1461 2807 ob
1478 2783 1566 2807 ora—

98 2835 172 2872 culi
191 2836 364 2886 Delphici
380 2836 515 2874 samam
529 2866 538 2883 ,
559 2850 624 2874 seu
647 2844 808 2886 propter
823 2836 1064 2886 Erythra-um
1082 2837 1137 2873 vel
1164 2836 1216 2873 sic
1237 2835 1381 2873 dictum
1403 2847 1568 2882 carmen,
1600 2846 1604 2850 “

98 2898 204 2949 cnjus
225 2900 384 2938 exordio
411 2900 545 2938 incolae
575 2900 655 2951 ejus
679 2900 782 2938 urbis
803 2900 1144 2951 compellabnntm:
1179 2901 1296 2937 Nemo
1324 2908 1447 2937 tamen
1471 2897 1568 2935 anti-
