1752 3495
170 231 264 278 226
541 230 622 275 AD
656 229 1004 274 SlBYLt,1NOS
1040 228 1252 274 LIBROS

174 325 274 366 Urbe
289 324 437 363 condita
467 336 541 369 nv,
561 325 719 362 alterum
739 336 840 362 anno
869 336 957 370 ncv,
990 322 1054 374 qui
1083 322 1181 360 tertii
1210 321 1299 360 belli
1330 323 1462 362 Punici
1490 326 1627 376 primus

139 396 147 404 “
172 391 242 429 suit
262 404 272 428 x
290 389 354 428 sed
376 388 499 427 nullos
514 397 623 427 antea
639 387 848 434 definierat,
876 401 920 426 ac
943 400 1065 438 neque
1082 399 1183 424 anno
1202 400 1315 433 nccv,
1336 388 1431 425 ullos
1450 389 1627 439 ejusmodi

171 456 289 493 factos
304 467 326 492 a
340 466 532 504 quoquam
549 462 705 492 auctore
721 452 934 490 didicimus.
957 451 1014 490 Ad
1032 459 1153 489 tantas
1175 451 1289 502 igitur
1310 451 1516 502 explendas
1537 462 1626 494 tem-

172 532 305 570 porum
325 518 491 564 lacunas,
508 517 568 555 alii
590 517 683 554 alios
703 524 912 554 statuerunt
928 529 1060 560 annos»,
1078 516 1208 566 magis,
1228 525 1268 553 ut
1284 515 1462 565 *videtum
1480 530 1626 570 praepo..

167 583 277 620 steris
296 581 440 619 inducti
463 580 675 618 rationibus
694 593 807 631 quam
838 579 1004 617 historiae
1025 579 1280 617 monumentis
1300 580 1411 627 freti,
1433 589 1470 618 et
1492 582 1625 622 Censo-

168 648 297 694 rinus,
318 645 451 697 quide
481 658 524 683 ea
555 645 812 683 controversia
844 644 981 682 multus
1006 653 1081 691 est,
1102 644 1149 682 de
1182 644 1253 682 Die
1279 645 1418 687 natali,
1451 659 1532 697 cap.
1566 662 1624 697 ¹7,

164 713 309 749 incerta
334 710 460 748 omnia
484 722 563 748 esse
593 710 745 756 fatetur,
770 708 1045 747 diversissimas
1074 708 1226 746 tradens
1255 709 1511 758 antiquiorum
1545 725 1623 750 sen-

166 776 311 813 tentins.

218 838 313 876 nlud
335 845 478 876 certum
495 845 552 874 est
569 836 617 875 ab
639 840 808 888 Augusto
823 836 986 883 Caesare,
1003 848 1138 886 magno
1153 845 1354 887 apparatu,
1371 836 1513 888 majore
1524 839 1621 888 sama,

164 910 365 940 renovatos
400 913 479 939 esse
516 901 599 938 illos
634 901 746 938 ludos
783 913 884 938 anno
905 908 991 951 post
1014 899 1155 939 Urbem
1176 901 1366 939 conditam
1394 916 1619 953 mccxxxvii,

164 967 303 1005 Furnio
324 974 361 1003 et
389 965 519 1004 Silano
539 978 652 1012 coss.;
673 965 900 1016 repetitique
922 973 1051 1016 postea
1068 973 1158 1002 sunt
1180 964 1228 1003 ab
1247 965 1326 1016 ejus
1346 968 1620 1009 successoribus

161 1032 339 1079 Claudio,
362 1031 592 1078 Domitiano,
608 1031 764 1082 Severo,
780 1031 974 1082 Philippo,
988 1030 1238 1081 inaequalibus
1259 1040 1383 1070 tamen
1405 1033 1618 1083 intervallis,

161 1110 231 1134 nec
253 1097 434 1147 legitimo,
449 1095 512 1132 sed
535 1095 669 1146 saepius
687 1104 889 1146 antecepto
911 1103 1104 1146 tempore,
1123 1096 1242 1147 magis
1261 1095 1474 1135 oblectandi
1497 1102 1619 1150 populi

160 1175 273 1212 quam
300 1159 494 1211 religionis
513 1160 753 1198 exsolvendae
778 1172 901 1197 causa.
923 1160 979 1197 De.
1001 1158 1076 1207 his,
1098 1169 1274 1198 manente
1295 1172 1617 1203 monumentorum

161 1225 245 1273 lide,
265 1225 388 1262 nullus
402 1224 478 1262 sere
492 1225 762 1262 coutroversiae
783 1224 885 1262 locus
903 1238 912 1261 ε
928 1224 994 1262 sed
1014 1233 1102 1262 aute
1117 1227 1325 1276 Augustum
1347 1227 1474 1265 omnia
1488 1228 1618 1269 incerta

159 1298 195 1327 et
213 1288 442 1340 conjecturIS
464 1301 572 1339 vaga.

208 1353 320 1401 Quod
337 1353 366 1391 si
390 1361 536 1391 nostras
558 1365 712 1404 quoque
739 1352 980 1403 conjecturas
1011 1352 1088 1391 huc
1113 1353 1252 1392 afferre
1272 1354 1386 1403 licet,
1413 1355 1616 1397 notabimus

158 1419 300 1469 primos
319 1418 385 1469 qui
405 1417 542 1455 horum
569 1416 748 1455 ludorum
766 1417 999 1456 mentionem
1022 1417 1153 1456 secisse
1171 1418 1364 1470 videntur,
1383 1420 1532 1459 eosdem
1547 1436 1616 1461 csse

153 1486 217 1536 qui
239 1482 459 1523 Romanam
475 1482 667 1521 historiam
684 1482 954 1530 condiderunt,
969 1496 1152 1535 suppares
1174 1483 1252 1521 sere
1274 1484 1384 1521 tertio
1411 1484 1510 1522 bello
1529 1488 1613 1524 scri-

155 1558 294 1602 ptores,
312 1548 413 1599 apud
431 1547 679 1586 Censorinum
697 1548 883 1596 laudatos,
901 1548 1078 1587 Pisonem
1096 1562 1234 1599 nempe
1257 1549 1521 1601 Calpurnium,
1537 1551 1614 1589 Cas·

153 1615 247 1652 sium
269 1613 480 1659 Heminam,
501 1612 757 1660 Cn.Gellium,
773 1613 981 1664 quiomnes
992 1613 1174 1652 interesse
1190 1622 1398 1665 potuerunt
1415 1616 1511 1654 ludis
1525 1630 1611 1654 anno

152 1692 224 1716 ncv
241 1678 320 1716 sieri
333 1677 473 1729 jussis3
497 1685 583 1729 post
603 1677 689 1715 illos
707 1685 833 1715 autem
850 1678 1041 1716 Valerium
1064 1678 1268 1730 Antiatem,
1289 1679 1356 1730 qui
1372 1679 1526 1718 dimidio
1545 1682 1611 1719 scre

154 1743 291 1781 saeculo
308 1742 439 1793 junior
460 1742 552 1780 suit:
576 1751 741 1780 ceterum
762 1741 882 1780 tribus
899 1751 1045 1780 tantum
1061 1743 1170 1781 annis
1187 1743 1344 1781 differre
1360 1744 1444 1782 illos
1460 1745 1608 1792 interme,

154 1816 192 1846 et
227 1807 307 1846 fieri
347 1806 516 1859 potuisse
546 1807 696 1844 triennii
731 1820 885 1861 moram,
908 1807 1010 1845 inter
1041 1809 1409 1847 senatusconsultum
1446 1818 1483 1847 et
1515 1810 1608 1848 ludos

151 1875 266 1924 ipsos.
299 1872 490 1910 Incertum
510 1886 556 1909 an
584 1872 631 1910 ad
654 1872 748 1910 illud
776 1881 925 1923 tempus
948 1874 1137 1924 pertineat
1166 1874 1346 1912 Varronis
1368 1875 1471 1913 locus
1490 1889 1508 1914 a
1526 1876 1607 1913 Cen-

152 1939 280 1976 sorino
306 1936 481 1975 laudatus
508 1949 518 1976 2
548 1955 563 1971 a
588 1938 714 1984 Quum
751 1938 868 1975 multa
898 1947 1076 1989 portenta
1097 1940 1231 1977 fierent
1253 1948 1291 1977 et
1319 1953 1449 1977 mut-us
1475 1953 1515 1978 ac
1539 1949 1606 1977 tur-

152 2000 168 2038 ἱ
187 2004 240 2042 ris
261 2016 345 2054 quae
370 2010 458 2040 sunt
486 2001 588 2040 intra
614 2011 762 2054 portam
785 2003 969 2041 Collinam
989 2012 1027 2042 et
1052 2004 1287 2058 Esquilinam
1308 2005 1356 2042 de
1387 2006 1478 2043 caelo
1498 2013 1604 2042 essent

109 2109 112 2113 .
153 2089 168 2104 a
190 2078 313 2117 tacta,
343 2076 381 2106 et
412 2067 502 2106 ideo
532 2066 648 2106 libros
668 2067 877 2119 Sibyllinos
910 2069 1019 2109 Xviri
1038 2069 1244 2116 adiissent,
1276 2070 1534 2108 renuntiarunt
1560 2069 1601 2107 uti

153 2151 170 2167 «ι
193 2132 271 2172 Diti
292 2131 392 2182 patri
414 2140 451 2168 et
467 2131 708 2181 Proserpinae
727 2131 809 2170 ludi
823 2133 1023 2171 'ferentini
1043 2133 1084 2171 in
1104 2147 1241 2185 campo
1263 2135 1403 2173 Martio
1424 2136 1558 2181 fici-ent,
1573 2142 1601 2170 et

147 2215 162 2233 ι
186 2196 320 2235 hostiae
351 2197 470 2234 furvae
496 2196 806 2244 immolarentur3
828 2198 957 2249 utique
994 2199 1071 2236 ludi
1101 2199 1310 2238 centesimo
1339 2213 1490 2251 quoque
1517 2211 1599 2236 anno

152 2281 167 2297 ι
189 2262 334 2300 fierent.
351 2278 366 2294 »ι
384 2261 495 2307 Quod
510 2261 540 2298 si
567 2275 668 2299 anno
685 2275 758 2298 ncv
776 2262 805 2300 ii
830 2262 923 2311 ludi,
945 2263 1044 2301 muri
1064 2262 1200 2312 dejecti
1219 2278 1344 2316 causa,
1363 2265 1491 2302 indicti
1512 2271 1598 2309 sunt,

155 2328 309 2366 sortasse
325 2338 401 2363 non
419 2325 523 2377 prius
542 2324 723 2363 celebrati
743 2326 885 2364 fuerint
903 2340 1015 2377 quam
1034 2341 1166 2366 murus
1181 2328 1261 2380 ipse
1280 2339 1496 2380 reparatus:
1513 2328 1597 2373 inde,

151 2391 218 2443 qui
237 2389 351 2429 modo
369 2389 534 2427 triennio
554 2389 784 2428 differebant
798 2399 985 2438 auctores,
1004 2392 1112 2430 facile
1133 2393 1329 2431 conciliari
1352 2402 1512 2445 possunt.
1531 2391 1598 2431 Uti·

151 2470 226 2508 que
244 2468 361 2507 quum
376 2455 498 2492 varro
519 2454 629 2492 ludos
647 2462 725 2492 tum
741 2455 854 2494 fuisse
875 2456 1084 2505 institutos,
1102 2466 1168 2495 aut
1181 2466 1284 2497 certe
1299 2467 1451 2497 senatus
1465 2458 1597 2496 decreto

151 2521 346 2561 saeculares
360 2528 460 2558 tunc
490 2532 570 2558 esse
597 2520 716 2558 factos
731 2550 741 2569 ,
769 2530 899 2572 aperte
922 2522 1158 2573 profiteatur,
1178 2524 1208 2561 si
1224 2524 1298 2562 hoc
1319 2524 1367 2561 ad
1387 2536 1519 2561 annum
1537 2531 1597 2557 ncv

151 2589 210 2626 vel
229 2600 353 2624 ncvm
370 2585 557 2638 pertinet,
579 2594 683 2637 patet
700 2595 788 2625 ante
812 2587 904 2625 illud
933 2596 1081 2639 tempus
1101 2588 1381 2628 celebratorum
1399 2586 1594 2626 :nemerim

152 2651 295 2690 nullam
314 2650 401 2688 satis
420 2648 612 2687 definitam
636 2650 885 2702 superfuisse,
912 2652 963 2689 ita
983 2661 1027 2690 ut
1053 2652 1100 2691 de
1116 2653 1215 2691 ludis
1234 2653 1441 2705 prioribus,
1458 2652 1494 2689 in
1510 2656 1594 2686 tanta

151 2725 346 2754 auctorum
363 2714 550 2752 discordia
571 2714 679 2753 facile
695 2715 906 2762 credamus„
930 2717 1034 2768 quod
1060 2718 1233 2757 Zosimus
1253 2719 1397 2766 innuit,
1423 2724 1593 2765 nunquam

152 2789 238 2819 ante
270 2779 364 2818 illud
399 2787 548 2830 tempus
580 2779 790 2818 celebratos
838 2781 952 2820 fuisse
974 2796 983 2821 ε
1019 2782 1085 2821 sed
1127 2784 1317 2821 Valerium
1352 2782 1529 2822 Antiatem
1563 2783 1594 2812 ct

151 2845 380 2884 recentiores
395 2856 441 2882 ex
464 2843 618 2895 ingenio
642 2853 706 2882 aut
734 2847 978 2897 praeposteris
993 2847 1207 2886 rationibus
1226 2847 1525 2899 supputationem
1544 2855 1592 2878 re-

153 2909 466 2948 fecisseludorum
481 2908 545 2960 qui
559 2909 651 2946 nulli
666 2917 774 2948 antea
793 2910 964 2949 fuissent.
980 2911 1022 2950 ld
1036 2925 1128 2950 vero
1141 2913 1321 2951 maximas
1340 2909 1466 2949 turbas
1480 2904 1592 2949 movit»
