1686 3500
103 237 196 282 442
487 236 562 279 An
597 234 942 280 SIBYLLINOS
977 235 1187 279 LIBROS

104 347 187 371 nem
208 333 422 382 vertimus),
446 334 548 384 Opp.
575 340 610 370 et
630 332 730 370 dieb.
758 345 793 370 v.
817 344 908 382 109,
924 343 1008 380 sqq.
1036 330 1093 368 lbi
1112 330 1213 368 enim
1234 329 1421 381 capienda
1443 339 1499 369 est
1519 331 1566 369 de

64 433 71 442 ,
103 398 227 448 spatio
243 397 423 448 temporis
437 425 447 443 ,
466 396 575 448 plura
592 396 753 434 forsitan
770 395 905 445 saecyula
924 392 1167 441 includente,
1184 393 1288 445 quod
1307 394 1475 431 moribus
1494 394 1565 432 ho-

104 460 246 496 minum
265 467 356 496 tunc
376 458 580 496 viventium
599 467 636 495 et
655 459 762 509 quasi
778 470 873 495 nova
893 456 1040 506 generis
1055 455 1214 493 humani
1228 455 1302 494 vita
1319 457 1565 506 conspicuum

103 524 151 561 sit
167 520 346 574 atque'ab
362 522 442 560 aliis
459 522 677 562 discretum.
695 521 850 559 Videtur
865 519 964 557 enim
987 527 1119 570 poeta,
1140 519 1329 570 sicutjam
1351 520 1567 557 monuimus

103 588 141 624 in
167 587 263 627 Exc.
291 587 349 634 11,
375 600 460 638 pag.
483 587 570 630 108,
593 586 763 637 quinque
788 592 931 621 tantum
959 583 1158 634 agnovisse
1187 578 1386 620 liominum
1414 592 1540 621 aetates
1558 614 1567 631 ‚

102 663 278 700 auream,
300 659 538 702 argenteam,
569 663 725 695 aeream,
744 657 917 699 quartam
938 647 1017 685 sine
1043 648 1182 685 metalli
1202 648 1376 693 nomine,
1396 648 1566 698 quintam

105 715 261 753 ferream
280 728 393 766 quam
414 728 570 753 suorum
594 722 807 765 temporum
828 725 909 750 esse
927 711 1044 761 dixit,
1067 725 1103 749 v.
1134 717 1221 759 174,
1240 724 1322 762 sqq.
1343 725 1350 748 :

258 776 395 824 Μηκέτ’
414 777 520 816 ἔπειτ’
533 777 678 831 ὤφειλον
699 775 767 826 ἐγὼ
783 774 974 826 πέμπτοισι
994 779 1146 826 μετεῖναι

259 841 437 894 Ἀνδράσιν
449 871 460 891 ‚
480 839 556 879 ἀλλ’
575 840 597 886 ἢ
614 838 740 891 πρόσθε
761 841 872 876 θανεῖν
889 837 910 884 ἢ
937 838 1054 876 ἔπειτα
1071 837 1240 889 γενέσθαι.

257 906 330 944 Νῦν
347 905 410 955 μὲν
428 903 493 957 γὰρ
512 904 607 954 γένος
629 903 701 942 ἐστὶ
719 903 874 955 σιδήρεον
889 932 899 949 ,
918 917 949 940 κ.
970 918 1002 940 τ.
1021 904 1058 942 λ.

103 969 280 1008 Ultimam
298 970 395 1007 hanc
410 970 491 1006 fore
507 982 582 1006 non
598 968 716 1013 dixit;
734 968 798 1005 sed
823 969 946 1005 innuit
969 976 1110 1018 tannen,
1126 980 1242 1018 quum
1263 966 1310 1004 de
1323 966 1568 1017 sequentibus

104 1033 269 1071 reticeat.
291 1033 390 1078 Quid
405 1046 496 1083 ergo
512 1031 584 1069 sibi
605 1032 683 1069 vult
700 1031 792 1069 illud
811 1032 1074 1080 novissimum,
1094 1030 1117 1077 ἢ
1134 1030 1252 1068 ἔπειτα
1266 1029 1452 1081 γενέσθαιΡ
1474 1031 1569 1068 Poe·

105 1096 180 1132 tico
206 1108 310 1133 more
341 1095 484 1132 dictum
519 1095 591 1132 lioc
613 1095 893 1139 existimamus,
923 1107 1045 1150 neque
1069 1094 1172 1132 aliud
1211 1094 1422 1145 significare
1453 1107 1567 1144 quam

104 1168 324 1208 praesentem
356 1160 450 1197 lianc
469 1167 638 1196 nostram
666 1158 907 1196 deterrimam
935 1159 1075 1207 videri,
1096 1159 1252 1196 minime
1280 1157 1504 1209 optabilem,
1530 1167 1568 1196 et
1607 1170 1609 1172 ·
1648 1170 1650 1172 ·

103 1235 179 1272 qua
212 1223 342 1274 potior
362 1222 503 1273 quaevis
525 1221 698 1259 habenda
719 1223 778 1259 sit.

154 1287 316 1324 Secutus
336 1287 505 1324 eamdem
527 1287 715 1324 rationem
742 1279 921 1331 Ovidius.
940 1287 1004 1324 sed
1031 1287 1228 1337 aliquanto
1251 1287 1418 1337 parcior,
1448 1299 1567 1336 quum

106 1351 311 1388 llesiodeas
333 1359 462 1388 aetates
487 1351 544 1388 sui
562 1351 659 1402 juris
678 1350 838 1397 faceret,
859 1351 1011 1389 Metam.
1031 1351 1072 1398 1,
1105 1352 1176 1401 89,
1196 1364 1292 1402 sqq„
1325 1358 1412 1402 post
1431 1362 1566 1387 aeream

101 1414 224 1451 statim
254 1414 414 1452 ferream
435 1414 615 1461 adduxit,
635 1414 773 1452 omissa
802 1414 1040 1452 intermedia.
1070 1414 1173 1452 Idem
1204 1423 1346 1462 tamen,
1368 1428 1416 1452 ne
1446 1413 1562 1464 gratis

101 1477 149 1515 ab
168 1479 333 1516 Hesiodo
355 1478 550 1517 discedere
568 1479 765 1517 videretur
778 1510 787 1526 ,
811 1493 882 1517 nec
905 1486 1080 1530 quartam
1099 1491 1261 1517 numero
1275 1508 1286 1526 ,
1308 1492 1376 1517 nec
1395 1479 1568 1530 quintam

104 1543 200 1580 lianc
216 1543 331 1587 dixit,
351 1543 415 1581 sed
438 1544 572 1582 latiore
592 1542 709 1597 verbo
729 1543 925 1592 ultimam,
951 1543 1065 1592 ibid„
1085 1556 1122 1582 v.
1150 1557 1220 1592 ¹27
1245 1556 1254 1583 ε

469 1610 525 1646 De
546 1609 644 1645 duro
664 1616 721 1646 est
742 1609 873 1645 ultima
895 1609 1009 1646 ferro.

152 1672 358 1720 Audacior,
378 1672 469 1709 utin
490 1681 633 1722 satyra,
647 1672 861 1720 Juvenalis,
877 1685 954 1710 rem
970 1673 1215 1723 amplificavit
1227 1701 1237 1720 ,
1250 1671 1430 1719 sat.xlll‚
1447 1684 1482 1710 ν.
1499 1671 1567 1708 28:

256 1736 363 1774 Nona
380 1744 469 1773 aetas
483 1736 622 1788 agitur,
644 1736 853 1788 pejoraque
874 1737 1010 1774 saecnla
1032 1737 1121 1774 ferri

256 1799 525 1851 Temporibus,

153 1863 210 1901 Ad
242 1863 453 1902 Hesiodeos
472 1878 565 1903 vcro
593 1866 758 1903 calculos
780 1866 969 1917 respicere
989 1875 1165 1917 putamus
1186 1866 1298 1903 etiam
1329 1877 1479 1903 versum
1497 1866 1569 1903 Or·
1598 1867 1601 1871 ’

103 1926 256 1977 phicum
281 1928 435 1966 citatum
458 1943 476 1966 a
498 1930 658 1969 Platone
684 1931 721 1968 in
737 1930 888 1968 Phileh.
908 1929 978 1968 sub
1000 1930 1132 1983 finem,
1148 1937 1185 1968 et
1201 1929 1423 1977 Plutarcho,
1438 1938 1464 1968 t.
1481 1929 1566 1974 Vll,

106 2004 194 2042 pag.
219 1991 306 2040 537,
326 1992 387 2032 ed.
410 1992 565 2033 Reisk.:

256 2054 369 2108 Ἔκτῃ
387 2057 416 2096 δ’
439 2059 472 2095 ἐν
491 2063 589 2111 γενεᾷ
607 2057 856 2097 καταπαύσατε
869 2059 998 2108 κόσμον
1016 2049 1143 2106 ἀοιδῆς.

104 2118 286 2157 Ιίυπιάεπι
320 2115 419 2158 enim
450 2122 626 2160 cantibus
652 2136 763 2173 quem
791 2123 934 2161 mundo
961 2124 1071 2161 linem
1095 2131 1198 2161 recte
1218 2122 1424 2175 assignavit
1455 2122 1567 2160 falsus

104 2183 295 2233 Orpbeus,
313 2185 350 2222 id
375 2194 445 2232 est,
464 2195 550 2237 post
572 2187 743 2236 quintam
765 2187 920 2225 Hesiodi
943 2187 1238 2237 generationem.

158 2248 286 2286 Fuisse
318 2258 440 2287 tamen
475 2251 585 2288 aliam
619 2251 720 2302 apud
755 2252 908 2289 Graecos
938 2253 1266 2304 supputationem,
1290 2264 1375 2302 quae
1409 2250 1476 2288 illo
1499 2264 1567 2288 eu-

103 2311 188 2348 dem
219 2313 295 2350 lato
322 2327 432 2351 sensu
454 2313 582 2352 decem
597 2343 607 2361 ,
632 2328 707 2352 non
729 2316 898 2365 quinque
920 2316 1118 2354 hominum
1137 2325 1265 2354 aetates
1286 2315 1568 2360 introduceret,

102 2387 148 2412 ex
167 2388 213 2413 eo
232 2377 357 2427 colligi
380 2387 522 2429 potest,
555 2379 656 2430 quod
681 2379 781 2430 apud
803 2381 976 2418 Servium
998 2380 1135 2431 legitur
1155 2381 1202 2418 ad
1225 2380 1353 2431 Eclog.
1382 2380 1446 2424 IV,
1471 2393 1508 2416 v.
1534 2385 1568 2423 l..

106 2439 218 2478 fnisse
243 2455 394 2479 carmen
422 2442 620 2492 Cumanae,
645 2453 685 2481 ut
710 2444 790 2494 ipse
811 2446 880 2490 ait,
899 2444 1090 2497 (inccrtae,
1112 2454 1152 2483 nt
1172 2444 1283 2482 nobis
1301 2445 1482 2494 videtur),
1507 2443 1568 2482 Si-

102 2501 232 2553 byllae,
258 2518 334 2555 quo
368 2507 496 2544 mundi
525 2509 788 2558 generationes
814 2522 890 2546 non
907 2509 985 2560 jam
1019 2510 1256 2547 metallorum
1277 2510 1508 2560 (quanquam
1532 2507 1567 2544 id

105 2567 185 2615 ipse
207 2580 276 2617 per
300 2583 468 2607 errorem
485 2572 661 2622 scripsit),
678 2572 743 2609 sed
762 2572 920 2610 deorum
945 2572 1165 2610 nominibus
1192 2571 1465 2617 dividerentur,
1486 2570 1569 2621 quis

105 2644 241 2682 nempe
269 2636 370 2671 Deus
399 2637 604 2686 unicuique
625 2638 861 2685 generationi
888 2637 1090 2688 praesidere
1110 2645 1338 2682 censeretur,
1362 2636 1412 2673 ita
1441 2644 1481 2672 ut
1503 2635 1571 2672 de-

105 2696 202 2733 cima
232 2697 417 2747 Apollinis
439 2700 612 2748 praesidio
640 2701 847 2751 gauderet,
871 2701 1046 2738 revoluto
1058 2700 1136 2751 jam
1164 2703 1272 2738 Anno
1294 2702 1431 2750 Magno
1451 2708 1488 2737 et
1509 2713 1570 2736 rc-

106 2770 248 2799 novato
271 2764 496 2801 saeeulorum
518 2765 651 2802 ordine
671 2784 678 2804 :
701 2767 831 2803 consor
850 2767 983 2804 iteruin
1011 2767 1168 2804 Excurs.
1195 2766 1251 2812 ll,
1273 2779 1356 2816 pag.
1384 2779 1468 2812 ¹07,
1489 2777 1568 2814 sqq·

105 2827 167 2864 Sic
194 2827 346 2878 quidem
371 2829 543 2879 Servius-3
574 2839 607 2867 ct
637 2844 717 2868 eam
748 2831 858 2869 fuisse
879 2831 1022 2882 Virgilii
1045 2841 1207 2869 mentem
1231 2831 1266 2867 in
1293 2839 1427 2880 quarta
1444 2830 1567 2877 ecloga

104 2892 269 2929 ostendit
287 2893 332 2930 ad
353 2893 420 2930 hos
440 2907 569 2931 versus
588 2910 595 2931 :
