1686 3500
116 274 209 319 396
529 271 611 316 AD
646 272 992 318 SIBYLLINOS
1025 270 1236 316 LIBROS

111 371 145 409 si
158 379 296 419 cetera,
307 371 376 410 ista
389 383 545 422 quoque
561 384 635 422 pro
651 371 885 423 interpolatis
901 368 1075 408 habenda
1091 369 1176 406 sint.
1189 369 1315 407 Satius
1331 381 1423 420 ergo
1438 369 1588 409 videtur

110 435 238 474 omnia
256 435 423 474 retinere
439 464 450 484 ‚
476 448 599 486 eaque
619 436 800 488 scriptori
820 432 1003 486 primario
1018 433 1225 483 imputare.

162 500 265 539 ldem
282 500 360 539 sere
375 499 451 539 dici
471 509 598 552 potest
617 501 665 539 de
684 499 839 539 secundi
856 497 944 536 libri
961 496 1096 550 plagiis
1108 527 1121 547 ,
1148 510 1193 536 ac
1209 498 1377 548 primum
1395 497 1444 537 de
1461 511 1586 537 nureae

110 563 299 602 felicitatis
313 562 571 616 descriptione
589 577 673 615 quae
692 563 830 615 legitur
847 560 948 600 libro
964 561 1000 599 11
1013 587 1024 605 ‚
1044 574 1082 600 v.
1102 574 1167 609 27,
1186 574 1286 613 sqq„
1302 562 1480 613 quamvis
1499 575 1584 600 ma-

107 643 221 681 gnam
238 639 386 681 partem
403 644 425 668 e
441 630 542 669 libro
558 631 644 670 vlu
665 631 740 668 huc
759 629 885 667 illata:
909 640 1035 678 neque
1054 627 1156 666 enim
1177 636 1339 680 propter
1352 628 1473 679 ipsam
1492 641 1582 666 sen-

109 695 312 732 tentiarum
332 707 377 733 ac
391 708 569 732 versuum
587 682 720 733 seriem
741 692 851 730 facile
870 691 969 730 demi
992 700 1135 742 potest3
1154 701 1193 730 et
1212 706 1330 744 quum
1345 692 1582 731 chiliasmum

105 757 297 809 primaevae
311 757 502 808 Ecclesiae,
517 757 586 796 etsi
603 758 759 795 sortasse
772 755 1082 807 falso,redoleat,
1098 768 1303 808 suppressa
1319 757 1447 808 potius
1465 770 1580 808 quam

105 821 253 872 adjecta
286 821 413 859 suisset
437 821 485 859 ab
515 822 766 872 epitomatore
785 820 904 858 serius
927 819 1099 867 vivente,
1116 834 1240 872 eoque
1256 822 1374 872 magis
1389 822 1490 860 circa
1511 835 1581 860 or·

103 885 328 925 thodoxiam
350 885 527 923 sollicito.

159 951 254 998 Quae
270 957 399 1001 postea
418 948 466 986 de
483 947 604 999 poenis
618 947 824 999 impiorum
847 961 891 986 uc
911 947 961 985 de
981 947 1145 999 praemiis
1166 949 1358 997 justorum
1375 948 1448 987 sub
1464 949 1576 987 finem

104 1015 193 1053 libri
213 1015 407 1065 leguntur,
425 1025 461 1051 v.
479 1012 571 1063 294,
589 1025 685 1064 sqq.;
704 1013 798 1060 314,
817 1026 915 1064 sqq„
934 1020 1023 1051 sunt
1036 1012 1190 1063 quidem
1206 1020 1243 1050 et
1260 1012 1341 1064 ipsa
1364 1013 1477 1064 plagii
1500 1026 1578 1058 rea,

101 1079 246 1131 quippe
274 1078 454 1128 pleraque
483 1091 504 1115 e
534 1076 634 1115 libro
662 1078 746 1116 Vlll
771 1076 988 1128 desumpta3
1015 1076 1170 1114 minime
1191 1085 1316 1115 tamen
1338 1077 1456 1116 recidi
1484 1090 1576 1129 pos-

101 1152 210 1190 sunt,
231 1141 394 1192 ideoque
409 1154 430 1178 a
451 1141 633 1191 primaria
653 1154 765 1179 manu
791 1141 1007 1191 prodierint
1025 1155 1178 1179 necesse
1194 1149 1264 1179 est.
1280 1143 1292 1155 '

148 1206 278 1245 Restat
289 1205 470 1243 insertum
485 1203 776 1254 secundolibro,
792 1218 829 1243 v.
843 1205 905 1251 56,
918 1217 1021 1255 sqq„
1032 1204 1282 1256 fragmentum
1299 1204 1573 1255 Phocylideum

99 1282 273 1308 versuum
298 1281 416 1319 xcux,
436 1267 540 1318 quod
570 1267 659 1319 quia
695 1268 822 1306 multis
850 1278 1067 1319 suspectum
1099 1269 1190 1315 fuit,
1227 1269 1343 1319 idque
1376 1282 1451 1306 non
1475 1282 1575 1308 eon-

96 1332 306 1371 temuendis
320 1332 367 1370 de
387 1331 523 1380 causis,
537 1332 719 1370 attentius
732 1340 789 1371 est
807 1332 1142 1372 considerandum.
1155 1334 1212 1371 De
1222 1346 1300 1384 quo
1316 1341 1440 1371 tamen
1454 1346 1573 1384 quum

89 1397 277 1450 judicium
315 1396 462 1435 nullum
484 1396 597 1435 statui
635 1396 774 1448 possit,
807 1397 879 1435 nisi
905 1397 1102 1449 perpensis
1127 1397 1164 1435 in
1188 1406 1389 1449 utramque
1423 1406 1570 1449 partem

93 1462 356 1516 compluribus
371 1463 627 1515 argumentis,
644 1470 722 1501 tota
736 1462 846 1502 nobis
861 1463 925 1502 illa
938 1463 1221 1515 controversia,
1237 1477 1285 1503 ne
1305 1477 1432 1502 moras
1446 1472 1572 1503 nectat

93 1528 305 1579 longiores,
322 1528 499 1579 proximo
518 1528 644 1579 capite
662 1528 858 1566 tractanda
881 1527 1155 1567 reservabitur.

148 1593 314 1644 Excepta
327 1605 418 1630 vero
431 1591 605 1644 gnomica
622 1593 692 1630 ista
707 1591 1078 1644 digressione(quam
1093 1606 1141 1631 ne
1156 1592 1278 1645 ipsam
1293 1592 1449 1644 quidem
1464 1592 1566 1631 exci-

91 1657 269 1708 piendam
289 1657 403 1696 fuisse
423 1656 752 1708 monstrabimus),
776 1656 937 1697 fidenter
951 1671 1120 1696 asserere
1143 1657 1311 1696 ausimus
1327 1657 1474 1695 nullum
1496 1658 1569 1696 ali-

88 1722 198 1772 cujus
215 1723 395 1761 momenti
420 1722 741 1774 fragmentum'ab
762 1722 894 1775 ignoto
921 1722 990 1761 illo
1022 1722 1271 1761 emendatore
1290 1721 1565 1774 interpolatum

90 1786 216 1826 fuisse.
236 1787 279 1826 Id
298 1788 378 1840 ipse
397 1801 520 1839 neque
537 1788 723 1839 potuisset
742 1801 866 1839 neque
888 1796 1093 1836 tentasset,
1113 1787 1322 1839 praesertim
1348 1787 1379 1825 si
1402 1786 1568 1825 deterio-

86 1851 194 1890 ribus
209 1852 357 1891 saeculis
380 1852 518 1890 vixisse
538 1852 723 1904 fingatur,
741 1861 820 1891 tum
840 1866 960 1904 quum
987 1852 1154 1891 metricae
1186 1851 1241 1890 rei
1260 1851 1467 1890 admodum
1494 1851 1567 1889 im-

87 1917 202 1968 periti
230 1926 341 1956 erant
376 1917 434 1955 vel
462 1919 531 1969 qui
557 1917 765 1956 doctissimi
792 1917 1050 1956 habebantur.
1069 1918 1236 1956 Tantum
1265 1916 1313 1955 ad
1341 1917 1565 1955 nectendam

86 1981 269 2020 orationis
288 1981 424 2020 seriem
439 2011 449 2029 ,
467 1980 533 2020 ubi
558 1982 650 2034 quid
673 1981 835 2021 recisum
864 1990 985 2033 esset,
1012 1995 1130 2021 unum
1147 1990 1186 2020 et
1215 1981 1377 2020 alterum
1405 1981 1566 2020 sortasse

85 2046 316 2085 versiculum
335 2046 522 2094 additum,
539 2047 570 2085 si
587 2047 673 2098 quis
694 2048 810 2093 volet,
829 2046 1120 2094 confitebimur3
1133 2046 1238 2098 quod
1259 2054 1297 2085 et
1314 2059 1402 2085 raro
1423 2047 1562 2084 factum

85 2121 285 2164 putamus,
310 2121 347 2150 et
369 2113 400 2151 si
421 2112 576 2164 quando
598 2112 739 2150 sactum
760 2121 837 2162 est,
859 2112 971 2151 metri
986 2112 1091 2150 vitiis
1111 2100 1338 2164 plerumque
1365 2112 1466 2150 haud
1488 2112 1564 2150 dif-

85 2177 180 2215 ficile
207 2185 453 2228 agnoscetur.
487 2176 563 2218 Ubi
596 2177 821 2215 transitione
853 2177 1027 2229 longiore
1046 2190 1144 2229 opus
1166 2176 1256 2224 suit,
1282 2190 1393 2227 prosa
1423 2178 1563 2217 Noster

84 2242 268 2289 oratione,
288 2242 386 2280 sicut
401 2255 518 2294 supra
540 2242 718 2291 vidimus,
742 2242 798 2280 uti
818 2243 964 2280 maluit.

140 2307 284 2358 ltaque,
301 2308 476 2358 quamvis
496 2307 561 2345 diu
582 2306 885 2345 dubitaverimus
901 2316 1028 2345 utrum
1049 2306 1200 2358 prologi
1217 2308 1350 2345 saltem
1365 2315 1403 2345 et
1418 2307 1559 2359 epilogi

83 2370 222 2408 horum
244 2370 433 2410 librorum
462 2369 510 2409 ab
529 2371 661 2410 eadem
676 2401 686 2418 ,
710 2385 786 2423 qua
810 2372 999 2422 reliquum
1023 2384 1176 2410 carmen
1191 2400 1202 2418 ,
1224 2371 1375 2409 officina
1397 2371 1559 2423 profecti

84 2443 228 2483 essent,
249 2449 350 2473 nunc
368 2437 517 2473 firmata
537 2436 726 2474 sententia
740 2465 751 2484 ,
772 2436 932 2474 intactas
955 2445 1134 2486 putamus
1152 2435 1222 2474 has
1244 2449 1398 2486 quoque
1419 2444 1558 2487 partes.

84 2499 176 2537 Nam
203 2499 402 2538 exordium
425 2500 581 2551 quidem
610 2500 699 2538 libri
727 2500 840 2552 primi
864 2514 1005 2552 quum,
1025 2501 1110 2552 ipso
1133 2501 1407 2539 sententiarum
1433 2514 1561 2547 nexu,

84 2572 162 2601 tum
194 2565 308 2601 etiam
327 2564 366 2601 in
383 2577 494 2602 versu
523 2573 659 2603 octavo
679 2566 925 2616 grammatica
951 2566 1176 2603 necessitate
1197 2579 1284 2603 cuin
1305 2564 1556 2616 sequentibus

79 2629 342 2678 conjungitur.
361 2632 410 2667 At
441 2630 694 2668 exordiumne
721 2630 808 2669 libri
829 2630 985 2668 secundi
1005 2638 1223 2681 suspectum
1245 2631 1364 2681 magis
1383 2631 1556 2680 interpo-

81 2692 234 2730 lationis
247 2693 344 2730 erit?
367 2692 534 2741 Minime,
548 2706 667 2743 quum
683 2694 810 2732 editor
829 2703 894 2732 aut
911 2693 1109 2739 librarius,
1124 2694 1297 2746 quisquis
1321 2695 1408 2742 fuit,
1428 2696 1556 2746 potius

77 2769 99 2795 e
114 2756 266 2794 duobus
285 2755 393 2794 libris
410 2770 526 2794 unum
543 2771 656 2807 quam
672 2771 719 2795 ex
740 2772 816 2796 uno
833 2758 930 2796 duos
943 2759 1095 2797 efficere
1111 2758 1322 2798 tentaverit.
1343 2761 1424 2798 lmo
1441 2759 1552 2797 mira-

77 2835 163 2859 mur
178 2820 378 2858 exordium
399 2821 519 2858 ullum
542 2821 616 2859 hoc
653 2822 738 2859 loco
768 2822 961 2870 relictum,
980 2836 1099 2873 quum
1136 2823 1309 2862 transitio
1330 2823 1550 2862 intercalata

78 2886 268 2925 sufficeret
288 2898 299 2925 ε
319 2883 502 2928 Ὡσαύτως
525 2884 585 2924 καὶ
615 2886 690 2930 τοὺς
707 2886 912 2933 πολυθεῗαν,
933 2902 968 2927 κ.
991 2903 1021 2926 τ.
1039 2887 1075 2925 λ.

132 2949 251 3001 Magis
273 2949 478 3001 suspicioni
493 2949 681 2989 obnoxius
702 2959 758 2989 est
779 2951 891 3001 liujus
908 2951 1064 2990 secundi
1084 2950 1173 2990 libri
1193 2951 1366 3003 epilogus
1379 2981 1389 3000 ‚
1409 2965 1442 2990 v.
1458 2952 1549 2995 340-
