1752 3495
217 326 601 386 APPENDIX
646 327 754 384 AD
796 325 1227 386 EXCURSUM
1271 330 1340 385 11.

223 573 572 625 Fraqm-entorum
595 586 614 614 e
636 570 850 625 Sibyllinis
881 575 1024 626 yroecis
1046 574 1319 615 adductorum

544 643 831 695 interpretatio
851 642 1002 684 latina.

531 828 577 857 Ex
601 828 814 857 ERY'ruRAEO
835 828 940 858 cmm
948 828 983 857 lN
990 829 1020 857 Ε.

192 903 224 939 0
243 899 405 950 Delphi,
425 901 564 951 quibus
584 902 665 952 ipse
683 910 816 952 praeest
830 901 1021 952 jaculator
1037 902 1195 951 Apollo,

196 964 289 1002 Veni
306 964 354 1002 ad
373 978 452 1012 vos,
467 974 629 1004 mentem
643 967 751 1004 Jovis
767 966 984 1016 expositura
1001 967 1165 1016 potentis
1176 996 1185 1012 ,

194 1030 293 1065 Ausa
312 1029 419 1079 gravi
439 1029 520 1067 rixa
541 1029 684 1068 Phoebo
702 1029 932 1067 contendere
952 1029 1068 1067 fratri.

196 1246 468 1261 00000000000

89 1412 203 1449 Vocat
227 1421 352 1451 autem
375 1429 414 1452 se
435 1417 471 1452 in
493 1415 727 1454 carminibus
747 1416 824 1454 suis
850 1429 926 1469 uon
955 1414 1205 1466 Herophilum
1226 1414 1355 1460 modo,
1376 1415 1439 1453 sed
1460 1423 1497 1453 et

43 1477 224 1523 Ανῑειηίη,
249 1486 286 1516 et
308 1480 494 1530 Apollinis
526 1496 564 1519 se
592 1495 773 1530 uxorem,
805 1480 997 1519 interdum
1030 1494 1222 1527 sororem,
1257 1493 1387 1518 rursus
1404 1494 1495 1518 vero

41 1543 145 1580 liliam
165 1542 285 1594 jactat
305 1559 396 1584 esse.

193 1635 466 1648 ···········

182 1671 481 1724 interutrosque
499 1687 640 1725 sequor
658 1675 825 1713 medium
837 1705 848 1722 ‚
866 1675 1065 1726 Divosque
1085 1675 1333 1724 hominesque
1346 1702 1355 1719 ,

186 1736 365 1787 Nympha
385 1737 588 1776 immortali
609 1747 688 1777 sata
711 1739 979 1789 piscivoroque
994 1747 1161 1790 parente.

182 1800 321 1838 ldaeum
341 1815 458 1852 genus
474 1812 529 1841 est
547 1804 699 1853 matrisz,
722 1804 814 1842 mihi
837 1805 961 1856 patria
982 1803 1097 1842 rubra
1117 1811 1174 1841 est

182 1864 396 1914 Marpessus
409 1896 418 1912 ,
442 1867 552 1904 matri
571 1876 717 1905 sacrata
732 1898 743 1915 ‚
765 1869 962 1918 amnisque
981 1868 1188 1906 Aidoneus.

78 1990 222 2042 Sibylla
252 1994 447 2044 Erythraea
469 1995 619 2045 jactans
637 2011 676 2035 se
705 1998 912 2035 ministram
945 1998 1059 2035 fnisse
1084 1996 1284 2047 Apollinis,
1312 1994 1484 2039 diadema

33 2065 185 2103 gestans,
215 2058 349 2095 eodeni
387 2073 546 2110 nempe,
568 2074 646 2111 quo
682 2069 772 2099 suus
792 2063 872 2112 ipse
896 2063 1019 2108 Deus,
1049 2069 1185 2098 ornatu
1201 2089 1211 2107 ,
1230 2069 1267 2097 et
1294 2058 1480 2108 tripodem

33 2129 200 2169 serpente
224 2123 408 2159 intortum
426 2123 611 2162 ambiens.

73 2246 249 2285 Helenam
288 2249 325 2286 in
359 2251 521 2288 oraculis
544 2253 621 2290 suis
648 2253 823 2304 praedixit
853 2253 1055 2291 educatum
1083 2253 1128 2290 iri
1158 2252 1304 2302 Spartae
1323 2251 1360 2288 in
1384 2249 1479 2288 Asiae

27 2358 138 2397 primus
155 2370 267 2395 versus
286 2365 368 2404 apud
395 2367 540 2398 Proetum
563 2367 594 2398 in
615 2369 711 2409 Tim„

26 2413 54 2444 p.
67 2408 133 2447 791,
146 2409 195 2440 ed.
208 2411 386 2452 Schneider,
400 2413 453 2443 sed
470 2415 652 2446 memoriter
668 2415 711 2446 ci·

26 2454 101 2483 tatus
114 2454 143 2485 in
158 2455 242 2488 hunc
252 2459 401 2490 moduni:
418 2462 488 2500 Εἰμὶ
500 2461 526 2492 δ’
536 2461 596 2501 ἐγὼ
612 2463 711 2502 μέσση

25 2508 53 2529 τε
81 2501 152 2532 θεῶν
177 2505 275 2542 μέσση
297 2506 323 2536 τ’
348 2507 525 2547 ἀνθρώπων.
557 2513 600 2541 De
628 2510 711 2549 frag-

26 2549 123 2578 mento
136 2551 242 2582 confer
260 2556 331 2584 Exc.
348 2556 379 2593 1,
395 2563 464 2594 cap.
482 2559 498 2587 2
513 2557 543 2587 et
559 2560 587 2587 3.

59 2593 86 2623 7.
111 2597 259 2635 Erythran
271 2599 328 2639 legi
339 2601 492 2639 jubebant
502 2606 534 2633 tn
543 2602 603 2634 siue
615 2602 710 2642 liujus

23 2643 123 2670 veisus
151 2645 310 2686 Ὲρυοραί,
338 2649 370 2678 et
395 2650 578 2688 sequentem
603 2650 708 2680 totum

21 2682 159 2719 delebant
179 2701 186 2720 :
208 2693 316 2723 confer
328 2697 404 2726 Exc.
423 2698 445 2732 1,
462 2704 530 2735 cap.
546 2700 575 2727 3.

57 2734 84 2762 8.
107 2735 283 2773 Legendum
294 2762 302 2776 ,
318 2741 353 2770 ut
365 2740 516 2780 scriptum
529 2744 603 2773 esta
616 2742 708 2774 nobis

21 2775 206 2827 Rispnnoodz.
244 2785 333 2824 Apud
376 2788 560 2819 Pausaniam
601 2791 706 2820 tamen

21 2820 202 2872 Μαρπησσος
215 2831 342 2862 codices
364 2841 473 2864 omnes
490 2833 619 2874 habent,
635 2835 667 2866 et
680 2835 709 2866 is

21 2868 137 2921 vldetur
155 2883 243 2906 error
266 2876 306 2907 ab
325 2881 452 2910 auctore
471 2879 538 2919 ipso
562 2889 705 2913 manasse

21 2917 110 2948 {anui
131 2921 353 2957 Mm'messum
366 2928 507 2966 (proquo
517 2927 596 2958 male
606 2928 699 2959 codd.

782 2370 1010 2409 Marpessum)
1025 2369 1164 2409 plerique
1179 2366 1370 2405 scribebant,
1385 2365 1478 2405 inque

780 2417 820 2449 iis
844 2421 939 2449 varro
951 2416 1033 2457 apud
1051 2418 1135 2448 Lact.
1149 2414 1262 2447 Confer
1276 2418 1348 2445 Exc.
1364 2416 1388 2453 1,
1399 2420 1429 2445 c.
1446 2416 1471 2445 ³.

822 2469 852 2498 9.
878 2467 920 2495 Ex
930 2464 1072 2495 oratione
1083 2460 1278 2495 Constantini
1289 2459 1327 2491 ad
1338 2461 1477 2498 sanctos,

779 2518 850 2549 cap.
871 2513 917 2541 18.
932 2509 1022 2549 Quod
1039 2510 1064 2540 si
1082 2517 1153 2540 vere
1175 2508 1206 2539 in
1226 2506 1388 2547 Erythra-o
1409 2513 1477 2536 car-

781 2556 866 2588 mine
879 2556 946 2588 lizee
967 2554 1167 2595 legebantur,
1192 2562 1255 2584 non
1278 2552 1381 2584 solum
1403 2559 1476 2591 ergo

780 2605 901 2634 venisse
923 2612 957 2634 se
979 2603 1114 2643 Delphos
1137 2601 1270 2633 canebat
1297 2598 1473 2638 Erytliroeu,

779 2649 833 2681 sed
851 2649 893 2680 ibi
907 2649 1028 2689 Pythiae
1044 2657 1171 2689 qnoque
1187 2655 1317 2679 munere
1332 2646 1471 2676 functam

777 2703 858 2736 esse,
875 2696 958 2736 quod
976 2696 1116 2727 nonnulli
1130 2694 1299 2734 scriptores
1308 2691 1348 2723 de
1369 2693 1475 2722 Manto

778 2750 833 2773 scu
850 2743 992 2782 Daphne,
1012 2741 1236 2780 '1¹iresiaetilia,
1258 2737 1382 2779 sibyllis
1403 2736 1473 2767 ideo

778 2789 858 2820 mule
885 2789 1053 2829 conjuncta
1069 2813 1077 2827 ‚
1110 2787 1320 2820 tradiderunt,
1360 2783 1472 2816 Confer

779 2839 849 2867 Exe.
861 2839 886 2875 1,
903 2844 971 2875 cap.
989 2840 1005 2867 2
1019 2838 1050 2866 et
1067 2840 1096 2868 5.
1445 2874 1451 2880 ·

821 2886 866 2915 to.
888 2886 909 2914 E
923 2882 1076 2913 Pausania
1089 2882 1146 2913 loc.
1164 2880 1219 2912 cit.
1237 2878 1351 2911 Eodem
1372 2884 1468 2915 respi-

778 2931 820 2960 cit
837 2933 935 2960 Varro
955 2929 1037 2968 apud
1060 2932 1144 2960 Lact.
1162 2928 1221 2959 loe.
1237 2927 1290 2958 cit.
