1752 3495
213 209 302 254 ΗΟ
410 252 411 255 ,
596 209 673 252 AD
708 208 1051 255 slBYLLlNOS
1088 207 1293 252 Mimos

419 305 517 358 Ἀρόη
538 305 719 359 ‹plump-fo<
739 307 837 347 ἔσται
858 309 1030 359 εὐδαίμων
1046 306 1162 352 πόλις,

207 368 317 420 cujus
332 369 595 420 antiquitatem
618 370 719 408 baud
741 373 967 410 mediocrem
989 372 1173 415 innuunt,
1204 367 1293 404 hinc
1313 372 1422 403 votus
1442 377 1579 403 nomeu
1599 368 1670 406 Pa-

210 443 353 472 trarum
371 433 478 472 urbis
496 433 614 487 Ἀρόη,
633 436 720 474 inde
735 435 915 489 τρίπυργος
931 436 1160 486 epithetum
1179 431 1243 470 sed
1259 432 1310 469 ita
1328 438 1450 468 tamen
1468 438 1511 467 ut
1526 432 1672 481 tragicis

206 508 245 537 et
264 499 419 536 comicis
443 499 577 537 Atticis
596 501 787 538 recentior
813 500 1009 538 habendus
1033 498 1081 535 sit
1100 497 1162 534 bic
1180 507 1327 542 versus,
1347 508 1368 532 n
1388 493 1527 545 quibus
1543 496 1672 544 praeci·

208 579 283 617 pue
314 566 491 616 vulgatus
522 580 613 604 usus
638 567 702 604 ille
744 566 849 604 metri
880 564 1029 603 iambici
1062 564 1108 601 ad
1136 563 1286 600 diversa
1313 560 1506 598 scribendi
1537 574 1672 610 genera

209 630 366 668 transiit.
391 631 536 668 Ductus
559 631 620 668 hic
636 630 790 681 quidem
812 630 959 667 videtur
982 642 1027 666 ex
1058 628 1187 677 aliquo
1205 633 1379 677 poemate
1403 625 1673 676 geographico,

209 695 278 731 sub
310 695 522 732 Ptolemaeis
552 695 723 746 scripto',
767 695 803 732 in
832 707 907 744 quo
939 692 986 729 de
1015 694 1210 731 patrarum
1242 691 1394 727 fortuna
1427 697 1537 727 vetus
1575 688 1670 727 istud

208 759 384 809 adagium
406 773 475 810 pro
494 759 671 797 vaticinio
691 759 878 809 Sibyllino
900 757 1088 807 prolatum
1110 756 1244 793 fuerat.

262 824 400 861 Verum
436 831 572 874 praeter
603 836 646 860 ca
679 836 760 872 qua:
789 821 945 872 proprio
977 820 1130 858 nomine
1161 819 1326 856 carmina
1365 817 1442 855 dici
1480 826 1674 869 poterant,

211 885 329 922 multa
348 886 483 930 etiam,
504 893 544 922 ut
571 884 754 927 diximus,
771 883 922 921 oracula
943 883 1087 933 singula
1107 883 1266 933 sparsim
1287 882 1326 919 in
1347 882 1480 932 vulgus
1499 889 1673 931 tunquam

210 948 394 998 Sibyllina
424 948 661 995 ferebantur,
693 948 805 985 variis
831 947 1066 996 temporibus
1085 947 1266 992 conficta,
1300 959 1425 996 neque
1461 946 1673 995 antiquiore

213 1022 377 1059 tuntum,
418 1022 457 1050 ut
482 1013 634 1051 Periclis
663 1021 699 1049 et
723 1012 1012 1062 Aristophanis,
1042 1024 1145 1055 aevo,
1180 1010 1245 1048 sed
1265 1010 1376 1047 etium
1399 1008 1674 1047 recentioribus

210 1078 376 1125 saeculis,
396 1091 466 1114 nec
487 1077 586 1127 apud
621 1078 775 1114 Graecos
811 1084 975 1120 tantum,
1001 1075 1066 1112 sed
1093 1076 1151 1113 vel
1181 1075 1342 1112 maxime
1363 1074 1463 1125 apud
1488 1074 1676 1111 Romanos

213 1148 370 1190 propter
386 1139 537 1188 sibyllae
555 1152 630 1176 suae
655 1139 830 1177 Cnmunae
851 1152 914 1175 seu
938 1138 1226 1189 'l'arquiniunae,
1248 1151 1334 1175 cum
1358 1136 1548 1187 Erythraea
1579 1150 1675 1188 saepe

209 1205 399 1250 consusae,
425 1204 586 1251 samam,
618 1216 780 1254 quorum
815 1202 995 1240 nonnulla
1015 1202 1062 1240 ab
1094 1201 1283 1240 historicis
1311 1210 1459 1239 servata
1492 1201 1527 1238 in
1563 1201 1672 1251 hujus

216 1270 400 1320 l·2xcui·.-.ns
434 1270 506 1305 line
539 1268 792 1318 proferentur.
828 1268 879 1304 Ea
908 1266 1047 1304 deinde
1080 1266 1115 1302 in
1146 1266 1386 1303 collectiones
1418 1279 1483 1302 seu
1515 1265 1675 1316 syllogas

210 1333 388 1384 quasdam
421 1341 614 1370 contracta
631 1332 746 1369 fuisse
766 1331 971 1369 verisimile
985 1338 1042 1367 est
1055 1360 1065 1377 ,
1080 1329 1194 1380 idque
1210 1331 1287 1380 jum
1306 1339 1392 1367 ante
1410 1338 1579 1380 tempora
1597 1330 1678 1366 (2ae-

211 1398 305 1435 saris
329 1397 506 1447 Augusti,
537 1397 601 1447 qui
635 1396 903 1447 Sibyllinorum
937 1396 992 1432 vel
1022 1395 1199 1432 similium
1231 1395 1496 1440 oraculorum,
1520 1394 1676 1444 partim,

214 1471 254 1499 nt
281 1463 506 1513 opinamur,
529 1474 758 1512 graecorum,
788 1460 924 1511 partim
966 1460 1166 1496 latinorum
1210 1458 1402 1496 volumina
1425 1457 1516 1506 (imo
1554 1457 1678 1493 verius

213 1523 457 1573 exemplaria)
490 1523 547 1561 bis
582 1523 683 1561 mille
717 1524 873 1561 eremari
910 1522 1041 1571 jussit,
1067 1523 1222 1559 Sueton.
1259 1521 1296 1558 in
1330 1521 1409 1571 ejus
1431 1520 1533 1566 Vita,
1561 1523 1580 1565 5
1619 1521 1677 1558 31.

212 1590 322 1627 Tales
351 1589 534 1639 quasdam
566 1589 726 1640 syllogus
761 1598 898 1639 prcesto
927 1588 1078 1625 videtur
1111 1586 1283 1624 babuisse
1305 1585 1532 1629 Pausanias,
1564 1598 1677 1634 quim]

214 1653 342 1690 onmia
373 1662 500 1690 vatum
532 1653 775 1703 antiquorum
809 1653 980 1697 oracula,
1012 1652 1181 1702 exceptis
1210 1651 1319 1687 nnius
1350 1650 1458 1700 Lyci,
1479 1648 1679 1698 perlegisse

213 1731 252 1755 se
266 1718 485 1765 affirmaret,
505 1718 653 1766 Pboe.§
674 1731 728 1765 12,
750 1726 844 1755 extr.
856 1717 968 1755 Tales
989 1725 1089 1754 certe
1109 1730 1128 1753 a
1147 1729 1186 1754 se
1206 1716 1394 1765 inspectas
1417 1714 1470 1751 ait
1487 1713 1674 1759 Zosimus,

212 1782 277 1819 lib.
299 1783 355 1831 ll,
373 1783 394 1832 §
416 1783 479 1828 36,
498 1780 627 1825 πολλὰς
646 1784 815 1833 χρησμῶν
833 1781 1033 1832 συναγωγάς
1048 1809 1058 1828 ,
1096 1781 1131 1817 ἰιι
1154 1779 1292 1830 quibus
1318 1779 1503 1830 Sibyllina
1525 1790 1675 1828 quoque

211 1846 388 1884 vaticinia
419 1846 589 1896 quaedam
623 1846 779 1884 infuisse
812 1855 981 1890 constat,
1006 1844 1160 1895 quando
1189 1858 1234 1897 ex
1263 1844 1309 1880 iis
1345 1857 1474 1880 versus
1505 1845 1676 1882 nonnulli

211 1911 447 1955 asseruntur,
468 1923 566 1960 quos
584 1910 757 1948 Zosimus
777 1911 832 1948 vel
861 1911 1063 1960 Erythraeae
1085 1909 1141 1946 vel
1179 1909 1380 1958 Epiroticae
1418 1908 1568 1958 Sibyllae
1598 1922 1676 1946 esse

210 1974 384 2012 credidit.
417 1975 533 2012 Mixta
566 1988 656 2012 vero
685 1984 799 2025 atque
829 1976 987 2012 confusa
1021 1974 1148 2010 onmia
1177 1973 1229 2009 ibi
1258 1972 1370 2009 fuisse
1402 1973 1542 2009 fatetur
1576 1973 1676 2024 ipse,

210 2053 327 2090 quum
364 2040 559 2076 oraculum
595 2039 694 2076 istud
723 2040 789 2077 diu
817 2039 1030 2089 quaesitum,
1059 2051 1155 2088 aegre
1188 2046 1376 2087 repertum
1403 2049 1424 2073 a
1449 2051 1487 2073 se
1510 2047 1639 2074 narrat
1667 2054 1674 2076 :

214 2102 399 2146 Πολλὰς...
417 2105 587 2156 χρησμῶν
604 2102 803 2155 συναγωγὰς
818 2102 977 2147 ἐνελίξας,
995 2100 1093 2153 μόλις
1108 2099 1266 2151 ἐνέτυχον
1286 2102 1435 2153 χρησμῷ
1447 2116 1532 2146 τινι,
1544 2117 1576 2140 κ.
1593 2117 1624 2139 τ.
1641 2102 1673 2140 λ.

213 2170 288 2208 Nec
302 2168 504 2206 absurdum
522 2168 636 2205 estad
661 2168 750 2205 tales
765 2168 907 2217 aliquas
922 2165 1395 2215 collectiones-respexisse
1414 2166 1608 2211 Servium,
1627 2166 1674 2203 ita

211 2233 436 2271 scribentem
461 2232 506 2270 ad
533 2233 610 2269 alin.
645 2232 718 2277 ill,
749 2246 781 2268 v.
806 2233 879 2275 [045
908 2245 916 2270 :
945 2249 959 2263 u
985 2231 1083 2267 Sane
1115 2230 1309 2268 sciendum
1340 2229 1466 2267 onmia
1496 2243 1675 2281 responsu

215 2317 230 2331 ιι
257 2298 409 2347 Sibyllae
440 2298 521 2347 plus
543 2297 714 2334 minusve
748 2305 897 2333 centnm
926 2296 1112 2333 contineri
1144 2294 1421 2332 sermonibus.»
1446 2295 1492 2333 Et
1522 2295 1566 2331 :nl
1594 2296 1673 2333 AEn.

216 2363 276 2409 vl,
297 2376 331 2399 v.
353 2364 425 2405 43:
447 2380 459 2393 «ι
492 2362 671 2411 Responsa
689 2361 787 2397 enim
806 2361 961 2410 Sibyllze
978 2361 1013 2396 in
1034 2360 1104 2396 boe
1125 2358 1303 2409 [Virgilii]
1334 2359 1416 2395 loco
1438 2359 1522 2409 plus
1553 2359 1675 2396 minus

214 2446 229 2460 «
260 2435 410 2464 centum
437 2439 653 2462 sermonum
683 2433 782 2462 sunt.
816 2425 1064 2462 luveninntnr
1091 2431 1211 2460 tamen
1243 2423 1426 2473 Apollinis
1454 2422 1576 2474 elogia
1613 2423 1671 2474 [an

212 2511 228 2525 «
261 2492 400 2542 potius,
423 2490 605 2539 Sibyllina
634 2489 771 2540 logiaffi]
802 2499 839 2526 et
861 2489 1176 2539 vigintiquinque
1198 2497 1234 2525 et
1258 2489 1372 2525 trium
1399 2501 1673 2536 sermonum»,

211 2555 276 2594 ubi
297 2568 369 2605 pro
390 2554 529 2591 ultimis
548 2553 675 2590 verbis
695 2553 894 2603 legendum
930 2554 1108 2590 videtur«
1129 2567 1149 2589 c
1170 2560 1206 2589 et
1230 2566 1278 2589 x<
1298 2553 1467 2603 quinque
1483 2553 1542 2590 vel
1559 2553 1673 2590 trium

209 2639 224 2653 «
254 2632 471 2657 sermonum
495 2635 508 2650 »a
523 2647 532 2663 ‚
551 2631 768 2668 quamquam
789 2632 809 2654 e
828 2626 1011 2668 corrupto
1032 2616 1234 2654 :ulmodum
1261 2625 1363 2654 textu
1382 2617 1567 2654 sententia
1591 2631 1676 2654 om·-

210 2685 302 2722 nino
321 2692 421 2720 certu
442 2682 525 2719 erni
546 2682 689 2731 nequit.

263 2748 400 2797 Utique
419 2747 554 2797 quium
585 2754 739 2784 sextove
775 2754 860 2796 post
888 2746 1079 2784 (lbi-istum
1109 2747 1245 2783 saeculo
1279 2746 1369 2783 tales
1401 2745 1674 2795 Sibyllinorum

207 2811 450 2849 collectiones
468 2809 636 2846 nondum
655 2823 806 2860 prorsus
823 2810 1019 2846 bominum
1039 2809 1211 2847 manibus
1226 2810 1408 2846 excidisse
1427 2811 1485 2847 vel
1499 2824 1544 2848 ex
1558 2810 1676 2847 allatis

210 2891 324 2928 supra
349 2876 568 2914 testimoniis
588 2876 675 2913 satis
695 2883 810 2926 patet.
843 2875 938 2921 Sed,
960 2884 1150 2913 crescente
1179 2877 1213 2912 iu
1245 2876 1320 2913 (lies
1343 2889 1450 2913 novae
1484 2876 1676 2926 religionis
