1686 3500
570 182 876 230 EXCURSUS
906 186 982 232 Vl.
1376 197 1384 209 ⁴
1441 189 1530 237 46¹

63 281 194 321 racidae
210 280 371 320 senioris
390 293 512 334 nepos
536 281 574 319 c‘t
596 280 721 320 editor
747 280 895 321 venisse
914 296 953 321 se
981 286 1111 322 narrat
1132 284 1423 334 Alexandriam,
1438 285 1533 326 Pto-

60 349 191 386 lemaeo
207 346 407 398 Physcone
426 353 624 397 regnante,
642 345 752 396 cujus
770 346 951 398 magister
971 347 1044 385 suit
1062 347 1318 388 Aristobulus.
1341 351 1466 389 Avum
1484 351 1536 389 ita

3 459 7 463 ι
61 424 168 451 suum
193 410 414 450 Aristobulo
439 410 624 459 majorem
644 418 736 448 natu
765 410 882 449 facit:
911 410 1022 463 cujus
1042 411 1131 451 ideo
1150 412 1304 452 auditor
1329 415 1444 454 fuisse
1474 415 1537 456 vix

60 477 246 528 potuisset
263 485 417 516 sanctus
432 475 496 513 ille
511 475 591 521 vir,
611 474 761 513 etiamsi
778 474 1016 514 Alexandriae
1031 476 1204 523 vixisset3
1220 488 1364 529 quanto
1388 478 1513 519 minus
1525 510 1536 528 ,

59 542 89 579 si
107 541 145 578 in
164 541 298 580 Judaea
314 541 411 579 vixit
426 553 470 578 ac
486 540 659 590 scripsit,
677 549 719 576 ut
741 539 914 578 videtur!
935 539 1032 579 Nam
1051 554 1095 579 ex
1116 542 1251 580 Judaea
1272 543 1312 580 in
1332 543 1537 595 AEgyptum

58 605 210 643 allatum
243 605 358 644 fuisse
392 603 574 644 Siracidae
602 603 770 651 librum,
791 604 848 642 vel
871 603 958 642 ideo
988 604 1203 656 credimus,
1229 607 1334 659 quod
1361 608 1538 648 hebraice

58 669 225 721 scriptus
244 679 323 721 est,
343 682 420 707 non
439 682 577 721 graece.
594 668 717 706 Totus
737 681 829 719 ergo
844 667 1027 719 judaicus
1047 669 1118 707 suit
1137 669 1261 710 liber:
1282 671 1347 709 sed
1368 672 1406 710 iu
1427 672 1541 724 AEgy·

58 742 125 785 pto
147 734 250 786 cepit
271 734 399 772 editor
418 733 466 772 de
483 747 530 770 eo
549 745 671 784 graece
689 731 872 770 vertendo
892 732 1095 770 consilium
1110 764 1121 781 ,
1139 733 1243 784 quod
1258 765 1268 782 ,
1300 742 1342 772 ut
1361 734 1443 786 ipse
1462 736 1538 785 ait,

58 798 198 837 multos
217 797 271 836 ibi
297 797 392 836 alios
411 796 532 835 libros
559 814 574 830 a
590 809 666 834 non
698 809 826 848 parvae
851 809 977 848 neque
996 797 1286 836 contemnendae
1305 797 1490 838 doctrinae
1504 816 1540 848 n,

58 863 144 915 quia
178 863 358 901 hebraice
382 862 516 914 scripti
545 870 671 899 essent
687 891 698 909 ,
728 861 900 912 ignorari
936 870 1002 899 aut
1031 861 1172 912 negligi
1206 861 1369 903 videret.
1406 863 1541 915 Itaque

58 927 167 978 origo
187 927 275 965 libri
309 925 516 978 repetenda
536 933 592 964 est
618 938 639 964 e
666 924 806 963 scholis
836 925 1192 977 hierosolymitanis
1207 955 1218 974 ,
1239 940 1334 978 quas
1354 927 1448 966 nihil
1470 941 1539 966 un·

57 1005 170 1043 qnam
195 1006 215 1030 a
242 992 372 1043 graecis
392 990 564 1028 sontibus
592 989 761 1028 hausisse
789 1002 907 1041 supra
922 989 1002 1041 jam
1021 991 1184 1042 professi
1211 1004 1342 1030 sumus
1361 993 1472 1044 (lixo.
1493 993 1539 1042 V,

57 1071 139 1109 cap.
155 1059 194 1106 3,
212 1057 287 1098 loc.
304 1056 395 1101 cit.),
415 1067 644 1106 causamque
664 1054 780 1106 hujus
797 1054 852 1092 rei
873 1055 1071 1094 attulimus
1083 1083 1095 1103 ,
1109 1069 1297 1095 summam
1315 1057 1539 1097 „ludaeorum

56 1121 120 1173 qui
137 1120 210 1159 sibi
236 1120 446 1159 orthodoxi
468 1119 724 1167 videbantur,
744 1131 788 1157 ac
812 1119 1018 1170 praesertim
1037 1120 1336 1172 Pharisaeorum,
1357 1121 1541 1176 adversus

57 1186 276 1224 hellenistas
297 1185 497 1225 invidiam.
1019 1190 1040 1229 ’,

110 1252 168 1291 Eo
187 1252 303 1304 igitur
319 1259 502 1303 provecta
521 1258 604 1289 erat
621 1264 688 1289 seu
710 1263 778 1302 per
796 1264 835 1289 se
850 1251 944 1303 ipsa,
967 1265 1032 1290 seu
1059 1251 1187 1303 potius
1208 1266 1229 1291 e
1250 1260 1469 1296 sanctorum
1489 1252 1540 1292 li-

55 1319 211 1357 brorum
231 1317 655 1370 meditatione,juda'1'ca
682 1317 827 1366 schola,
845 1326 885 1355 ut
901 1317 939 1356 in
964 1318 1048 1357 Deo
1065 1318 1269 1370 quamdam
1287 1332 1537 1372 personarum

56 1384 335 1422 distinctionem
355 1384 412 1422 vel
430 1383 676 1436 profiteretur
691 1383 752 1421 vel
769 1392 874 1421 certe
896 1382 1187 1435 introspicerem
1205 1398 1327 1435 eaque
1350 1384 1540 1436 doctrina,

56 1461 132 1500 quo
151 1449 311 1500 propius
332 1447 540 1488 accedebat
564 1447 776 1487 humanum
797 1461 917 1499 genus
932 1447 980 1486 ad
999 1448 1217 1488 christianae
1233 1450 1405 1489 veritatis
1420 1463 1538 1489 auro-

56 1529 137 1554 ram
150 1546 161 1566 ‚
176 1515 295 1566 magis
313 1518 509 1567 magisque
525 1515 564 1553 in
581 1514 662 1554 dies
683 1513 871 1561 enitebat,
891 1514 961 1552 etsi
976 1514 1145 1553 nondum
1164 1515 1277 1566 plena
1295 1516 1404 1554 luce:
1425 1516 1479 1554 ita
1497 1524 1541 1554 ut

55 1580 158 1632 apud
177 1580 351 1631 Moysem
374 1581 498 1618 unitas
513 1581 708 1633 praecipue
725 1579 875 1625 divina,
897 1579 1000 1630 apud
1020 1579 1235 1631 Prophetas
1255 1580 1432 1631 quaedam
1451 1594 1541 1634 per-

55 1659 237 1684 sonarum
256 1645 407 1693 binitas,
427 1645 465 1683 in
487 1645 707 1697 Evangeliis
727 1644 880 1682 demum
902 1645 1015 1696 plena
1031 1645 1200 1683 Trinitas
1217 1654 1417 1698 appareat,
1433 1646 1538 1698 quod

56 1718 184 1761 aperte
200 1709 312 1748 docet
331 1709 574 1761 Epiphanius
591 1709 629 1747 in
645 1709 873 1748 Anchorato
888 1738 898 1758 ,
919 1709 935 1760 §
956 1710 1005 1758 73
1026 1723 1035 1746 :
1059 1707 1193 1757 Θεότης
1210 1709 1246 1748 δὲ
1265 1709 1329 1761 μία
1350 1712 1385 1750 ἐν
1399 1711 1539 1764 Μωῢσῇ

56 1773 211 1824 μάλιστα
226 1773 523 1826 καταγγέλλεται·
546 1773 626 1816 δυὰς
653 1771 690 1811 δὲ
710 1774 745 1811 ἐν
761 1771 954 1826 προφήταις
973 1772 1106 1826 σφόδρα
1133 1772 1368 1826 κηρύσσεται·
1391 1773 1488 1828 τριὰς
1502 1775 1538 1814 δὲ

56 1841 89 1878 ἐν
117 1839 329 1891 εὐαγγελίοις
352 1841 579 1892 φανεροῦται,
609 1840 727 1877 πλεῖον
756 1836 847 1875 κατὰ
874 1836 1014 1890 καιροὺς
1042 1837 1102 1876 καὶ
1122 1835 1239 1889 γενεὰς
1267 1837 1467 1892 ἁρμόζουσα
1487 1841 1539 1893 τῷ

56 1904 178 1957 δικαίῳ
198 1905 246 1948 εἷς
258 1906 386 1956 γνῶσιν
403 1905 464 1942 καὶ
483 1902 617 1942 πίστιν.
1143 1905 1148 1910 ”

107 1969 194 2008 Fuit
212 1982 304 2020 ergo
324 1967 420 2006 illud
440 1981 549 2006 novae
563 1967 749 2006 doctrinae
762 1979 783 2005 a
796 1967 953 2006 Christo
973 1967 1012 2005 in
1032 1975 1153 2006 terras
1172 1967 1287 2007 illatae
1306 1969 1472 2020 primum
1494 1982 1539 2009 ac

57 2033 291 2085 praecipuum
315 2032 478 2084 dogma,
500 2046 579 2083 quo
605 2045 626 2069 a
646 2032 867 2071 pharisaica
894 2032 1024 2070 schola
1053 2041 1339 2079 secerneretur,
1356 2047 1539 2085 persona·
1572 2072 1576 2076 .

56 2112 138 2137 rum
156 2098 372 2137 divinarum
390 2097 568 2136 distincta
587 2097 779 2147 Trinitas;
797 2106 914 2149 atque
931 2096 1008 2135 huc
1023 2096 1201 2135 videlicet
1216 2097 1410 2149 pertinent
1424 2112 1542 2138 evan-

56 2163 240 2214 geliorum
260 2162 358 2210 loci,
379 2163 507 2201 multis
525 2161 800 2200 controversiis
814 2162 965 2212 agitati,
983 2162 1032 2200 de
1046 2158 1284 2214 blasphemia
1300 2163 1338 2200 in
1353 2163 1539 2215 Spiritum

57 2237 229 2267 sanctum
250 2228 399 2266 veniam
420 2241 496 2265 uon
518 2226 699 2265 habitura
713 2257 723 2275 ,
737 2226 874 2266 Matth.
893 2240 982 2278 cap.
1004 2241 1065 2275 η,
1093 2239 1132 2265 ν.
1159 2227 1201 2264 31
1219 2240 1230 2272 3
1249 2226 1369 2267 Marc.
1391 2241 1478 2278 cap.
1502 2229 1538 2276 3,

57 2306 90 2331 v.
105 2307 154 2344 29
167 2325 177 2343 ,
193 2303 265 2333 etc.
279 2293 373 2340 Quae
392 2301 515 2331 tamen
531 2292 709 2331 doctriua
724 2292 822 2330 adeo
841 2305 942 2330 nova
956 2300 1038 2330 erat
1055 2299 1093 2330 et
1105 2291 1273 2343 judaicis
1287 2290 1444 2330 auribus
1462 2301 1538 2331 tam

58 2360 238 2406 insolens,
258 2367 298 2396 ut
315 2372 364 2396 ne
387 2367 473 2410 post
492 2358 684 2396 Christum
712 2357 865 2409 quidem
893 2356 1002 2395 facile
1027 2357 1130 2408 apud
1147 2369 1281 2394 omnes
1297 2357 1538 2408 judaizantes

58 2423 197 2462 diffusa
219 2423 358 2471 suerit;
382 2421 482 2461 unde
512 2436 581 2461 nec
608 2421 711 2473 apud
736 2421 934 2461 Justinum
960 2421 1084 2473 ipsum
1121 2430 1341 2472 martyrem,
1366 2421 1538 2474 aliosque

59 2488 248 2539 primaevae
266 2487 445 2526 Ecclesia:
464 2488 619 2531 Patres,
644 2487 735 2524 satis
764 2494 942 2524 accurate
969 2485 1173 2524 discrimen
1194 2485 1267 2523 hoc
1286 2499 1537 2537 personarum
1572 2527 1577 2532 ,

59 2561 255 2604 servatur,
277 2553 423 2604 quippe
455 2552 556 2590 inter
588 2551 723 2590 Filium
754 2560 792 2590 et
821 2550 1006 2603 Spiritum
1033 2550 1250 2589 haesitantes
1275 2551 1470 2590 interdum
1500 2560 1539 2591 et

59 2618 166 2668 quasi
187 2617 422 2657 vacillantes.
449 2617 555 2663 Quos
577 2615 733 2654 mitibus
754 2614 884 2654 verbis
908 2623 1068 2654 excusat
1095 2615 1375 2665 Hieronymus,
1401 2624 1537 2654 contra

61 2683 235 2722 Rufinum
253 2683 303 2729 11,
321 2685 340 2728 S
365 2695 409 2728 17
429 2695 438 2718 ι
461 2699 476 2716 «ι
495 2684 731 2732 Antequam,
752 2680 897 2732 inquit,
918 2680 957 2717 in
978 2679 1236 2729 Alexandria,
1255 2680 1365 2730 quasi
1385 2680 1535 2719 daemo-

59 2748 193 2786 unium
221 2745 490 2796 meridianum,
509 2747 621 2785 Arius
650 2753 894 2792 nasceretur,
921 2745 1144 2783 innocenter
1160 2743 1332 2795 quaedam
1350 2752 1387 2783 et
1412 2745 1537 2784 miuus

61 2829 75 2846 «
94 2821 202 2851 caute
235 2811 354 2850 locuti
382 2820 481 2849 sunt.
496 2828 511 2845 n
542 2810 647 2850 Idem
681 2820 806 2849 tamen
837 2809 1057 2856 Lactantio,
1091 2817 1225 2860 utpote
1261 2809 1464 2849 recentiori
1498 2818 1537 2849 et

63 2880 226 2931 apertius
243 2878 432 2931 pervicaci
448 2907 457 2927 ,
471 2876 605 2916 durius
619 2875 829 2928 exprobrat
845 2893 859 2908 u
878 2887 1048 2914 errorem
1069 2874 1294 2922 Juda'icum,
1309 2890 1325 2910 ι
1339 2873 1447 2925 epist.
1462 2872 1508 2917 81.
1524 2900 1534 2920 ,
