1752 3495
621 242 931 288 EXCURSUS
966 243 1042 287 IV.
1439 254 1447 264 “
1465 243 1554 288 ¹261

105 361 180 402 «pie
203 357 296 383 vero
317 342 474 381 disserte
491 340 699 379 Cumanam
722 353 743 378 a
768 339 946 378 Chaldaea
971 352 1038 377 scu
1058 339 1279 391 Babylonia,
1303 353 1417 392 quam
1440 340 1574 379 Berosi

107 414 219 453 {iliam
239 410 319 460 ipse
337 407 444 453 facit,
471 405 635 444 absurde
654 418 741 443 sane
760 404 905 455 (confer
924 404 1016 444 Exc.
1036 403 1080 456 ἶ,
1099 417 1185 455 cap.
1206 406 1289 456 ¹5);
1309 405 1356 443 de
1377 404 1568 457 Babylone

109 486 231 516 tamen
247 470 350 523 quod
364 469 476 517 dicit,
499 468 625 507 bausit
646 468 780 519 procul
797 467 916 505 dubio
936 481 957 505 e
970 465 1241 517 Sibyllinorum
1263 467 1361 506 libro
1381 470 1444 518 111,
1460 483 1568 522 sqq.:

312 532 435 573 Ταῦτά
451 547 505 571 τοι
520 531 699 585 Ἀσσυρίης
720 530 926 570 Βαθυλώνια
942 530 1062 582 τείχεα
1081 529 1197 582 μακρὰ

312 596 555 650 Οἷστρομανὴς
575 596 794 648 προλιποῦσα
803 623 920 634 .....

162 665 204 705 2⁰
223 665 305 704 Non
324 662 518 700 dubitasse
537 661 732 700 justinum
750 660 841 711 quin
864 658 1030 710 Sibylla,
1053 660 1123 697 etsi
1155 659 1336 710 profana,
1365 659 1497 699 divino
1514 671 1570 701 ta-

111 743 192 771 men
216 736 280 766 aut
299 726 429 764 saltem
451 737 593 763 arcano
614 725 743 775 aliquo
777 723 958 762 instinctu
975 731 1076 761 mota
1101 723 1319 768 cecinisset,
1339 721 1378 762 ἔκ
1396 738 1488 768 τινος
1509 724 1569 764 δυ-

114 795 209 840 νατῆς
232 789 428 835 ἐπιπνοίας,
450 797 488 828 et
508 802 640 827 rursus
663 788 787 834 infra,
814 786 883 826 ἀπό
902 801 994 830 τινος
1012 787 1158 832 δυνατῆς
1182 784 1378 834 ἐπιπνοίας,
1410 788 1509 825 unde
1535 795 1573 826 et

115 860 205 897 illam
236 855 407 908 proxime
439 853 486 891 ad
511 862 662 892 sanctos
694 852 908 903 Prophetas
940 851 1139 889 accessisse
1166 851 1333 901 putavit,
1361 849 1459 903 ἐγγὺς
1486 845 1574 891 εἶναι

117 926 198 963 δοκεῖ
213 923 273 967 τῆς
297 920 365 958 τῶν
383 920 570 972 προφητῶν
593 916 829 960 διδασκαλίας.
851 915 965 963 Quod
992 916 1030 954 in
1055 924 1177 953 meme
1199 913 1334 953 habuit
1364 915 1440 954 alio
1459 917 1572 954 etiam

116 990 193 1027 loco
210 992 358 1023 sanctus
377 983 501 1030 Pater,
518 995 655 1033 nempe
673 981 835 1031 Apolog.
856 980 885 1027 I,
909 981 930 1030 S
964 985 1028 1026 44,
1059 978 1124 1017 ubi
1145 979 1299 1029 Sibyllae
1321 987 1359 1017 et
1378 981 1574 1032 Hystaspis

115 1061 148 1090 et
161 1051 431 1099 Prophetarum
451 1046 570 1084 libros
602 1046 708 1083 nullo
735 1043 955 1083 discrimine
974 1043 1224 1091 commiscuit,
1249 1042 1310 1087 τὰς
1335 1043 1574 1091 Ὑστάσπουῆ

119 1113 279 1161 Σιὸύλλης
304 1111 327 1159 ἢ
346 1113 415 1150 τῶν
438 1112 624 1164 προφητῶν
649 1109 801 1162 βίὸλους.

164 1176 206 1216 3⁰
227 1177 266 1215 In
285 1176 329 1214 iis
348 1175 468 1222 libris,
487 1188 584 1225 quos
602 1187 672 1225 pro
690 1173 888 1224 Sibyllinis
907 1171 1041 1210 habuit
1058 1172 1246 1219 Jtistiiius,
1267 1175 1461 1210 multatam
1480 1174 1578 1211 male

119 1244 221 1283 fuisse
238 1239 403 1292 gentium
423 1239 732 1290 superstitionem
746 1268 758 1286 ,
784 1237 909 1288 deque
931 1249 1010 1275 uno
1041 1237 1120 1274 Deo
1142 1236 1321 1287 praeclara
1341 1236 1396 1275 ibi
1422 1237 1577 1275 infuisse

121 1304 320 1345 testimonia
339 1317 382 1340 ac
402 1303 449 1340 de
474 1303 658 1340 salsorum
675 1301 874 1338 numinum
895 1301 1075 1347 vanitate,
1089 1299 1247 1352 περὶτῶν
1263 1300 1458 1351 λεγομένων
1479 1303 1579 1349 θεῶν,

121 1373 159 1413 ὡς
176 1369 221 1419 μὴ
245 1367 366 1408 ὄντων.
390 1366 503 1413 Quod
534 1379 670 1417 supra,
690 1365 851 1403 Cobort.
874 1364 896 1415 §
921 1365 983 1411 16,
1001 1363 1122 1401 allatis
1139 1363 1229 1414 ipsis
1256 1363 1430 1402 versibus
1449 1373 1577 1402 osten-

122 1435 237 1474 derat:
263 1445 349 1470 nam
371 1431 553 1470 tredecim
578 1431 655 1468 illic
684 1429 953 1481 proferuntur,
976 1428 1195 1479 fragmentis
1213 1426 1333 1465 tribus
1361 1428 1493 1478 divisi,
1513 1430 1579 1480 qui
1600 1477 1602 1480 Ι

121 1512 237 1538 omnes
259 1497 372 1535 bodie
389 1496 427 1534 in
451 1495 618 1534 editione
635 1503 767 1532 nostra
785 1494 862 1531 suis
881 1492 972 1530 locis
990 1492 1061 1542 legi
1082 1500 1264 1542 possunt:

264 1556 325 1602 ET<
344 1560 432 1604 Θεὸς
445 1589 456 1607 ,
476 1558 513 1604 ὃς
532 1558 634 1610 μόνος
651 1557 758 1607 ἐστίν,
782 1572 819 1596 κ.
834 1572 866 1596 τ.
882 1557 914 1595 λ.
939 1558 1100 1596 Prooem.
1122 1568 1159 1596 v.
1180 1569 1290 1603 7·¹0·

261 1623 385 1675 Ἡμεῖς
403 1624 432 1662 δ’
444 1623 628 1662 ἀθανάτοιο
647 1623 754 1669 Θεοῦ,
770 1637 804 1660 κ.
821 1636 854 1661 τ.
870 1622 903 1660 λ.
924 1620 1009 1659 Lib.
1026 1621 1091 1667 lu,
1112 1633 1149 1658 v.
1172 1626 1358 1668 ναι-734.

263 1687 406 1729 Ὅλῧιοι
421 1688 608 1742 ἅνθρωποι,
628 1702 664 1726 κ.
682 1703 718 1727 τ.
735 1687 772 1726 λ.
797 1685 884 1726 Lib.
901 1685 1017 1733 1v‚v.
1037 1686 1169 1729 24031.

126 1757 205 1803 Quae
229 1768 344 1807 quum
375 1753 568 1792 recitasset
595 1750 748 1790 oracula
767 1750 964 1799 Jusfinus,
987 1757 1028 1787 et
1055 1748 1128 1786 alia
1151 1747 1323 1799 quaedam
1350 1762 1397 1787 ex
1422 1749 1579 1800 Orpheo

127 1820 327 1866 addidisset,
346 1830 478 1857 rursus
500 1816 548 1855 ad
570 1815 755 1867 Sibyllina
770 1814 868 1852 redit
893 1813 1006 1862 infra,
1026 1813 1135 1864 §38,
1157 1812 1216 1850 his
1237 1812 1363 1851 vet-bis
1380 1827 1389 1851 t
1407 1812 1579 1860 Πείσθητι

128 1883 233 1937 Ὀρφεῖ
255 1884 351 1922 ταῦτ’
372 1880 524 1935 εἰρηκότι
545 1879 567 1918 ἃ
584 1880 701 1934 μικρῷ
719 1876 867 1932 πρόσθεν
886 1876 1044 1930 γέγραφα
1056 1906 1068 1928 ‚
1087 1875 1146 1915 καὶ
1165 1880 1235 1920 τοῖς
1259 1876 1408 1924 λοιποῖς,
1432 1875 1491 1915 καὶ
1509 1882 1581 1921 τοῖς

128 1947 162 1987 τὰ
181 1947 260 1987 αὐτὰ
287 1946 365 2002 περὶ
395 1946 468 1990 ἑνὸς
495 1946 589 1985 Θεοῦ
609 1941 799 1997 γεγραφόσι
826 1941 1003 1988 πείσθητε.
1034 1941 1121 1979 lllos
1149 1939 1248 1978 enim
1268 1938 1345 1984 τοὺς
1367 1939 1507 1984 λοιπούς
1531 1941 1579 1979 de

129 2012 252 2064 Sibylla
270 2011 445 2064 inprimis
463 2009 585 2061 accipi
605 2020 758 2047 necesse
778 2015 849 2047 est.

172 2076 208 2122 40
229 2078 301 2116 Nec
318 2089 411 2115 vero
432 2075 479 2113 de
501 2074 644 2112 unitate
660 2080 805 2110 tanturn
831 2070 901 2109 Dei
919 2078 1052 2109 contra
1069 2067 1259 2107 idolorum
1283 2068 1496 2115 salsitatem,
1513 2069 1578 2108 sed

129 2139 168 2180 de
184 2142 325 2180 Christo
347 2141 459 2179 etiam
481 2138 666 2191 praeclara
680 2136 830 2175 inerant
852 2135 899 2172 iis
915 2133 1025 2173 libris
1043 2133 1271 2173 testimonia.
1297 2132 1354 2172 lbi
1373 2134 1487 2181 enim,
1505 2132 1578 2171 do-

130 2215 222 2244 cente
236 2207 316 2258 ipso
330 2204 502 2252 Justino,
521 2211 650 2255 aperte
664 2198 1054 2253 praedicebatSibylla
1072 2197 1281 2237 servatoris
1299 2197 1419 2236 nostri
1434 2197 1580 2236 adven-

131 2277 208 2318 tum,
221 2270 280 2318 τὴν
296 2272 353 2308 τοῦ
371 2270 535 2321 Σωτῆρος
549 2267 650 2318 ἡμῶν
670 2265 788 2312 Ἰησοῦ
802 2264 957 2317 Χριστοῦ
981 2261 1094 2314 ἄφιξιν
1115 2264 1234 2316 σαφῶς
1251 2260 1311 2300 καὶ
1329 2263 1481 2315 φανερῶς
1496 2277 1581 2315 προ·

131 2332 334 2386 αγορεῦουσα,
359 2334 423 2385 qui
445 2345 562 2384 quum
593 2343 684 2370 vere
703 2329 874 2368 divinum
894 2335 993 2366 esset
1012 2325 1198 2372 Verbum,
1216 2328 1275 2364 τοῦ
1302 2325 1393 2365 Θεοῦ
1412 2325 1577 2378 ὑπάρχων

132 2397 241 2449 Λόγος,
269 2398 457 2436 hominem
484 2396 692 2448 suscepisse
717 2392 927 2432 canebatur
944 2390 994 2429 ad
1021 2390 1224 2441 imaginem
1251 2389 1319 2428 Dei
1349 2390 1576 2441 formatum,

132 2460 178 2500 τὸν
192 2464 261 2500 κατ’
277 2462 392 2501 εἰκόνα
409 2462 469 2500 καὶ
487 2460 652 2511 ὁμοίωσιν
671 2459 764 2499 Θεοῦ
781 2455 980 2513 πλασθέντα
997 2453 1181 2493 ἀναλαὸὼν
1197 2454 1395 2507 ἄνθρωπον,
1412 2467 1576 2505 eumque

133 2527 170 2565 ad
183 2542 300 2567 veram
320 2528 539 2579 religionem
556 2538 766 2571 revocasse,
786 2537 806 2561 a
825 2536 902 2574 qua
917 2521 1009 2560 olim
1028 2520 1178 2572 decepti
1199 2533 1222 2558 a
1242 2520 1412 2558 daemone
1433 2530 1577 2559 morta-

133 2589 192 2637 les,
217 2591 413 2646 διδασκαλία
438 2589 612 2643 βασκάνου
641 2587 820 2638 δαίμονος,
850 2586 898 2625 ad
929 2586 1120 2624 idolorum
1147 2584 1291 2622 cultum
1322 2584 1577 2624 deflexissent.

134 2651 236 2691 Porro
254 2654 331 2692 haec
356 2654 483 2693 omnia
500 2652 547 2691 ad
564 2652 835 2703 Sibyllinorum
856 2659 1076 2687 nostrorum
1101 2647 1240 2686 librum
1263 2649 1363 2694 vlu,
1386 2652 1404 2695 S
1422 2661 1459 2695 2,
1487 2662 1576 2700 per-

135 2714 258 2768 tinent,
283 2719 318 2756 in
342 2731 417 2770 quo
442 2716 710 2767 Redemptoris
727 2714 913 2752 adventus
933 2721 1112 2765 gestaque
1136 2711 1185 2750 ab
1206 2724 1252 2750 eo
1275 2713 1311 2749 in
1342 2712 1451 2750 terris
1469 2725 1576 2764 paene

134 2780 240 2818 omnia
259 2788 332 2818 tam
351 2782 451 2820 clare
471 2789 509 2819 et
529 2786 677 2831 aperte,
701 2778 819 2831 σαφῶς
841 2776 899 2814 καὶ
919 2777 1087 2830 φανερῶς,
1109 2775 1369 2827 designantur,
1392 2784 1430 2813 ut
1452 2776 1572 2826 palam

134 2853 197 2880 non
217 2845 408 2883 vaticinari
435 2844 598 2895 Sibylla,
627 2841 692 2881 sed
721 2840 917 2892 evangelia
945 2838 1198 2879 transcribere
1226 2838 1408 2879 videatur.
1437 2839 1574 2878 Confer

134 2905 235 2955 ipsam
251 2909 302 2948 sic
322 2910 555 2960 loquentem,
574 2922 608 2947 v.
630 2907 704 2944 285
724 2914 761 2944 et
782 2906 882 2955 259,
905 2917 989 2955 sqq.
1014 2919 1022 2941 :
