1686 3500
653 221 959 268 EXCURSUS
993 225 1052 269 V.
1501 224 1588 272 431

126 318 290 362 videtur,
305 316 449 357 librarii
469 318 628 367 alicujus
647 317 874 356 recentioris
894 316 1092 357 beneficio.
1108 319 1154 357 ln.
1167 320 1277 358 tertia
1292 332 1369 359 non
1388 327 1476 358 sunt
1491 319 1596 371 apud

126 383 302 423 photium
325 383 441 422 verba
461 383 557 432 haec,
579 383 615 422 ἐν
631 384 682 437 τῷ
696 382 776 436 περὶ
801 382 961 430 θεότητος
988 382 1135 437 βιὸλίῳ,
1162 392 1202 422 ιιι
1229 398 1298 424 nec
1319 385 1357 424 in
1381 394 1538 437 quarta,
1557 377 1598 432 ἧς

123 446 193 491 υἱὸς
209 445 343 498 ἐγένετο
361 447 556 500 Εὔανδρος,
575 462 609 487 κ.
623 462 656 487 Ἰτ.
672 449 722 495 λ.,
739 456 776 486 et
792 446 872 500 περὶ
890 442 932 496 ἧς
946 446 1094 502 ἔγραψεν
1114 446 1384 500 Ἐρατοσθένης,
1407 457 1450 488 ut
1466 462 1536 489 nec
1556 449 1596 488 in

122 521 279 562 octava,
311 515 359 559 ὡς
385 512 535 567 ἔγραψεν
555 511 789 566 Ἡρακλείδης
811 514 829 551 ὁ
858 511 1047 562 Ποντικός,
1077 512 1217 564 quibus
1244 514 1503 565 praetermissis
1529 527 1596 554 re-

121 576 268 614 centior
305 577 479 628 arguitur
513 576 678 616 Photius
701 589 815 627 quam
850 574 1076 616 Scholiasta.
1110 576 1179 615 Hic
1212 589 1304 615 vero
1333 577 1596 617 Eratosthenis

121 639 352 679 mentionem
367 648 455 692 post
469 640 610 679 Italicae
623 639 777 691 Sibyllae
793 652 930 678 nomen
946 639 1072 678 alieno
1091 639 1177 678 loco
1194 639 1350 678 intrusit
1362 668 1373 688 ,
1390 653 1475 691 quae
1494 641 1595 693 apud

121 707 387 756 Anonymum,
414 713 456 744 ut
479 705 583 756 apud
609 705 733 757 ipsum
756 704 995 743 Lactantium
1011 732 1021 752 ,
1046 712 1149 743 recte
1174 703 1223 743 ad
1246 703 1486 754 Erythraeam
1505 717 1595 755 per-

119 770 227 817 tinet.
265 769 409 808 Rursus
438 783 530 822 ergo
561 772 798 821 Anonymum
827 768 1026 807 Lactantio
1058 768 1279 821 propiorem
1314 768 1386 807 hac
1414 769 1456 807 in
1488 778 1596 821 parte

120 834 347 874 invenimus.
370 836 411 873 ln
436 835 593 886 septima
613 835 873 874 Lactantianis
901 833 1104 872 addiderat
1128 834 1207 872 haec
1235 834 1482 884 Anonymus:
1512 835 1596 888 Βιρ-

116 898 225 949 γίλιος
244 898 280 937 δὲ
295 898 358 946 τὴν
382 900 549 951 Κυμαίαν
570 898 749 952 Δηϊφόὸην
767 899 867 937 καλεῖ
884 896 1043 937 Γλαύκου
1062 895 1247 951 θυγατέρα.
1270 897 1431 938 Photius
1449 906 1486 937 et
1504 898 1595 938 Sui·

117 964 183 1002 das
198 993 209 1011 ‚
227 963 400 1016 Βιργίλιος
418 964 453 1002 δὲ
470 967 488 1003 ὁ
519 963 709 1015 Ῥωμαίων
731 962 900 1011 ποιητής,
921 970 1101 1014 tanquam
1120 976 1207 1001 cnm
1234 963 1300 1001 illo
1324 971 1438 1015 poeta
1469 963 1595 1002 minus

118 1028 345 1078 familiares,
362 1036 400 1067 et
424 1027 585 1068 Γλαύκου
612 1027 784 1081 θυγατέρα
802 1028 1007 1074 omittunt,
1027 1027 1132 1079 quod
1152 1028 1291 1067 Noster
1314 1027 1492 1075 minime,
1520 1028 1594 1067 nisi

116 1101 243 1131 cetera
280 1106 458 1144 quoque,
501 1093 549 1132 de
582 1106 652 1132 suo
686 1093 901 1145 adjecisset.
941 1092 1007 1130 His
1044 1091 1223 1131 omnibus
1272 1092 1511 1132 manifestum
1551 1093 1594 1131 fit

118 1155 357 1193 Lactantium
388 1159 592 1207 Anonymo
628 1157 846 1208 praefuisse,
871 1157 998 1208 ipsum
1026 1164 1151 1195 autem
1183 1158 1431 1208 Anonymum
1471 1157 1591 1196 Scho-

117 1219 248 1269 liastae,
268 1220 334 1271 qni
350 1234 483 1260 rursus
501 1221 643 1260 Photio
658 1221 780 1260 facem
800 1220 985 1273 praetulit.

167 1284 271 1324 Idem
292 1294 359 1324 aut
378 1285 500 1325 simile
519 1286 646 1338 colligi
673 1294 799 1337 potest
824 1299 871 1325 ex
890 1286 967 1325 alio
995 1287 1082 1325 loco
1104 1287 1172 1338 qui
1190 1286 1230 1324 in
1252 1288 1326 1326 fine
1356 1287 1593 1339 praefationis

114 1350 267 1402 legitur,
288 1365 364 1389 non
390 1352 469 1403 jam
498 1365 519 1390 e
549 1353 770 1400 Lactantio,
803 1352 870 1390 sed
898 1366 946 1390 ex
971 1352 1124 1391 Justino
1151 1352 1322 1404 Martyre
1346 1352 1592 1404 desumptu33

113 1427 226 1466 quem
248 1415 372 1454 locum
394 1418 502 1469 prius
517 1417 722 1469 Anonymo
741 1431 856 1470 quam
873 1417 1009 1456 ceteris
1030 1417 1144 1457 fuisse
1162 1416 1213 1455 ob
1228 1417 1362 1456 oculos
1378 1425 1418 1455 et
1434 1415 1483 1455 ab
1506 1417 1591 1469 ipso

112 1480 238 1530 primo
260 1482 532 1533 transcriptum
558 1495 640 1521 esse
663 1483 866 1534 intelliget,
886 1482 953 1534 qui
976 1496 1109 1521 rursus
1131 1483 1234 1522 varia
1255 1482 1304 1521 ab
1324 1495 1402 1522 uno
1420 1482 1589 1534 profecta

113 1545 328 1584 testimonia
351 1547 529 1586 conferre
548 1547 729 1586 voluerit.

109 1675 317 1713 Scholiasta
335 1677 504 1714 Platonis
521 1677 576 1714 ad
592 1676 812 1724 Phaedrum,

189 1748 227 1777 et
246 1741 416 1790 Pleotius,
436 1741 626 1791 Ampleil„
649 1742 713 1782 60.

136 1824 138 1828 ·
162 1804 303 1848 Ταύτας
338 1804 375 1843 δέ
411 1820 494 1858 φασι
526 1805 655 1856 [phot.
687 1805 814 1849 ταύτας

109 1869 210 1923 φασί]
237 1871 306 1908 τῶν
346 1872 479 1923 φρενῶν
511 1868 734 1921 ἔξισταμένας
769 1868 813 1908 τὰ

109 1934 281 1986 μέλλοντα
302 1935 536 1988 χρησμῳδεῖν·
557 1936 627 1972 τῶν
647 1935 812 1985 ὑπολαμ-

109 1998 283 2038 ὅανόντων
316 1999 352 2038 δὲ
382 2001 499 2053 γραφῇ
530 1998 607 2044 τοὺς
633 1999 815 2053 χρησμοὺς

107 2065 170 2102 οὐκ
188 2063 339 2116 ἐχόντων
357 2063 480 2118 σοφίαν
507 2063 553 2103 τὰ
577 2063 811 2119 χρησμῳδού-

108 2142 196 2179 μενα
213 2127 357 2183 γράφειν
381 2128 582 2174 ἀπταίστως
597 2157 608 2177 ,
635 2128 749 2173 ἄλλως
773 2144 812 2168 τε

108 2190 142 2231 δὲ
158 2191 218 2231 καὶ
234 2194 284 2246 τῷ
301 2192 402 2245 τάχει
416 2195 478 2240 τῆς
492 2183 598 2248 φορὰς
612 2195 682 2232 τῶν
698 2191 810 2244 λόγων

107 2257 169 2295 οὐκ
196 2256 347 2310 ἐχόντων
371 2255 723 2310 καθυπηρετουμένας
750 2255 811 2301 τὰς

106 2325 239 2374 χεῖρας,
261 2320 439 2372 συμὸἧναι
458 2320 608 2364 πολλοὺς
631 2322 700 2358 τῶν
719 2335 811 2374 χρη-

106 2386 205 2436 σμῶν
222 2386 269 2429 εἷς
287 2383 513 2438 χωλιάμὸους
533 2385 710 2424 διαπεσεῖν
723 2415 733 2434 ,
750 2384 811 2424 καὶ

107 2448 233 2501 μηκέτι
264 2454 381 2501 τυχεῖν
419 2448 648 2500 διορθώσεως,
677 2448 737 2487 ἅτε
767 2448 808 2497 δὴ

105 2514 173 2552 τῶν
192 2514 415 2566 χρησμῳδῶν
430 2512 577 2565 γυναίων
597 2514 631 2551 ἐν
648 2512 810 2552 ἐκστάσει

106 2576 167 2627 μὲν
187 2576 435 2626 καθεστώτων,
454 2575 592 2615 ἐπειδὰν
610 2575 674 2624 τὴν
693 2575 809 2631 ὕπαρ-

105 2639 153 2685 ξιν
168 2639 400 2694 προηγόρευον
419 2642 489 2679 τῶν
510 2639 721 2692 μελλόντων,
743 2655 807 2679 πε-

104 2704 291 2757 παυμένων
311 2704 347 2743 δὲ
365 2708 424 2744 τοῦ
443 2705 716 2758 χρησμολογεῖν,
738 2720 808 2756 μη-

106 2768 225 2819 δαμῶς
257 2768 417 2815 αἴσθησιν
454 2767 604 2820 ἐχόντων
638 2769 727 2820 μήτε
759 2762 807 2808 ὧν

106 2831 235 2884 ἔλεγον,
255 2833 342 2883 μήτε
363 2832 396 2871 τί
420 2831 459 2871 ἂν
488 2833 664 2885 βούλοιντο
684 2833 727 2872 τὰ
746 2849 807 2873 κε-

105 2895 408 2949 χρησμῳδημένα.

1048 1677 1187 1714 Suae'das
1205 1681 1245 1715 ln
1266 1679 1421 1724 Lexe‘co,

1032 1755 1072 1782 ν.
1095 1740 1253 1780 Σίὸυλλα
1271 1741 1445 1781 Χαλδαία.

936 1802 1020 1844 Ὅτι
1054 1803 1090 1843 δὲ
1121 1806 1153 1844 οἱ
1179 1804 1293 1857 στίχοι
1326 1808 1431 1853 αὐτῆς
1457 1806 1590 1851 ἀτελεῖς

884 1866 945 1906 καὶ
962 1867 1107 1921 ἄμετροι
1126 1869 1355 1923 εὑρίσκονται,
1371 1871 1410 1909 οὗ
1425 1872 1487 1918 τῆς
1505 1885 1589 1924 προ·

885 1931 1025 1985 φήτιδός
1046 1934 1138 1972 ἐστιν
1157 1937 1180 1982 ἡ
1197 1934 1308 1983 αἰτία,
1327 1933 1417 1973 ἀλλὰ
1439 1936 1510 1974 τῶν
1527 1949 1590 1974 τα·

883 1997 1072 2052 χυγράφων
1086 1999 1125 2037 οὗ
1141 1998 1419 2051 συμφθασᾶντων
1437 2001 1481 2052 τῇ
1496 1998 1587 2053 ῥύμῃ

882 2065 945 2101 τοῦ
972 2062 1097 2115 λόγου,
1117 2062 1139 2111 ἢ
1164 2063 1225 2102 καὶ
1249 2062 1466 2104 ἀπαιδεύτων
1491 2079 1590 2116 γινο-

885 2126 998 2179 μένων
1035 2128 1095 2167 καὶ
1127 2127 1279 2181 ἀπείρων
1316 2131 1586 2181 γραμματικῆς·

868 2190 959 2243 ,ἅμα
989 2194 1056 2246 γὰρ
1084 2194 1128 2246 τῇ
1157 2191 1319 2246 ἐπιπνοίᾳ
1353 2191 1528 2232 ἐπέπαυτο
1562 2196 1585 2242 ἡ

882 2257 951 2294 τῶν
967 2255 1160 2309 λεχθέντων
1175 2255 1312 2307 μνήμη·
1336 2255 1396 2294 καὶ
1411 2255 1466 2294 διὰ
1484 2260 1586 2296 τοῦτο

883 2315 1097 2373 εὑρίσκονται
1113 2321 1144 2359 οἱ
1163 2318 1278 2372 στίχοι
1292 2320 1422 2363 ἀτελεῖς
1440 2319 1501 2359 καὶ
1516 2320 1587 2360 διοί-

881 2398 957 2423 νοια
981 2383 1170 2429 σκάζουσα·
1195 2382 1263 2423 εἴτε
1285 2385 1361 2422 κατ’
1384 2384 1584 2436 οἰκονομίαν

881 2449 975 2488 Θεοῦ
998 2451 1100 2487 τοῦτο
1121 2447 1280 2499 γέγονεν,
1302 2449 1349 2491 ὡς
1375 2446 1425 2497 μὴ
1455 2448 1586 2499 γιγνώ·

881 2528 1018 2552 σκοιντο
1033 2511 1099 2552 ὑπὸ
1117 2513 1268 2559 πολλῶν,
1287 2528 1323 2551 κ.
1341 2528 1374 2551 τ.
1391 2513 1424 2552 λ.
1441 2512 1495 2552 Οὔ
1514 2512 1584 2565 μὴν

882 2574 971 2615 ἀλλὰ
1003 2575 1063 2615 καὶ
1096 2579 1127 2624 ἡ
1154 2575 1303 2626 ἀσάφεια
1332 2578 1406 2614 τῶν
1429 2576 1495 2615 ὑπὸ
1523 2580 1586 2625 τῆς

880 2638 1088 2694 προφήτιδας
1103 2639 1293 2693 εἰρημένων
1306 2639 1365 2678 καὶ
1383 2638 1423 2678 τὸ
1438 2639 1587 2680 πλεονά-

880 2719 934 2747 κις
959 2703 1042 2748 ἴσως
1071 2706 1323 2758 ἀντιγραφῆναι
1355 2703 1396 2743 τὸ
1429 2704 1584 2756 βιὸλίον,

881 2768 976 2807 οὐδὲν
1000 2768 1198 2819 θαυμαστὸν
1223 2768 1252 2806 εἰ
1277 2766 1443 2820 σύγχυσιν
1467 2770 1526 2816 τῆς
1543 2760 1591 2808 τι·

881 2832 1032 2876 διανοίας
1053 2833 1112 2872 καὶ
1140 2835 1208 2872 τῶν
1228 2831 1362 2884 μέτρων
1385 2831 1583 2885 ἐμπεποιή-

880 2912 999 2936 κεσαν.
