1752 3495
218 179 235 222 ¹
247 177 307 221 76
593 177 676 223 AD
709 178 1061 223 SIBYLLINOS
1094 177 1303 222 LlBROS

212 275 348 314 Aunal.
367 274 464 324 v1,§
492 287 535 312 ια
552 286 562 313 :
579 290 595 307 ι
608 274 720 320 Quod
742 288 763 313 a
781 274 990 326 majoribus
1008 287 1163 326 quoque
1179 273 1372 312 decretum
1387 284 1466 313 erat
1482 288 1564 328 post
1578 294 1666 322 exu-

211 357 228 374 ι
245 347 344 376 stum
370 338 500 378 sociali
525 337 626 376 bello
646 338 899 390 Capitolium,
926 339 1093 390 quaesitis
1120 339 1258 387 Samo,
1285 338 1365 385 llio,
1385 339 1579 392 Erythris,
1606 361 1666 397 per

210 421 225 437 a
243 403 406 442 Africam
435 402 549 441 etiam
567 416 610 441 ac
633 403 797 441 Siciliam
817 411 855 440 et
883 403 1032 441 Italicas
1059 402 1228 439 colonias
1256 402 1486 442 carminibus
1513 407 1663 460 Sibylloe‚

209 484 226 500 ι
246 479 321 504 una
354 479 420 504 seu
448 466 576 518 plures
611 466 776 512 suerint,
805 467 969 516 datoque
1000 463 1263 503 sacerdotibus
1289 465 1464 518 negotio,
1493 481 1663 519 quantum

209 548 225 565 ι
245 530 413 568 humana
432 543 506 581 ope
527 531 762 582 potuissent,
784 543 872 567 veru
893 530 1121 568 discernere.
1141 546 1156 561 ν»

241 594 305 643 δΗί
334 603 423 632 sunt
442 595 559 646 igitur
583 595 764 646 praecipui
788 594 836 632 de
854 607 896 632 ea
928 606 970 631 re
991 602 1118 642 testes,
1144 594 1265 645 Varro
1292 602 1329 631 et
1349 595 1551 636 Fenestella
1571 604 1661 652 apud
1717 616 1721 621 ’

212 660 471 708 lactantium,
503 660 682 698 Tiberius
714 660 815 711 apud
845 659 1042 706 Tacitum,
1071 672 1237 710 quorum
1270 659 1387 698 verba
1420 669 1663 713 comparanda

210 739 313 763 nunc
328 734 364 763 et
383 726 566 764 attentius
584 725 823 763 discutienda
846 733 946 762 sunt.

262 789 424 841 Legatos
446 790 512 841 qui
541 789 725 827 librorum
752 788 1105 839 conquirendorum
1142 801 1256 826 causa
1283 788 1386 826 missi
1414 790 1542 839 suere,
1573 796 1662 835 solug

210 855 417 893 Fenestella
435 854 618 901 nominat,
635 855 674 891 1¹.
694 852 924 901 Gabinium,
943 853 996 892 M.
1016 853 1240 902 Otacilium,
1261 853 1303 892 L.
1321 854 1531 902 Valerium,
1545 871 1661 900 omnes

208 919 359 970 ignotos
375 948 385 965 ,
404 918 469 956 sed
486 918 588 955 haud
609 916 726 955 dubie
743 931 764 955 e
782 915 1105 968 quindecimviris,
1119 931 1197 956 non
1218 918 1339 956 solum
1361 920 1464 969 quod
1485 922 1564 960 talis
1583 938 1661 965 cum

188 1026 189 1029 Ἰ
208 984 255 1022 ad
275 983 366 1021 illud
385 982 659 1033 amplissimum
681 982 883 1034 collegium
905 983 1101 1033 praecipuo
1122 991 1158 1020 et
1181 983 1289 1033 quasi
1310 984 1563 1036 propriojum
1583 1001 1661 1038 per-

211 1048 377 1095 tinebat,
399 1046 464 1084 scd
485 1045 588 1096 quod
617 1046 698 1084 haec
725 1046 764 1084 in
795 1060 839 1085 eo
860 1047 945 1084 loco
963 1048 1103 1098 scripta
1128 1055 1218 1085 sunt
1242 1061 1262 1084 a
1284 1047 1493 1086 Fenestella
1508 1051 1568 1096 ,in
1583 1066 1660 1104 quo,

206 1121 300 1151 teste
319 1112 535 1158 Lactantio,
555 1111 603 1149 de
624 1111 938 1163 quindecimviris
962 1112 1158 1164 agebatur.

252 1180 305 1220 At
328 1177 427 1215 enim
448 1185 654 1229 excerptor
671 1177 887 1214 Fenestellae
907 1177 1150 1226 Lactantius,
1173 1177 1306 1215 missos
1329 1178 1472 1229 legatos
1495 1179 1660 1232 Erythras

205 1250 350 1280 tantum
386 1242 570 1281 meminit,
616 1241 873 1279 Nihilominus
908 1242 1071 1279 Varroni
1098 1242 1353 1292 eredendum,
1391 1243 1566 1282 disertius
1593 1255 1659 1286 tra-

201 1307 307 1346 denti
335 1307 516 1345 collectos
533 1305 652 1343 libros
675 1323 690 1339 <t
708 1320 756 1343 ex
776 1305 954 1344 omnibus
986 1307 1204 1344 civitatibus
1229 1315 1266 1344 et
1289 1308 1429 1345 Italicis
1454 1317 1491 1346 et
1519 1311 1656 1359 Graecis,

202 1390 218 1405 ι
236 1372 505 1424 praecipueque
519 1370 722 1421 Erythris»
737 1399 747 1418 ,
766 1371 975 1421 praesertim
997 1384 1115 1422 quum
1137 1380 1175 1408 et
1202 1371 1412 1422 Dion-ysius
1440 1376 1657 1423 consentiat,

202 1444 240 1475 et
258 1437 414 1475 Tacitus
434 1437 472 1473 in
490 1435 639 1474 Tiberii
659 1435 833 1486 epistola.
855 1435 1011 1474 Tacitus
1040 1437 1151 1474 etiam
1177 1437 1402 1474 nominatim
1423 1439 1596 1487 quat-sitos
1615 1442 1658 1479 ait

201 1519 218 1535 «ι
234 1502 372 1553 Samo,
390 1501 485 1547 llio,
509 1500 709 1551 Erythris,
732 1514 800 1552 per
820 1501 988 1540 Africam
1008 1502 1120 1539 etiam
1142 1509 1180 1540 et
1196 1501 1363 1540 Siciliam
1381 1510 1419 1539 et
1435 1503 1578 1541 Italicas
1598 1519 1657 1543 co-

202 1567 398 1605 «lonias.»
434 1568 519 1604 tiaec
545 1575 669 1604 autem
701 1580 720 1603 e
753 1566 924 1604 Varrone
957 1566 1159 1618 desumpta
1187 1580 1234 1604 eo
1250 1567 1387 1605 certius
1415 1576 1548 1618 putes,
1566 1570 1655 1620 quod
1679 1580 1683 1585 ·

201 1646 288 1671 cum
308 1631 389 1683 ejus
408 1630 640 1682 Sibyllarum
671 1631 846 1682 catalogo
869 1632 1016 1682 (confer
1046 1633 1136 1670 Exc.
1162 1633 1198 1682 l)
1227 1633 1339 1683 plane
1358 1633 1605 1680 conveniunt,
1623 1635 1654 1673 in

201 1711 278 1749 quo
302 1710 376 1735 non
401 1697 543 1733 ultimae
576 1705 821 1734 recensentur
850 1697 999 1743 Samia,
1017 1697 1236 1735 Mermessia
1256 1697 1335 1735 sive
1355 1697 1543 1748 'si-ojana,
1565 1699 1654 1751 Ery-

201 1762 341 1806 thraea‚
363 1760 504 1811 Libyca
519 1790 529 1808 ,
551 1759 735 1798 Cumana.
766 1761 907 1799 ltalicae
938 1761 1097 1799 coloniae
1121 1761 1260 1800 additae
1280 1771 1368 1800 sunt
1392 1772 1547 1814 propter
1570 1765 1652 1801 solas

197 1830 347 1874 Cumas,
359 1826 539 1877 quoniam
556 1826 588 1864 is
605 1827 759 1864 Graecus
778 1826 1047 1866 ltaliaetractus
1061 1824 1250 1865 Romanas
1267 1836 1467 1878 acceperat
1483 1827 1650 1877 colonias,

197 1893 405 1946 praesertim
424 1893 459 1930 in
478 1891 777 1944 ipsaCumarum
799 1893 954 1938 vicinia,
978 1893 1044 1931 ubi
1061 1894 1194 1932 Graeca
1208 1893 1312 1939 urbs,
1328 1895 1572 1941 Dicaearclfia,
1591 1909 1651 1933 co-

196 1959 294 1997 lonis
314 1957 491 2009 acceptis,
506 1958 755 1997 Puteolorum
768 1971 906 1996 nomen
922 1958 1058 2006 induit,
1073 1960 1157 1998 Liv.
1175 1960 1370 2010 xxxiv,§
1387 1960 1456 2008 45,
1473 1969 1508 1997 et
1522 1961 1610 2000 vell.
1626 1962 1650 2006 1,

197 2024 219 2074 §
246 2024 308 2064 15.
331 2023 456 2063 Sicilia
481 2036 573 2060 vero
594 2022 671 2061 huc
697 2022 844 2061 accedit
875 2033 1035 2075 propter
1073 2024 1210 2063 Siculae
1241 2024 1398 2076 Sibyllae
1429 2039 1582 2072 nomen,
1611 2025 1650 2062 de

193 2100 268 2138 qua
287 2100 356 2124 nos
377 2086 415 2124 in
436 2086 530 2125 Exc.
546 2087 575 2133 1,
591 2099 672 2137 cap.
691 2099 706 2122 1
719 2100 748 2126 1.
764 2086 910 2138 Nempe
928 2086 1157 2142 ubicumque
1173 2086 1330 2138 Sibyllae
1350 2088 1510 2140 alicujus
1525 2101 1649 2126 memo-

193 2154 249 2190 ria
266 2159 451 2199 exstaret,
474 2151 525 2189 ibi
547 2151 642 2202 jussi
663 2160 752 2189 sunt
772 2151 883 2203 legati
905 2152 952 2191 de
980 2152 1178 2203 Sibyllinis
1206 2153 1440 2191 carminibus
1461 2154 1648 2204 inquirere.

245 2216 319 2255 Sed
336 2217 465 2255 Cumis
484 2216 638 2267 quidem
659 2217 752 2255 nihil
773 2218 930 2268 reperiri
947 2218 1090 2269 potuit,
1113 2218 1404 2266 confitentibus,
1424 2220 1476 2256 uti
1493 2220 1567 2270 jam
1582 2232 1651 2255 mo·

196 2288 359 2334 nuimus,
372 2287 463 2338 ipsis
478 2286 660 2325 Cumanis
677 2301 685 2324 ε
701 2289 871 2340 χρησμῶν
883 2287 919 2325 δὲ
934 2290 964 2325 οἱ
981 2289 1135 2339 Κυμαῖοι
1151 2291 1212 2335 τ’ἧς
1225 2289 1386 2340 γυναικὸς
1401 2288 1527 2336 ταύτης
1543 2287 1648 2326 οὐδένα

196 2346 287 2404 εἶχον
309 2351 564 2399 ἐπιδείξασθαι,
581 2353 744 2390 Pausan.
765 2353 838 2389 loe.
862 2365 963 2403 saepe
977 2353 1041 2390 cit.
1061 2354 1137 2392 Nec
1158 2354 1244 2404 plus
1259 2354 1438 2392 videlicet
1457 2355 1492 2391 in
1510 2353 1647 2398 Sicilia,

197 2415 261 2454 ubi
281 2415 328 2454 de
344 2416 488 2467 Sibylla
507 2416 601 2454 nihil
625 2426 763 2468 praeter
777 2430 913 2455 nomen
933 2425 970 2454 et
989 2418 1225 2468 sepulcrum,
1247 2419 1402 2457 fortasse
1419 2432 1594 2462 vacuum,
1614 2417 1646 2454 in

193 2489 305 2518 antro
321 2481 486 2532 quodam
500 2490 764 2528 monstratum,
780 2482 1014 2533 superfuisse
1033 2481 1215 2533 diximus,
1229 2484 1320 2522 Exc.
1334 2484 1363 2529 1,
1379 2497 1461 2534 cap.
1479 2498 1520 2520 11.
1539 2482 1647 2520 Multo

191 2546 304 2582 etiam
327 2546 451 2583 minus
471 2546 508 2582 in
528 2546 680 2596 Africa3
700 2559 786 2583 nam
809 2546 862 2583 ibi
885 2560 930 2595 ne
962 2547 1036 2583 ulla
1064 2547 1221 2597 quidem
1257 2548 1415 2586 traditio
1440 2548 1486 2585 de
1516 2546 1647 2596 Sibylla

190 2609 414 2647 constabat:
430 2609 561 2647 confer
575 2610 662 2647 Exc.
679 2610 711 2655 l,
725 2623 807 2660 cap.
826 2623 884 2647 12.
897 2611 1134 2660 l'raecipuum
1153 2625 1246 2663 ergo
1261 2613 1410 2650 itineris
1428 2613 1586 2649 fructum
1603 2610 1648 2646 le-

189 2674 265 2725 gati
280 2677 379 2712 unde
394 2675 800 2725 reportat-unt?Samo,
814 2675 887 2711 nisi
904 2675 1082 2723 fallimur,
1095 2684 1131 2713 et
1153 2677 1347 2727 Erythri53
1363 2679 1475 2717 Samo
1494 2675 1647 2726 quidem,

187 2738 293 2788 quod
326 2739 380 2777 ibi
402 2738 554 2790 publice
576 2737 870 2776 asservabantur
886 2739 1017 2777 Samiae
1036 2739 1192 2791 Sibyllae
1208 2743 1363 2779 oracula
1377 2771 1386 2789 ‚
1403 2741 1457 2779 uti
1482 2740 1646 2784 diximus,

187 2802 278 2841 Exc.
296 2803 325 2854 1,
342 2816 426 2855 cap.
448 2809 491 2849 43
515 2802 688 2853 Erythris
704 2815 796 2840 vero
817 2812 975 2854 propter
1001 2804 1188 2855 insignem
1218 2807 1503 2856 Erythraeorum
1524 2802 1648 2840 carmi-

189 2881 278 2905 num
301 2868 453 2915 samam,
473 2867 520 2905 dc·
544 2881 618 2918 qua
642 2880 710 2905 uos
730 2867 823 2912 ibid.
846 2882 930 2919 rap.
957 2882 976 2905 α
1000 2878 1035 2907 ct
1056 2871 1090 2910 3.
1108 2871 1199 2908 Nam
1221 2871 1277 2909 llii
1293 2872 1466 2921 quidem,
1486 2870 1519 2906 id
1539 2876 1602 2910 est,
1617 2867 1645 2902 iu
