1752 3495
553 177 853 244 Exeusssus
886 198 962 243 ιιι.
1122 187 1124 189 ’
1381 228 1389 238 ,
1419 199 1506 244 187

62 300 208 345 tenebris
237 298 314 336 suis
334 294 509 343 involuti,
536 295 658 334 donec
681 309 818 349 urgens
838 295 995 347 aliquod
1017 289 1179 347 ptiblicae
1194 296 1388 349 religionis
1409 298 1511 348 peri-

60 370 169 410 culum
189 363 314 401 denuo
338 359 424 397 illos
442 360 634 399 excitaret.
1314 397 1316 401 ,

101 427 203 478 Quod
223 434 310 464 ante
330 437 482 461 eversos
501 425 659 475 gentiles
685 425 785 463 Deos
807 424 961 462 ultimus
990 431 1153 462 tentasse
1181 423 1322 462 dicitur
1349 426 1509 464 Maxen-

61 501 133 544 tius,
155 504 285 545 (pium,
313 488 423 526 hoste
437 488 668 527 adventante
684 489 936 527 Constantino
951 517 960 533 ,
981 488 1110 526 Romae
1132 489 1214 540 ipse
1235 483 1506 546 moeni‘bus'in-

61 564 185 606 clusus,
205 567 305 593 anuo
323 561 409 604 post
426 553 619 592 Clu-istum
644 556 731 601 312,
750 553 796 590 ad
820 553 1026 591 firmandos
1045 566 1200 591 suorum
1221 555 1368 591 animos
1386 553 1511 605 Sibyl-

62 629 120 666 lina
143 619 283 661 consuli
300 617 456 671 juberet
473 618 564 664 fata,
593 619 734 657 Zosim.
757 618 822 657 lib.
849 619 904 666 II,
939 619 961 669 ξ
994 620 1068 659 26:
1098 617 1285 663 Μαξέντιος
1305 617 1354 666 δὲ,
1382 620 1508 658 ἐναπο-

61 689 175 731 χλείσας
202 682 343 732 ἑαυτὸν,
361 688 433 726 τοῖς
449 685 534 725 Θεοῖς
554 684 661 734 ἱερεῖα
680 682 918 734 προσήγαγε...
942 681 1000 720 καὶ
1025 683 1067 721 τὰ
1090 683 1266 729 Σιῧύλλης
1282 684 1484 736 διηρευνᾶτο
1499 697 1509 711 ··

61 754 106 794 mi
122 768 150 789 τι
169 749 332 802 Οέσφατον
362 745 492 800 εὑρών,
512 763 544 787 κ.
572 762 601 785 τ.
625 748 658 785 λ.
673 748 747 786 Sed
769 748 934 794 frustra;
957 761 1042 785 nam
1073 748 1153 799 ipse
1182 761 1268 785 mox
1291 748 1463 799 desertus
1485 762 1508 787 a

62 819 118 855 ‹liis
145 813 234 862 suis,
269 810 429 857 occidit,
480 819 559 848 eta
587 824 661 860 qua
693 811 833 848 frustra
864 810 1050 849 auxilium
1081 819 1325 863 speraverat,
1350 811 1508 863 religio-

62 895 128 920 nem
148 890 325 929 paganam
357 889 486 914 secum
514 877 642 916 traxit.
779 926 783 930 ἡ

99 942 355 983 Constantinus
383 949 527 988 tamen,
557 940 880 991 quemadmodum
901 941 1037 979 ceteris
1057 940 1254 992 gentilium
1275 941 1414 988 sacris,
1432 954 1507 993 pu-

62 1010 144 1048 blica:
160 1005 371 1044 concordiae
391 1018 523 1052 causa,
546 1017 704 1056 parcere
724 1006 826 1043 visus
847 1014 922 1054 est,
945 1006 998 1043 ita
1019 1005 1137 1043 libros
1155 1004 1362 1055 Sibyllinos
1382 1005 1421 1043 in
1440 1019 1506 1043 sua

62 1074 129 1113 sede
155 1070 331 1108 obscuros
356 1079 393 1107 et
409 1070 594 1120 ignobiles
622 1084 791 1109 marcere
811 1071 914 1111 sivit.
946 1071 1068 1109 Semel
1101 1079 1230 1121 postca
1264 1070 1507 1121 paganismus

62 1141 192 1176 lacertos·
209 1134 326 1172 movit
340 1133 412 1172 sub
431 1134 586 1173 Juliano
600 1134 853 1185 imperatore3
876 1133 985 1185 cujus
1006 1135 1201 1181 mandato,
1225 1148 1343 1185 quum
1364 1134 1504 1173 bellum

63 1203 214 1240 adversus
230 1200 366 1238 Persas
395 1199 618 1249 moliretur,
645 1208 879 1250 postremum
903 1200 998 1237 aditi
1033 1198 1134 1245 libri,
1164 1207 1256 1237 teste
1284 1200 1504 1247 Ammiano,

64 1266 111 1304 lib.
139 1265 268 1311 xxm,
295 1264 395 1310 init„
429 1263 625 1302 discedere
653 1278 740 1302 eum
765 1263 814 1302 ab
833 1264 983 1315 imperii
1006 1263 1144 1302 linibus
1167 1272 1386 1312 vetuerunt,
1421 1273 1506 1302 tan-

63 1343 148 1381 quam
178 1328 247 1365 sibi
278 1328 533 1368 consulentes,
571 1332 698 1379 Atque
729 1342 793 1366 cos
822 1329 936 1366 etiam
968 1339 1044 1366 tum
1067 1329 1105 1365 in
1136 1328 1297 1367 Palatini
1319 1329 1506 1380 Apollinis

63 1394 190 1445 templo,
214 1391 275 1430 ubi
294 1392 458 1443 depositi
478 1392 527 1430 ab
547 1396 717 1444 Augusto
739 1393 907 1440 fuerant,
924 1402 1135 1431 asservatos
1158 1393 1361 1441 mansisse,
1391 1393 1505 1432 docet

63 1458 136 1495 idem
165 1456 399 1503 Ammianus,
427 1456 527 1494 libro
547 1458 704 1504 eodem,
725 1458 854 1509 templi
873 1449 975 1495 illius‘
989 1457 1209 1495 incendium
1237 1458 1289 1494 ita
1306 1457 1502 1495 reserens:
1531 1460 1534 1464 ’

62 1522 202 1560 diadem
231 1531 342 1559 nocte
380 1522 545 1559 Palatini
579 1523 767 1573 Apollinis·
798 1523 1003 1573 templum,
1045 1523 1309 1573 praefecturam
1351 1531 1504 1573 regente

62 1588 301 1638 «Aproniano,
319 1587 356 1623 in
376 1586 479 1625 Urbe
496 1587 745 1638 conflagravit
763 1595 922 1634 aeterna3
952 1587 1037 1636 ubi,
1063 1588 1099 1625 ni
1124 1587 1322 1638 multiplex
1342 1586 1502 1637 juvisset

62 1670 72 1684 a
89 1651 260 1698 :uixiliuim
284 1652 396 1688 etIam
415 1652 582 1690 Cumana
602 1653 769 1690 carmina
784 1661 1071 1703 consumpserat
1094 1652 1314 1703 magnitudo
1331 1653 1503 1690 flamma-

63 1734 73 1748 «
89 1729 190 1753 rum.»
212 1716 353 1754 Iterum
376 1729 466 1767 ergo
485 1715 663 1767 idemque
687 1718 901 1768 periculum
939 1708 1174 1769 effugerunt,
1191 1730 1237 1756 ex
1265 1730 1343 1768 quo
1365 1717 1502 1769 integri

61 1789 226 1817 evaserant
250 1780 470 1819 Neroniano
502 1781 702 1829 inccndio,
725 1795 842 1832 quum
872 1782 1056 1820 l‘alatium
1071 1812 1081 1829 ,
1100 1782 1137 1819 id
1159 1790 1228 1829 est,
1250 1782 1409 1820 Caesaris
1438 1783 1502 1819 do-

62 1857 134 1890 mus,
165 1845 222 1881 sed
257 1845 432 1891 sortasse,
459 1845 641 1883 reticente
668 1846 825 1892 Tacito,
858 1860 932 1883 non
954 1847 1079 1896 ipsum
1115 1847 1278 1884 Palatini
1312 1847 1501 1897 Apollinis·

63 1909 214 1960 templum
234 1919 390 1949 arserat.

99 1975 182 2020 Quid
199 1988 288 2012 vero
304 1985 394 2022 tum,
411 1975 555 2014 Juliani
573 1974 826 2026 temporibus,
844 1974 1051 2027 absumpto
1074 1976 1228 2026 templo,
1246 1976 1294 2014 dc
1315 1975 1500 2013 librorum

61 2053 132 2076 cura
152 2049 294 2077 cautum
318 2040 445 2089 suerit,
461 2055 481 2078 a
503 2040 653 2078 nemine
681 2030 893 2078 didicimus.
917 2039 1064 2089 Conjici
1085 2048 1210 2077 tamen
1235 2048 1340 2078 certo
1361 2048 1500 2090 potest,

61 2102 116 2139 sub
136 2104 295 2155 principe
317 2113 488 2143 veterum
511 2118 707 2143 sacrorum
725 2105 1030 2155 diligentissimo,
1049 2104 1202 2155 dignam
1224 2104 1297 2142 illis
1315 2103 1441 2142 sedem
1462 2104 1499 2142 in

61 2167 159 2217 aliqua
177 2169 330 2207 deorum
349 2171 428 2208 aede
448 2179 484 2208 et
503 2170 674 2208 fortassis
695 2170 732 2207 in
752 2171 837 2220 ipso
861 2178 1015 2208 senatus
1046 2170 1241 2207 domicilio
1261 2183 1342 2207 esse
1366 2170 1500 2221 quiesi-

62 2239 129 2270 tani.
143 2235 209 2272 Nec
219 2235 381 2273 defuisse
395 2236 742 2286 quindecimvirum
761 2234 989 2286 custodiam,
1007 2235 1118 2273 etiam
1136 2235 1294 2286 postilla
1313 2244 1498 2286 tempora,
1545 2242 1547 2245 '

61 2305 144 2333 certo
161 2299 314 2348 scimus,
337 2300 441 2350 quod
466 2300 566 2337 inter
585 2300 801 2350 Symmachi
824 2300 950 2337 titulos
966 2329 976 2346 ,
1007 2300 1042 2336 iu
1074 2300 1137 2338 illa
1170 2299 1351 2350 praeclara
1369 2308 1499 2337 statuae

60 2360 122 2410 ejus
138 2363 371 2415 inscriptione
387 2365 490 2416 apud
509 2365 626 2404 Orell.
650 2380 664 2402 1
677 2366 763 2411 186,
782 2367 833 2402 ita
855 2366 1043 2415 legamus:
1061 2365 1209 2405 LVCIO
1228 2366 1338 2404 Avlt.
1365 2366 1499 2404 AVIA-

62 2425 127 2463 Nlo
141 2428 405 2470 SYMMACHO
434 2430 570 2470 VC....·.
602 2430 852 2469 PONTIFICI
881 2431 1054 2469 MAIOIll
1090 2430 1497 2476 QUINDECIMVIRO

60 2490 89 2525 S.
113 2491 145 2528 F.
175 2494 261 2538 Quae
281 2504 399 2533 statua
419 2495 594 2532 dedicata
621 2494 692 2532 suit
715 2494 897 2532 Gratiano
929 2495 976 2532 IV
1002 2497 1121 2542 cons,
1143 2508 1245 2532 anno
1268 2504 1353 2545 post
1382 2495 1497 2533 Chri-

59 2558 233 2605 st11111377,
258 2568 342 2609 post
362 2560 505 2598 Juliani
533 2568 696 2597 mortem
723 2559 872 2596 decimo
891 2564 1043 2609 quartO.
1067 2559 1171 2597 Adeo
1193 2568 1280 2610 post
1303 2572 1368 2597 sex
1389 2559 1493 2597 cliri-
1545 2558 1548 2560 ’

59 2616 175 2655 stiauos
209 2622 452 2672 imperatores
499 2632 610 2661 tenax
654 2633 887 2662 remanserat
932 2624 1157 2676 religionum
1193 2623 1496 2675 dignitatumque

58 2690 184 2719 suarum
213 2688 396 2726 senatoria
419 2689 623 2739 gentilitas.
825 2686 829 2691 ’
