1752 3495
653 110 959 158 EXCURSUS
997 111 1074 156 lv.
1479 114 1564 158 27¹

166 213 304 255 Eodem
321 210 458 249 saeculo
475 216 656 260 vergente
672 207 987 247 Commodianum
1013 208 1165 256 Afrum,
1186 206 1332 247 bonum
1351 215 1390 247 et
1404 197 1576 248 stinctum

120 282 235 321 virum
257 306 267 326 ,
287 274 352 316 sed
382 273 584 311 informem
611 279 656 310 ac
676 271 973 310 semibarbarum
995 279 1246 323 poetastrum,
1262 270 1311 311 ad
1331 271 1519 324 Sibyllina
1538 285 1578 311 se
1625 290 1629 297 ¹

119 341 317 384 obvertisse
347 345 502 389 putant,
524 351 642 388 quum
661 337 701 376 in
721 337 798 376 suis
830 335 1152 375 {astructionibus
1181 336 1235 375 sic
1255 336 1420 385 vocatis,
1439 346 1519 376 tum
1536 337 1576 377 in
1608 325 1621 365 ν’

119 405 285 448 Carmine
311 401 563 454 Apologetico
594 415 726 440 recens
758 400 862 439 edito
886 399 925 437 in
948 398 1158 451 spicilegio
1192 400 1446 450 Solesmensi,
1474 409 1500 439 t.
1531 400 1576 453 Ι,
1615 444 1617 447 ,

120 486 154 524 p.
178 483 239 519 20,
260 480 358 518 sqq.,
374 465 514 516 Paris„
537 466 649 512 1852,
682 473 841 516 propter
862 463 1052 502 fabulosas
1084 463 1266 515 quasdam
1286 464 1510 504 traditiones
1528 465 1579 504 do
1612 456 1618 501 ι’

119 532 346 577 Antichristo
365 544 408 569 ac
425 530 473 569 de
491 530 679 582 supremis
699 529 829 568 mundi
848 527 1109 580 temporibus:
1129 542 1347 582 quanquam
1363 529 1459 567 nibil
1477 529 1579 581 apud

56 611 63 621 ·
119 602 218 640 illum
234 597 446 635 invenimus
463 596 568 647 quod
585 609 663 633 non
678 609 788 646 aeque
804 594 998 645 pertinere
1014 594 1134 645 possit
1148 595 1197 633 ad
1215 595 1385 633 omnium
1408 595 1579 633 millena·

120 666 254 703 riorum
280 661 328 699 de
354 661 420 698 illo
444 668 670 712 argumento
697 659 866 705 somnia,
883 659 931 697 ad
954 672 1040 710 quae
1064 658 1279 710 Sibyllistas
1297 658 1488 697 interdum
1508 671 1577 696 ac-

120 728 248 767 cedere
265 726 440 765 fatemur.

168 789 400 830 Lactantium
425 802 516 826 vero
537 788 628 839 quid
661 787 857 826 dicemus?
879 789 934 825 An
953 799 1031 824 non
1050 794 1154 824 totus
1174 787 1237 824 ille
1256 786 1469 837 Sibyllinus
1497 788 1580 825 est?

122 857 167 896 Et
185 853 330 907 jamdiu
350 866 396 892 ex
415 852 517 891 illius
534 865 653 904 opere
670 852 718 889 de
740 851 935 893 Div.1nst.
957 850 1023 889 lib.
1040 851 1079 899 l,
1099 864 1185 902 cap.
1203 851 1241 898 6,
1262 851 1453 903 integrum
1470 864 1580 902 paene

121 928 226 972 caput
240 917 500 963 recitavimus,
515 918 552 954 in
570 930 647 967 quo
661 915 709 954 de
723 915 880 966 Sibyllis
894 928 1102 966 earumque
1122 914 1230 953 libris
1253 915 1334 953 fuse
1346 923 1385 954 et
1403 922 1581 954 accurate

122 993 268 1024 tractat:
297 982 381 1030 adi,
411 983 442 1021 si
455 990 586 1030 vacat,
619 983 743 1032 ipsum
767 981 913 1028 locum,
939 988 978 1019 et
1000 981 1194 1019 Excursus
1223 990 1376 1019 nostros
1406 981 1423 1020 1
1448 989 1486 1019 et
1509 981 1576 1021 111.

122 1051 221 1089 Nune
245 1047 283 1085 id
307 1060 424 1084 unum
451 1045 756 1084 animadversum
777 1045 957 1091 velimus,
979 1053 1165 1095 quantum
1186 1045 1251 1083 ille
1271 1045 1316 1084 iis
1344 1045 1580 1084 carminibus

124 1110 302 1150 tribuerit.
326 1111 419 1148 Nam
445 1109 484 1146 in
510 1123 556 1147 eo
577 1122 655 1160 quo
676 1109 842 1146 diximus
861 1108 986 1159 capite
1010 1121 1087 1146 non
1110 1117 1257 1147 tantum
1285 1109 1479 1147 fatidicam
1502 1110 1581 1148 vim

124 1175 248 1215 tribuit
272 1175 373 1221 istis,
402 1183 444 1212 ut
463 1183 597 1222 vocat,
623 1189 642 1212 σε
663 1173 856 1225 responsis
888 1173 1197 1225 carminibusque
1224 1174 1356 1222 sacris,
1384 1188 1470 1225 quae
1493 1184 1583 1213 sunt

123 1259 135 1275 e.
149 1238 398 1292 [Hermeticis]
416 1238 536 1276 multo
554 1239 765 1285 certiora3»
787 1237 851 1275 sed
875 1237 986 1276 etiam
1007 1237 1182 1276 divinam*
1197 1251 1355 1289 prorsus
1372 1239 1583 1276 auctorita·

125 1314 204 1344 tem.
229 1304 289 1342 Ait
304 1304 424 1341 enim:
445 1320 461 1336 «ι
480 1303 591 1340 Nunc
620 1302 667 1339 ad
693 1302 824 1340 divina
850 1302 1065 1340 testimonia
1085 1310 1330 1340 transeamus.
1345 1320 1361 1336 υ
1379 1303 1456 1342 Nec
1472 1303 1583 1342 aliter
1600 1336 1609 1348 ,

125 1387 138 1404 ι
154 1368 215 1406 lib.
235 1368 314 1414 vlt,
336 1380 424 1418 cap.
453 1366 500 1404 23
521 1381 530 1404 z
556 1384 571 1399 «
589 1366 663 1406 Sed
684 1379 754 1404 nos
779 1366 827 1404 ab
844 1366 1021 1404 humanis
1043 1365 1090 1404 ad
1112 1365 1240 1404 divina
1260 1366 1479 1415 redeamus,
1500 1384 1518 1401 ιο
1540 1366 1580 1406 id

125 1443 186 1481 est,
203 1433 248 1471 ad
267 1433 466 1483 Sibyllina,
488 1432 813 1484 quemadmodum
830 1446 945 1483 supra
966 1432 1130 1470 vidimus
1146 1432 1425 1471 Tertullianum
1445 1427 1590 1472 eodem*
1613 1444 1620 1455 ⁵

127 1498 233 1536 verbo
255 1498 322 1537 uti.
343 1497 460 1544 Quod
482 1506 605 1535 tamen
627 1505 787 1548 uterque
807 1510 885 1535 non
905 1497 1116 1536 christiano
1135 1510 1250 1536 sensu
1277 1497 1405 1537 dicere
1421 1498 1583 1550 quibus-

125 1564 200 1602 dam
215 1563 315 1601 visus
335 1572 413 1612 est,
436 1563 500 1602 sed
523 1576 690 1615 pagano,
726 1563 857 1601 divina
885 1576 1025 1602 vocans
1052 1577 1139 1614 quae
1163 1564 1321 1614 gentiles
1344 1578 1366 1602 a
1393 1564 1473 1603 suis
1497 1572 1582 1603 orta

125 1628 187 1667 diis
206 1636 405 1680 putarent,
423 1637 466 1666 ut
486 1629 567 1680 ipse
589 1627 723 1666 scribit
738 1628 977 1677 Lactantius,
1008 1627 1075 1667 lib.
1096 1629 1135 1677 1,
1156 1643 1241 1680 cap.
1270 1629 1319 1666 6:
1341 1646 1356 1663 α
1374 1628 1489 1675 Quod
1512 1641 1581 1681 ge-

127 1712 138 1726 ·
156 1706 221 1731 nus
251 1691 488 1744 probationis
520 1692 703 1731 adversus
732 1706 798 1741 eos
816 1692 933 1744 magis
961 1691 1147 1731 adhibere
1177 1692 1382 1741 debemus,
1403 1705 1519 1743 quam
1539 1701 1583 1731 ut

127 1775 140 1790 ·
155 1771 212 1796 eos
229 1757 386 1796 deorum
409 1771 564 1796 suorum
584 1758 812 1796 testimoniis
830 1757 1097 1798 revincamus?
1113 1776 1126 1790 υ
1140 1758 1261 1796 Aliter
1282 1771 1372 1795 vero
1387 1757 1498 1796 nobis
1519 1757 1581 1795 vi·

127 1822 240 1862 detur.
261 1822 434 1860 Credidit
450 1823 550 1860 enim
567 1823 802 1869 Lactantius,
815 1831 856 1860 ut
871 1822 1068 1869 Jusdnus,
1090 1830 1133 1860 ut
1148 1821 1405 1873 Theophilus,
1427 1830 1469 1860 ut
1482 1821 1582 1860 Ter·

127 1886 304 1933 tullianus,
328 1885 494 1937 Sibyllas
514 1886 673 1937 gentiles
694 1886 809 1924 fuisse
828 1886 1011 1923 falsorum
1032 1886 1235 1924 numinum
1255 1899 1321 1925 seu
1340 1885 1472 1937 potius
1504 1886 1583 1924 dae-

128 1963 270 1988 monum
290 1951 543 2001 interpretes,
570 1964 655 2001 quae
684 1959 808 1988 tamen
833 1950 1045 1994 interdum,
1067 1951 1219 1989 volente
1238 1959 1275 1988 et
1294 1943 1454 2002 cogente
1472 1951 1556 1990 Deo
1569 1979 1581 1998 ,

127 2015 294 2065 praeclara
309 2015 372 2053 illa
389 2015 437 2054 de
452 2016 570 2054 sacris
591 2015 706 2054 rebus
726 2015 881 2054 oracula
898 2015 1138 2066 cecinissent,
1157 2014 1331 2054 sensibus
1347 2015 1426 2054 suis
1446 2023 1582 2054 emotae

127 2093 163 2118 ac
183 2081 365 2128 furentes,
386 2089 430 2118 ut
457 2081 539 2132 ipse
558 2080 675 2128 dixit,
692 2079 761 2119 lib.
779 2081 863 2126 VH,
885 2093 969 2132 cap.
988 2086 1036 2125 24
1057 2094 1068 2117 t
1090 2097 1107 2114 «ι
1127 2080 1274 2131 Sibylla
1291 2079 1504 2118 vaticinans
1524 2079 1584 2118 fu-

128 2162 140 2179 ·
157 2159 311 2198 rensque
334 2147 546 2198 proclamat
564 2160 572 2184 :

269 2212 385 2251 Κλῧτε
399 2210 438 2250 δέ
460 2225 545 2262 μευ,
567 2208 737 2265 μέροπες,
756 2208 913 2263 βασιλεὺς
932 2208 1069 2256 αἰώνιος
1089 2210 1200 2264 ἄρχει.

171 2275 238 2314 Sed
259 2289 372 2326 quam
398 2277 460 2315 ille
480 2276 743 2327 cognationem
761 2275 863 2314 inter
878 2274 1069 2326 Sibyllina
1084 2275 1155 2313 sibi
1172 2275 1219 2313 ad
1236 2288 1388 2313 manum
1404 2282 1584 2326 prompta

126 2347 159 2376 et
177 2353 236 2377 eos
255 2340 371 2380 libros
387 2341 454 2392 qui
469 2341 600 2380 Romae
623 2340 776 2392 publice
796 2339 1108 2386 asservabantur,
1130 2339 1347 2378 interfuisse
1365 2337 1585 2387 crediderit,

127 2415 241 2455 operae
259 2406 424 2456 pretium
449 2415 505 2444 est
533 2405 687 2444 intueri.
716 2405 870 2456 Quippe
889 2418 1007 2456 quum
1030 2418 1077 2443 ex
1096 2404 1278 2442 Varronis
1297 2403 1486 2441 sententia
1515 2403 1584 2441 de-

127 2481 214 2516 cem,
233 2483 323 2520 quas
337 2471 513 2517 diximus,
531 2470 695 2522 Sibyllas
714 2461 991 2517 enumerasset,
1012 2469 1098 2508 loco
1117 2482 1218 2520 saepe
1234 2482 1254 2507 a
1276 2467 1388 2506 nobis
1407 2468 1593 2516 laudato,

127 2531 184 2571 lib.
200 2535 234 2581 l,
255 2549 338 2588 cap.
361 2537 384 2575 6
406 2538 600 2577 :«11arnm
617 2567 626 2583 ,
648 2536 797 2588 inquit,
814 2536 985 2574 omnium
1010 2534 1242 2587 Sibyllarum
1266 2535 1434 2572 carmina
1460 2542 1498 2571 et
1525 2534 1583 2572 se-

127 2608 286 2638 ·runtur
316 2610 353 2639 et
378 2601 584 2649 habentur,
607 2610 862 2653 praeterquam
895 2601 1080 2647 Cumaeae,
1108 2600 1217 2650 cujus
1246 2598 1336 2637 libri
1361 2612 1380 2636 a
1402 2598 1584 2637 Romanis

128 2670 385 2717 «occuluntur,
404 2686 475 2711 nec
505 2685 570 2711 eos
598 2671 646 2710 ab
666 2672 767 2720 ullo,
785 2671 899 2710 nisi‘a
921 2668 1255 2723 quindecimviris,
1281 2667 1418 2720 inspici
1443 2669 1498 2707 sas
1517 2668 1586 2707 lia-

125 2732 250 2776 «bent.
272 2736 321 2774 Et
350 2746 438 2776 sunt
465 2737 699 2788 singularum
725 2736 864 2789 singuli
885 2735 975 2774 libri
1000 2749 1010 2776 :
1038 2736 1104 2788 qui
1137 2735 1229 2787 quia
1257 2733 1413 2785 Sibyllae
1430 2732 1586 2772 nomine

127 2797 423 2853 “insci-ibuntur,
451 2803 564 2841 unius
580 2816 660 2841 esse
681 2802 911 2848 creduntur3
929 2810 1096 2852 suntque
1126 2799 1294 2846 confusi,
1328 2813 1399 2838 nee
1417 2798 1582 2856 discerni
