1686 3500
668 136 1029 184 ‘'Excusssus
1063 125 1128 184 v:
1544 141 1645 198 ‘399

165 239 356 282 asserunt,
379 234 459 273 imo
487 247 535 273 au
567 234 615 273 ad
649 247 716 273 eos
736 247 896 286 usquam
931 235 1169 287 respexerint
1201 236 1475 275 incertum*·est
1497 237 1645 286 (confer

164 315 295 354 supra,
316 312 406 351 pag.
431 299 533 350 314).
551 298 746 350 Quodque
771 299 976 350 diligenter
993 299 1172 345 annotari
1195 299 1379 347 velimus,
1407 299 1554 338 dudum
1573 300 1646 339 ob-

163 374 338 407 servante
356 365 446 404 Ger.
468 364 606 403 Vossio
618 393 629 412 ‚
644 363 692 403 de
710 365 839 404 Poetis
858 365 1020 410 Graecis,
1046 378 1130 416 cap.
1148 377 1181 413 t,
1198 377 1312 403 nemo
1328 365 1486 404 Pati-um
1501 395 1512 413 ,
1529 377 1645 404 nemo

162 441 334 472 veterum
356 430 588 482 scriptorum
600 459 611 480 ‚
631 442 675 468 ac
695 443 744 467 ne
762 429 985 469 Lactantius
1004 429 1161 481 quidem
1175 459 1186 478 ,
1202 429 1378 481 quamvis
1396 431 1571 470 assiduus
1589 431 1649 471 Si·

163 497 352 548 byllarum
366 495 614 548 compilator,
627 507 783 546 usquam
796 494 925 533 allusit
944 493 992 533 ad
1010 494 1110 533 illam
1124 494 1358 546 singularem
1372 507 1464 534 sane
1476 495 1645 535 fabulam

164 564 211 602 de
229 560 386 612 Sibyllae
407 574 493 598 cum
512 560 658 599 Noemo
681 560 889 606 affinitate,
912 573 998 611 quae
1015 559 1156 598 nostris
1177 558 1284 597 libris
1314 559 1474 614 propria
1494 570 1573 609 est,
1592 561 1647 600 sic

166 639 301 678 nempe
317 639 398 663 rem
422 623 686 674 tradentibus,
707 623 773 663 lib.
793 625 830 671 1,
850 637 890 663 v.
914 625 1007 672 287,
1025 637 1107 675 sqq.
1126 638 1136 662 ε

321 682 373 728 ’Ὦ
393 691 512 741 γενεῆς
530 687 633 736 ἕκτης
649 690 789 742 πρῶτον
807 687 927 739 γένος,
946 681 974 726 ὦ
993 687 1084 739 μέγα
1103 687 1227 740 χάρμα
1242 716 1252 734 ,

319 746 388 797 7⁴''Hc
403 753 531 805 ἔλαχον
553 750 763 803 μετέπειτα,
785 751 835 790 ὅτ’
855 751 1002 806 ἔκφυγον
1018 750 1128 790 αὐπὺν
1143 751 1298 805 ὄλεθρον,

323 818 448 859 Πολλὰ
467 818 732 857 κλυδωνισθεῖσ’
748 817 810 870 ἅμ’
827 819 902 871 ἐμῷ
923 817 1024 856 πόσει
1043 818 1102 856 καὶ
1123 816 1297 870 saepem.

164 885 265 927 Nihil
287 898 446 936 usquam
467 884 541 922 tale
564 883 602 922 in
623 883 825 934 Sibyllinis
842 883 1128 935 antiquioribus
1148 896 1156 921 ε
1177 896 1264 921 nam
1283 895 1369 935 quae
1391 883 1429 921 iu
1449 883 1523 923 line
1549 885 1650 924 tertii

166 950 253 990 libri
268 950 462 1002 leguntur,
483 963 517 988 v.
543 949 633 993 822,
650 962 750 1000 sqq.,
770 948 903 1000 spuria
919 962 999 987 csse
1016 957 1054 987 et
1074 962 1121 987 ex
1140 948 1214 987 boc
1232 949 1318 1000 ipso
1339 948 1441 988 libro
1461 951 1649 988 recentius

166 1017 254 1054 illuc
277 1016 426 1053 invecta
444 1012 794 1052 demonstrabimus
812 1013 912 1052 infra
933 1027 1022 1065 cap.
1056 1027 1117 1053 ια.
1138 1015 1218 1052 lloc
1240 1013 1356 1065 igitur
1387 1024 1649 1054 commentum

166 1095 185 1120 a
206 1082 346 1120 Nostro
370 1080 535 1132 primum
555 1080 813 1130 excogitatum
835 1078 950 1117 fuisse
976 1079 1133 1124 credas;
1149 1087 1187 1117 et
1206 1078 1389 1130 quoniam
1414 1080 1552 1132 priscis
1578 1082 1650 1120 Ec-

165 1146 286 1184 ‹tlesiae
305 1145 504 1191 Patribus,
519 1144 702 1195 quoniam
717 1143 793 1194 ipsi
810 1143 1012 1182 Lactantio
1031 1144 1212 1193 alienum,
1232 1145 1425 1183 recentius
1440 1146 1530 1184 inde
1543 1147 1652 1198 argui

167 1220 292 1264 potest
310 1223 425 1263 quam
450 1218 492 1248 ut
507 1209 582 1247 illis
601 1208 694 1247 viris
710 1208 770 1246 vel
792 1208 1008 1247 innotuerit
1028 1209 1083 1246 vel
1108 1208 1237 1247 fucum
1259 1208 1408 1251 fecerit.

216 1275 327 1317 Unde
343 1288 450 1322 vero,
471 1274 574 1312 (licet
592 1272 745 1325 aliquis,
764 1273 834 1311 ista
851 1272 1006 1324 Sibyllae
1025 1287 1110 1311 cum
1130 1273 1277 1312 Noemo
1291 1275 1471 1326 cognatio
1491 1276 1528 1314 in
1547 1289 1653 1315 men-

168 1352 240 1381 tem
268 1343 407 1382 Nostro
425 1339 591 1392 repente
605 1339 733 1377 venit?
756 1339 796 1378 ld
820 1338 921 1377 haud
948 1339 1057 1377 facile
1076 1340 1280 1391 conjicias,
1302 1340 1372 1378 nisi
1388 1341 1492 1391 quod
1523 1342 1650 1382 forsan

166 1405 429 1446 observaverit
456 1405 557 1443 libro
575 1404 627 1444 Ill
643 1436 653 1452 ‚
674 1417 709 1442 v.
727 1404 888 1454 97-162,
910 1403 1093 1455 Sibyllam
1120 1405 1227 1456 loqui
1253 1414 1434 1456 tanquam
1466 1407 1651 1447 Babelicae

167 1473 284 1511 turris
306 1482 343 1510 et
361 1471 542 1509 'l'itanum
564 1469 804 1520 tfflnporibus
824 1483 933 1521 paeue
963 1482 1194 1521 supparem;
1225 1470 1372 1520 quippe
1392 1472 1651 1511 narrationem

167 1538 268 1576 velut
287 1536 570 1589 praeteritorum
592 1534 754 1586 produci
770 1548 891 1584 usque
908 1534 955 1572 ad
971 1535 1155 1573 Titanum
1173 1534 1316 1573 sobolis
1333 1536 1525 1575 excidium
1537 1567 1547 1584 ,
1562 1538 1653 1577 inde

167 1610 289 1640 cetera
321 1610 501 1651 tauquam
538 1599 667 1636 futura
699 1597 871 1649 praedici.
906 1597 999 1636 Inde
1032 1598 1193 1635 sortasse
1229 1598 1407 1649 colligere
1438 1600 1564 1651 potuit
1596 1601 1654 1640 Si-

167 1666 306 1717 byllam
320 1694 330 1712 ,
349 1665 522 1703 vivacem
540 1663 642 1702 illam
662 1673 700 1701 et
723 1662 895 1700 omnium
915 1663 1188 1700 vivacissimam
1206 1663 1401 1701 mulierem
1417 1696 1426 1711 ,
1447 1664 1494 1702 ad
1517 1665 1651 1704 diluvii

170 1740 341 1782 tempora
371 1728 613 1781 pertinuisse.
650 1728 697 1766 Et
729 1728 890 1765 sortasse
927 1727 1070 1777 aliquid
1099 1726 1216 1765 fando
1248 1727 1424 1766 audierat
1458 1728 1507 1767 de
1534 1731 1652 1770 Norin

171 1795 451 1847 gnosticorum,
470 1806 584 1843 quam
604 1793 665 1830 isti
689 1792 855 1829 liaeretici
878 1805 1037 1829 uxorem
1065 1792 1178 1830 fuisse
1200 1792 1333 1829 Noemi
1362 1803 1565 1845 vatemque
1581 1796 1654 1834 fin-

172 1859 331 1912 gebant,
350 1857 590 1909 eiquelibros
608 1856 794 1908 quosdam
824 1856 1002 1906 mysticos
1026 1855 1271 1906 tribuebant,
1301 1866 1395 1895 teste
1418 1858 1650 1910 Epiphanio,

171 1926 306 1964 haeres.
334 1924 398 1973 26,
420 1923 442 1973 S
474 1935 484 1958 1
507 1935 516 1957 :
545 1921 694 1962 Βίὸλους
726 1921 933 1967 πλάττουσι,
965 1920 1107 1971 Νωρίαν
1134 1921 1212 1958 τινὰ
1242 1920 1361 1970 βίὸλον
1387 1923 1616 1967 καλοῦντες..
1634 1953 1644 1965 .

170 1988 311 2036 Ταύτην
344 1987 410 2040 γάρ
440 2002 526 2042 φασι
549 1985 613 2033 τὴν
634 1984 774 2038 Νωρίαν
804 1978 893 2022 εἶναι
916 1987 974 2022 τοῦ
1010 1986 1090 2023 Νῶε
1119 1990 1279 2034 γυναῖκα.
1317 1988 1366 2024 At
1404 1987 1543 2025 Noster
1572 2002 1650 2028 non

170 2067 327 2092 uxorem
345 2082 355 2102 ‚
379 2052 446 2093 sed
464 2065 603 2090 nurum
621 2050 757 2088 Nocmi
776 2049 1048 2087 vaticinantem
1066 2049 1238 2093 inducit,
1256 2049 1386 2097 simili,
1403 2052 1578 2102 quamvis
1590 2053 1653 2092 di-

170 2134 292 2167 versa,
312 2118 485 2157 audacia.
506 2115 726 2155 Notandum
753 2124 878 2152 tamen
909 2114 957 2151 ad
984 2115 1127 2152 scelera
1146 2114 1311 2164 Sibyllae,
1333 2129 1419 2166 quae
1444 2117 1527 2168 ipsa
1545 2118 1593 2158 de
1610 2132 1650 2158 se

171 2185 372 2223 confitetur
388 2185 427 2221 in
457 2182 646 2221 librorum
664 2180 698 2219 11
724 2187 761 2218 et
779 2180 848 2218 Vll
863 2179 1038 2230 epilogiS,
1058 2192 1106 2217 ne
1122 2178 1244 2217 verbo
1274 2179 1430 2231 quidem
1458 2182 1651 2232 allusisse,

172 2251 345 2303 quisquis
360 2250 461 2288 libro
485 2249 534 2287 111
553 2247 707 2286 ultimos
729 2259 863 2284 versus
882 2245 1047 2291 addidit3
1067 2248 1121 2283 ita
1139 2245 1194 2283 illi
1214 2246 1346 2284 odiosa
1364 2246 1446 2285 visa
1465 2257 1569 2288 sunt.

227 2317 353 2355 Restat
380 2323 440 2361 ut,
472 2315 503 2352 si
531 2313 614 2352 fieri
637 2321 789 2364 potest,
811 2320 1011 2350 auctorem
1038 2311 1164 2363 ipsum
1192 2312 1416 2362 primarium
1442 2314 1652 2354 lectoribus

174 2388 306 2418 notum
325 2379 518 2418 faciamus.
536 2378 795 2417 Christianum
826 2376 941 2414 fuisse
957 2384 1082 2427 patct;
1103 2375 1282 2414 Judaeum
1302 2376 1462 2428 origine,
1482 2379 1546 2418 vix
1565 2392 1650 2418 cre·
1673 2401 1676 2405 ·

173 2445 316 2493 dimus,
335 2444 519 2496 quoniam
536 2443 627 2481 satis
646 2442 784 2481 acerbe
802 2443 841 2479 in
856 2441 1011 2480 Judaeos
1022 2442 1231 2486 invehitur,
1253 2442 1285 2489 1,
1302 2455 1335 2480 v.
1350 2443 1439 2489 360,
1454 2456 1538 2495 sqq.
1561 2460 1569 2483 :

329 2509 400 2549 Καὶ
419 2508 499 2546 τότε
515 2507 543 2545 δ’
559 2506 706 2560 Ἰσραὴλ
722 2504 982 2557 μεμεθυσμὲνος
999 2505 1076 2558 οὐχὶ
1096 2505 1224 2553 νοήσει,

328 2572 422 2615 Οὖδέ
446 2588 504 2623 μιν
524 2571 660 2618 ἐνθήσει
679 2569 915 2624 βεὸαρημένος
931 2569 1033 2608 οὔασι
1046 2571 1199 2614 λεπτοῖς.

329 2638 423 2678 Ἀλλ’
441 2637 570 2676 ὁπόταν
589 2635 767 2689 Ἓὸραίοις
782 2635 847 2688 ἥξῃ
867 2636 969 2688 χόλος
987 2634 1171 2683 Ὑψίστοιο

330 2701 598 2755 Οἷστρομανὴς,
620 2701 679 2739 καὶ
699 2700 816 2739 πίστιν
831 2702 962 2739 ἑαυτῶν
982 2699 1208 2753 ἐξαφελεῖται,

331 2766 502 2819 Οὐράνιον
519 2765 573 2803 ὅτι
589 2766 698 2803 παῖδα
717 2767 809 2805 Θεοῦ
827 2764 1089 2813 διεδηλήσαντο,

335 2830 404 2869 Καὶ
419 2829 497 2868 τότε
514 2829 556 2875 δὴ
574 2829 744 2883 κολάφους
760 2828 818 2868 καὶ
835 2829 1025 2880 πτύσματα
1045 2829 1290 2882 φαρμακόεντα
