1686 3500
126 166 219 213 436
536 163 616 209 AD
651 164 997 210 SIBYLLINOS
1031 163 1241 209 LIBROS
1261 192 1265 196 -

179 261 222 303 2⁰
236 263 360 304 Tertii
378 262 466 301 libri
484 271 609 314 partes
626 263 861 314 antiquiores
873 266 919 310 ‚S
941 276 961 300 2
979 271 1017 301 et
1033 269 1069 307 l..

176 330 252 370 Nec
274 337 414 368 temere
435 336 503 367 aut
527 328 609 365 sine
632 327 859 366 auctoritate
881 327 1115 366 Prooemium
1135 326 1261 379 primo
1282 326 1367 365 loco
1391 325 1592 378 ponimus,

119 406 236 446 quum
264 393 318 431 sic
341 392 432 430 olim
463 391 501 429 in
528 391 634 430 aditu
665 392 951 444 Erythraeorum
986 391 1150 443 positum
1184 390 1299 429 fuisse
1321 399 1557 429 monstretur
1575 406 1594 429 a

78 457 86 466 '
122 456 360 508 Theophila,
384 456 420 494 ἐν
436 456 527 508 ἀρχῇ
543 458 605 502 τῆς
627 455 837 509 προφητείας
859 456 984 501 αὐτῆς.
1002 464 1039 494 et
1058 469 1079 494 a
1097 455 1315 507 Lactantio,
1330 474 1344 488 ι
1361 456 1399 494 ἰη
1417 457 1596 496 carminis

121 522 264 562 «initio
279 536 315 560 u:
332 521 431 560 sicut
455 520 650 572 Erytliraea
673 521 730 559 vel
753 520 805 559 sic
825 520 927 558 dicta
946 519 1048 573 apud
1069 519 1309 559 Christianos
1326 520 1494 559 carmina
1515 534 1593 559 non
1642 553 1645 556 .

117 587 216 626 ultra
236 586 389 625 tertium
410 584 549 624 librum
571 585 798 637 processisse
814 585 994 623 discimus
1014 583 1062 622 ab
1083 584 1229 624 eodem·
1248 585 1470 633 Lactantio,
1494 586 1595 624 affir-

120 662 247 693 mante
267 667 416 693 versum
441 653 542 691 hune
558 668 566 691 :
583 650 706 692 Ἄλλον
730 651 837 690 ἔδωκε
856 653 944 695 Θεὸς
969 655 1102 699 θνητοῖς
1122 651 1287 706 ἄνδρεσσι
1307 652 1497 706 γεραίρειν,
1519 671 1534 687 e«
1555 653 1593 691 in

117 738 133 754 ι
151 706 225 757 line
246 718 426 757 carminis
442 736 481 765 ι,
499 731 638 768 nempe
661 716 846 768 Erythraei
869 716 1069 762 carminis,
1093 717 1186 769 legi,
1212 719 1278 768 qui
1301 731 1432 756 revera
1454 731 1594 756 nume·-

118 791 226 822 ratur
242 783 358 821 hodie
379 783 478 821 inter
495 791 684 821 extremos
708 781 792 819 libri
812 782 936 828 tertii,
957 795 993 820 v.
1018 788 1109 829 771..
1133 783 1259 828 Quum
1275 795 1368 834 ergo
1385 782 1472 821 libri
1494 783 1594 821 tertii

119 856 246 900 partes
275 847 548 899 antiquissimae
578 846 871 885 Ptolemaeorum
902 847 1141 897 temporibus
1175 847 1325 899 scriptae
1351 849 1427 886 sint
1447 848 1594 898 (confer

118 926 234 965 supra
253 926 335 964 cap.
368 912 427 961 1);
450 911 684 949 Prooemium
711 924 801 949 vero
821 911 966 959 serius,
994 925 1064 949 nec
1084 920 1172 950 ante
1192 912 1348 950 secundi
1371 921 1458 963 post
1478 912 1593 951 Chri-

116 987 213 1017 stum
239 977 367 1016 saeculi
398 977 549 1014 initium
576 976 723 1029 (confer
745 990 832 1028 cap.
866 977 926 1027 3);
961 989 1156 1028 quumque
1185 977 1445 1028 Theophilus,
1477 977 1595 1015 Com-

116 1042 230 1081 modo
244 1042 376 1080 Romae
396 1041 632 1093 imperante,
648 1041 720 1079 sub
739 1028 852 1079 linem
867 1041 988 1091 igitur
1004 1041 1162 1079 secundi
1177 1042 1303 1079 saeculi
1317 1070 1327 1089 ,
1342 1041 1497 1092 junctos
1513 1041 1591 1092 jam

113 1108 198 1146 iilos
228 1107 368 1145 viderit
398 1105 533 1152 libros,
562 1114 672 1144 aetate
703 1106 791 1144 licet
822 1114 897 1143 tam
927 1105 1122 1155 diversos;
1155 1119 1310 1144 necesse
1338 1115 1395 1144 est
1428 1107 1591 1157 primam

111 1173 221 1211 istam
242 1171 350 1223 quasi
370 1169 635 1208 collectionem
658 1169 827 1208 secundo
848 1169 987 1208 saeculo
1007 1169 1085 1208 fere
1105 1169 1231 1207 medio
1252 1182 1333 1208 esse
1352 1170 1503 1208 factam.

161 1234 345 1275 Secundae
363 1234 477 1271 etiam
496 1234 732 1271 collectionis
749 1242 884 1272 auctor
899 1233 1033 1272 haberi
1055 1242 1198 1285 potest,
1215 1234 1282 1285 qui
1308 1233 1407 1272 libro
1428 1234 1483 1272 Ill
1501 1247 1590 1285 par·

109 1308 185 1338 tem
209 1298 382 1345 mediam,
406 1311 542 1350 nempe
564 1302 584 1345 ς
606 1298 643 1346 3,
662 1297 939 1349 interpolavit3
960 1312 1073 1349 quem
1099 1299 1234 1336 merito
1257 1299 1439 1350 suspicati
1458 1312 1590 1337 sumus

107 1363 281 1403 eumdem
311 1376 392 1402 esse
421 1376 508 1401 cum
534 1372 690 1400 auctore
721 1360 811 1400 libri
838 1362 882 1403 V.
903 1361 997 1400 Nam
1027 1362 1059 1400 is
1091 1363 1266 1415 profecto
1300 1363 1529 1403 Prooemium
1552 1371 1589 1401 et

107 1429 249 1467 librum
272 1428 424 1466 tertium
457 1440 477 1464 a
503 1439 543 1465 se
568 1435 724 1464 auctum
753 1434 790 1464 et
822 1427 1000 1477 quintum
1023 1440 1044 1464 a
1064 1440 1104 1464 se
1128 1427 1267 1465 sactum
1295 1440 1373 1464 uno
1395 1426 1590 1464 volumine

107 1494 385 1542 conjunxerat3
407 1500 523 1543 atque
549 1491 587 1529 id
608 1491 721 1530 etiam
755 1490 927 1529 secundo
950 1491 1089 1529 saeculo
1116 1491 1197 1529 sere
1226 1490 1379 1529 medio:
1409 1505 1493 1529 nam
1518 1490 1590 1529 sub

108 1566 278 1597 extrema
303 1557 486 1595 Antonini
505 1556 565 1596 Pii
583 1565 756 1608 tempora
773 1556 968 1607 scripsisse
991 1556 1106 1594 istum
1132 1555 1333 1594 docuimus
1349 1569 1480 1607 supra,
1504 1570 1588 1608 cap.

109 1638 148 1672 7,
172 1636 229 1674 sq.
250 1623 428 1662 Ceterum
448 1635 524 1660 non
546 1621 584 1660 id
605 1631 831 1660 consecutus
849 1631 905 1660 est
923 1621 1028 1673 quod
1049 1620 1250 1673 sperabat,
1272 1630 1311 1660 ut
1331 1621 1590 1661 additamenta

109 1701 176 1727 sua
214 1701 286 1740 pro
311 1686 519 1738 Erythraeis
546 1686 656 1724 facile
684 1686 824 1738 legenti
850 1687 990 1738 cuique
1018 1686 1336 1738 imponerentur:
1369 1687 1589 1725 Lactantius

108 1754 208 1792 enim
239 1764 428 1803 nusquam
448 1750 536 1789 libri
566 1751 666 1789 tertii
693 1754 836 1802 parte§
855 1752 876 1787 3
900 1751 1019 1788 utitur
1039 1752 1100 1803 (an
1125 1752 1216 1802 quia
1245 1751 1496 1790 adulterinam
1519 1766 1588 1803 pu·

112 1819 264 1865 tavit?l;
283 1830 328 1856 ea
347 1830 441 1855 vero
461 1829 547 1867 quae
568 1815 707 1867 passim
736 1829 756 1853 e
777 1814 875 1853 libro
902 1815 1040 1867 quinto
1070 1815 1269 1868 desumpta
1292 1816 1466 1868 profert,
1495 1830 1589 1854 nus-

109 1895 222 1933 quam
243 1894 328 1919 cum
354 1880 562 1931 Erythraeis
582 1880 802 1919 confundit.
861 1909 864 1912 -

159 1947 270 1985 lela
294 1945 446 1983 videtur
466 1945 539 1982 alia
561 1945 840 1995 Sibyllinorum
865 1944 1045 1983 collectio
1073 1945 1208 1996 primis
1238 1945 1416 1984 Ecclesiae
1441 1945 1589 1984 saeculis

106 2024 187 2049 esse
216 2010 336 2055 sacta3
356 2009 421 2048 sed
447 2009 588 2060 singuli
618 2009 730 2056 libri,
756 2009 897 2048 diversi
927 2018 1043 2060 atque
1071 2009 1232 2061 dispersi
1262 2009 1499 2061 serebantur,
1530 2011 1584 2048 uti

70 2114 71 2117 ,
105 2087 192 2112 cum
212 2074 406 2113 Lactantio
424 2086 541 2125 supra
564 2073 745 2112 diximus.
768 2073 844 2112 Eos
862 2083 986 2112 tamen
1007 2074 1132 2112 libros
1147 2075 1212 2126 qui
1227 2075 1422 2113 communi
1439 2075 1586 2126 origine

68 2127 71 2130 Α
104 2138 347 2190 gaudebant,
369 2138 539 2177 fraterno
559 2138 669 2190 quasi
694 2138 851 2177 vinculo
871 2140 1054 2178 mansisse
1076 2140 1303 2191 plerumque
1319 2140 1420 2178 inter
1437 2153 1476 2179 se
1493 2154 1588 2178 cou-

98 2203 275 2256 junctos,
310 2204 421 2242 sacile
455 2202 607 2250 credas,
627 2211 669 2241 ut
693 2203 812 2242 libros
842 2204 857 2243 1
889 2212 926 2243 et
956 2204 1118 2253 ll;item
1139 2205 1187 2243 v1
1211 2214 1250 2243 et
1280 2206 1368 2252 v113
1398 2206 1487 2242 item
1509 2205 1583 2252 Xl,

103 2269 194 2317 Xll,
214 2269 298 2308 Xlll
314 2299 329 2317 ,⁷
345 2269 448 2315 xlv,
469 2268 622 2306 ultimos
645 2268 730 2307 illos
748 2269 919 2307 omnium
941 2279 978 2308 et
1002 2273 1082 2308 un'o
1106 2283 1229 2321 prope
1244 2269 1349 2321 jactu
1368 2269 1467 2308 cirea
1484 2269 1583 2307 idem

104 2340 252 2384 tempus
276 2332 447 2372 emissos.
468 2332 647 2371 Ceterum
671 2345 743 2384 pro
760 2332 921 2371 diversis
937 2333 1170 2385 apographis
1190 2347 1292 2372 nunc
1312 2333 1450 2385 singuli
1472 2333 1583 2379 libri,

102 2410 206 2434 nunc
232 2397 363 2448 plures
388 2409 466 2434 uno
493 2396 690 2435 volumine
716 2397 1041 2445 continebantur3
1076 2411 1194 2450 quum
1219 2411 1310 2436 vero
1330 2399 1481 2449 plures,
1515 2411 1583 2436 uec

105 2475 266 2500 numero
284 2475 450 2514 semper,
473 2466 544 2500 nec
562 2461 699 2500 ordine
720 2461 929 2514 prodibant
949 2463 1096 2502 eodem.
1632 2460 1634 2463 ’

157 2527 243 2565 Fuit
277 2526 484 2578 aliquando
515 2535 664 2577 tempus
692 2541 810 2579 quum
840 2528 952 2566 alicui
979 2529 1142 2566 venitin
1169 2536 1334 2566 mentem
1353 2527 1473 2567 libros
1496 2529 1581 2567 illos

102 2603 236 2628 omnes
254 2591 422 2642 undique
443 2591 626 2629 collectos
648 2605 726 2630 uno
741 2593 937 2631 volumine
956 2594 1036 2632 sive
1058 2607 1136 2632 uno
1160 2607 1326 2645 corpore
1352 2594 1550 2633 includere
1568 2607 1578 2632 ε

102 2655 218 2707 idque
233 2655 435 2706 contigisse
449 2657 660 2707 primorum
678 2656 867 2696 librorum
882 2658 1146 2710 epitomatori,
1166 2671 1366 2710 anonymae
1390 2659 1580 2698 Praefatio-

101 2720 160 2758 nis
183 2721 343 2767 auctori,
362 2720 514 2759 abunde
538 2723 832 2761 monstravimus
862 2737 990 2774 supra,
1007 2737 1089 2776 cap.
1111 2723 1171 2761 16.
1190 2725 1316 2763 Porro
1330 2726 1412 2774 ejus
1432 2733 1578 2763 aetatem

104 2785 141 2822 in
167 2784 375 2824 Justiniani
401 2793 572 2836 tempora
601 2786 769 2824 conferri
789 2800 919 2838 posse,
943 2788 1070 2826 multis
1100 2789 1335 2840 argumentis
1359 2789 1577 2827 ostendera-

99 2849 271 2900 musjam
288 2857 412 2899 antea,
426 2862 498 2900 cap
537 2850 591 2887 15.
620 2849 661 2888 ῙιΙ
689 2850 802 2901 plane
819 2852 992 2903 congruit
1025 2865 1110 2890 cum
1140 2853 1320 2903 Procopii
1354 2852 1569 2891 testimonio
