1737 3495
682 210 982 256 EXCURSUS
1016 212 1076 259 V..
1207 230 1211 236 ·
1455 272 1463 283 ι
1500 211 1598 260 331.

134 327 215 365 cap.
235 316 297 358 ιθ,
317 321 352 349 v.
369 320 436 358 293
453 307 585 352 Marc..
601 318 685 358 cap.
705 319 765 355 10,
782 319 818 346 v.
837 307 906 355 17}
925 307 1032 355 Luc„
1045 320 1130 359 cop.
1149 321 1210 355 ιο,
1225 322 1261 349 v.
1281 308 1352 354 25,
1372 316 1411 348 et
1428 321 1514 359 cap.
1534 309 1594 357 18,

133 393 166 418 v,
184 377 225 414 18
255 372 397 425 (confer
413 378 451 408 et
478 371 582 410 Petri
602 371 713 422 epist.
729 371 770 419 1,
790 384 875 423 cap.
893 373 931 421 3,
952 385 990 412 v.
1017 371 1056 424 7)
1080 385 1089 409 ε
1107 371 1144 409 in
1171 373 1295 411 Veteri
1314 381 1438 412 autem
1463 374 1595 412 Testa-

132 447 252 480 mento
271 436 365 474 nihil
388 435 525 482 simile,
554 435 622 472 nisi
642 435 754 473 semel
774 435 811 474 iu
836 436 1088 474 Ecclesiastic.
1106 448 1192 486 cap.
1220 441 1257 483 ἠ,
1285 449 1322 474 v.
1348 443 1406 485 ll„
1421 437 1591 490 κληρονο-

132 504 230 558 μήσει
246 500 357 547 δόξαν,
384 508 422 537 et
446 499 600 547 iterum,
617 513 703 551 cap.
737 513 803 545 20,
823 513 856 537 v.
878 501 925 538 25
942 529 953 547 ,
978 499 1153 537 ἀπώλειαν
1177 500 1506 551 κληρονομήσουσιν,
1525 501 1592 540 sed

130 576 300 608 neutrum
318 565 366 602 de
381 564 507 602 sutura
524 564 614 602 vitu.
637 564 729 602 ltem
744 563 951 617 παράδεισος
963 593 973 611 ,
997 565 1044 603 de
1060 563 1257 603 beatorum
1284 565 1389 607 sede.
1409 565 1447 602 in
1464 567 1590 604 Veteri

129 635 366 672 Testamento
389 641 577 678 nusquam
603 637 826 679 usurpatum
849 628 1055 679 reperitur,
1070 628 1140 666 nisi
1158 628 1416 667 Ecclesiastic.
1431 642 1512 680 cap.
1528 635 1593 676 44,

128 711 162 736 v.
188 696 246 745 16,
264 701 301 731 et
317 691 472 743 quidem
491 692 528 729 in
551 692 668 730 latina
685 699 830 729 tantum
850 692 1044 739 versione,
1065 705 1142 730 non
1162 692 1200 729 in
1221 704 1339 743 graeco
1355 700 1472 730 textu.
1491 694 1591 741 Quid

129 759 224 813 quod
247 759 283 795 in
310 756 411 794 notis
438 755 486 793 ad
513 756 760 802 Prooemium,
786 753 1037 794 imitationein
1059 756 1227 807 reperire
1248 755 1358 794 nobis
1375 757 1444 794 visi
1465 770 1592 796 sumus

129 828 291 865 locorum
312 820 566 872 quorumdam
586 834 632 859 ex
660 821 819 860 Joannis
837 821 1057 872 evangelio,
1079 820 1126 858 ad
1150 834 1188 861 v.
1211 821 1257 867 6,
1281 830 1394 872 atque
1421 835 1467 860 ex
1495 821 1594 873 ejus·

128 890 206 929 dem
234 886 481 938 Apocalypsi,
517 885 565 923 ud
586 899 624 924 v.
651 886 722 931 86,
745 899 800 937 sq.
827 886 927 932 Quin
953 884 1159 933 etalicubi,
1176 885 1240 923 sed
1260 886 1451 938 praecipue
1471 900 1510 926 v.
1536 898 1593 934 ιο,

128 967 216 1005 sqq„
244 958 309 999 4¹,
334 963 421 1001 sqq.
436 978 448 996 ,
479 950 764 988 similitudinem
785 950 1008 988 nonnullam
1027 950 1349 1001 deprehendimus
1368 951 1482 1000 hujus
1513 964 1593 989 car-

128 1018 231 1057 minis
260 1028 345 1054 eum
366 1024 505 1066 quarto
530 1014 718 1066 Sibyllino
740 1014 858 1061 libro,
880 1028 992 1065 quem
1009 1015 1164 1053 videtur
1190 1013 1240 1052 ob
1260 1015 1391 1053 oculos
1416 1014 1593 1054 habuisse

127 1083 269 1121 Noster.
287 1078 540 1129 Multaigitur
556 1087 791 1116 concurrunt
811 1087 852 1116 ut
872 1079 1104 1116 Prooemium
1129 1079 1200 1117 hoc
1220 1079 1593 1130 scriptumputemus

127 1147 170 1185 ab
187 1145 337 1184 homine.
352 1144 590 1196 Christiano,
610 1144 829 1182 orthodoxo
849 1144 929 1192 illo,
951 1145 1024 1183 nisi
1043 1144 1220 1193 fallimur,
1243 1158 1286 1183 ac
1305 1159 1352 1183 ne
1371 1145 1592 1196 judaizante

126 1211 292 1262 quidem,
322 1218 409 1260 post
438 1209 546 1246 initia
565 1209 721 1247 secundi
740 1209 868 1246 saeculi
892 1221 901 1246 :
924 1222 971 1246 an
993 1209 1040 1247 ab
1067 1209 1202 1247 eodem
1227 1210 1292 1260 qui
1319 1209 1461 1248 librum
1488 1209 1590 1257 vlu,

129 1280 196 1322 52,
214 1272 284 1311 sub
296 1273 427 1311 eadem
444 1282 617 1324 tempora
634 1273 807 1324 scripsit,
841 1287 912 1311 nec
932 1287 1035 1321 nunc
1055 1274 1164 1312 facile
1190 1283 1247 1312 est
1280 1275 1429 1322 dicere,
1456 1283 1493 1312 et
1514 1287 1592 1312 me·
1627 1297 1639 1314 ι

127 1341 190 1378 lius
210 1339 248 1376 in
270 1339 442 1377 Excursu
465 1339 642 1390 proximo
661 1338 908 1390 disquiretur.

809 1459 897 1467 —
1318 1462 1333 1480 0

428 1551 540 1592 CAP.
560 1551 623 1591 lv.
645 1555 704 1590 De
722 1551 810 1590 libri
831 1557 951 1590 octava·
959 1562 1078 1603 parte
1097 1547 1274 1594 secuffda.

170 1668 282 1708 Liber
313 1677 473 1707 octavus
513 1668 660 1706 lacunis
694 1667 925 1720 quibusdam
957 1669 1167 1721 grandibus
1197 1669 1236 1708 in
1268 1677 1394 1721 partes
1422 1679 1589 1722 quatuor

123 1732 310 1782 dividitur,
337 1743 500 1783 quarum
528 1740 652 1770 tamen
684 1732 828 1770 ultimae
851 1732 936 1770 duae
956 1734 1018 1784 (an
1041 1733 1169 1772 verius
1197 1744 1312 1772 unam
1333 1734 1544 1772 efficientes
1555 1734 1585 1785 Ρ)

123 1809 230 1848 quum
249 1808 271 1834 a
285 1796 436 1834 nemine
456 1797 700 1847 antiquorum
720 1797 844 1834 citatae
864 1798 1118 1848 reperiantur,
1138 1810 1241 1836 nunc
1257 1806 1346 1835 sunt
1367 1798 1587 1836 amovendae

123 1869 155 1899 et
169 1861 202 1898 in
223 1860 324 1898 aliud
345 1869 495 1910 tempus
516 1859 756 1900 differendae.
780 1860 907 1899 Prima
928 1869 966 1899 et
985 1861 1152 1899 secunda
1168 1874 1190 1899 a
1208 1861 1407 1900 Lactantio
1426 1861 1587 1900 laudan-

124 1933 177 1962 tur
195 1933 371 1976 tanquam
391 1923 439 1962 ab
459 1924 590 1962 eadem
611 1924 756 1975 Sibylla
774 1925 974 1975 profectae,
996 1926 1087 1964 Div.
1110 1927 1199 1964 Inst.
1219 1926 1284 1972 lv,
1308 1927 1371 1973 153
1390 1925 1456 1964 sed
1478 1926 1586 1966 salso·

124 1989 171 2027 uti
190 1990 285 2027 infra
307 1987 647 2037 demonstrabitur,
669 2003 788 2040 quum
809 2002 857 2026 ne
879 1989 1000 2026 aetatis
1019 1988 1172 2040 quidem
1195 1988 1365 2040 ejusdem
1392 1984 1473 2028 esse
1492 2002 1584 2040 pos-

123 2053 213 2094 sint:
237 2067 258 2092 e
277 2053 415 2105 quibus
433 2053 618 2101 secunda,
643 2054 733 2104 quia
753 2053 895 2091 citatur
919 2066 942 2091 a
971 2052 1064 2091 divo
1089 2053 1264 2103 Justino,
1291 2053 1454 2105 ideoque
1478 2053 1585 2105 prior

123 2126 218 2155 aetate
234 2117 396 2165 videtur,
415 2117 583 2168 priorem
603 2117 642 2154 in
663 2117 733 2155 hac
753 2117 1019 2155 dissertatione
1035 2117 1159 2155 locum
1179 2116 1382 2158 obtinebit.

168 2181 301 2232 Incipit
315 2211 327 2233 ,
341 2193 379 2220 v.
404 2195 494 2232 217,
515 2181 563 2220 ab
578 2182 641 2220 illa
661 2181 959 2220 celebratissima
975 2181 1229 2219 acrostichide
1253 2195 1429 2220 versuum
1449 2194 1584 2231 xxxiv,

123 2256 275 2293 quorum
300 2245 418 2283 initiis
432 2246 687 2283 coniiciuntur
701 2259 812 2283 voces
830 2246 932 2283 istae:
951 2246 1584 2285 ΠΙΣΟΥΣ.ΧΡΕ1ΣΤΟΣ.ΘΕΟΥ.

126 2307 244 2348 ΥΙΟΣ.
271 2310 456 2350 ΣΩΤΗΡ.
481 2311 731 2350 ΣΤΑΥΡΟΣ.
757 2310 875 2361 Cujus
908 2311 1195 2361 qualiscumque
1224 2324 1290 2348 seu
1312 2309 1453 2361 poetici
1480 2309 1583 2348 lusus

125 2386 181 2411 seu
197 2375 350 2426 puerilis
369 2376 532 2424 artificii,
550 2388 598 2414 ne
618 2389 730 2427 quem
753 2376 852 2414 forte
875 2375 1038 2423 falleret,
1063 2374 1207 2426 Sibylla
1235 2376 1315 2427 ipsa
1334 2375 1493 2414 lectores
1515 2375 1582 2413 ad·

127 2441 262 2477 monuit
282 2440 341 2477 his
364 2440 503 2487 verbis,
525 2454 560 2480 v,
584 2447 685 2490 249:

270 2498 381 2548 Οὗτος
401 2506 419 2542 ὁ
438 2508 494 2542 νῦν
510 2503 720 2556 προγραφεὶς
745 2505 779 2543 ἐν
798 2503 1032 2558 ἀκροστιχίοις
1051 2503 1140 2548 Θεὸς
1159 2506 1273 2555 ἡμῶν.

125 2566 231 2606 Multa
261 2569 307 2608 de
332 2569 404 2607 huc
430 2569 686 2607 acrostichide
714 2578 836 2607 essent
869 2569 1031 2608 dicenda
1059 2583 1144 2621 quse
1179 2570 1364 2608 malumus
1400 2569 1439 2607 in
1464 2577 1581 2621 caput

125 2633 328 2681 proximum
348 2647 555 2679 reservare,
577 2634 723 2671 monito
744 2641 889 2672 tantum
907 2634 1051 2672 lectore
1066 2662 1076 2680 ,
1097 2633 1191 2671 duas
1219 2633 1300 2684 ejus
1320 2646 1400 2672 esse
1424 2641 1551 2684 partes
1565 2665 1577 2682 ,

125 2709 272 2745 quarum
291 2698 409 2749 prior,
427 2698 599 2736 versibus
620 2707 797 2736 constans
811 2712 939 2745 xxvu,
962 2706 1041 2736 tota
1063 2707 1121 2736 cst
1138 2698 1185 2736 de
1206 2698 1354 2749 judicio
1372 2710 1574 2749 supremo;

123 2759 242 2807 altera,
258 2762 430 2800 versibus
448 2775 516 2809 vn,
532 2762 578 2800 de
598 2770 736 2801 sanctae
749 2762 881 2801 Crucis
895 2761 1070 2800 laudibus
1086 2778 1095 2801 :
1112 2762 1313 2811 undc,‚sed
1326 2762 1404 2813 jam
1421 2762 1578 2801 acrosti-

124 2820 190 2859 chii
209 2824 285 2874 lege
304 2826 496 2876 neglecta,
521 2827 645 2878 pergit
672 2835 807 2878 poeta,
841 2841 874 2865 v.
906 2827 994 2873 251,
1018 2840 1120 2878 sqq„
1141 2835 1179 2865 et
1211 2827 1337 2865 statim
1364 2827 1500 2866 transit
1527 2826 1573 2865 ad

124 2885 273 2927 hominis
298 2890 598 2942 redemptionem
621 2905 689 2943 per
707 2892 838 2931 Crucis
859 2892 1078 2943 mysterium
1104 2893 1253 2931 saetam.
