1686 3500
117 198 213 243 422
480 197 560 241 AD
578 156 941 244 ‘SIBYLLtNos
976 198 1190 243 LIBROS

115 306 267 337 sanctos
293 297 471 337 videlicet
489 297 742 338 exscribendo
763 299 900 348 libros,
924 308 991 338 aut
1011 299 1275 352 excerpendo,
1299 303 1363 340 aut
1382 309 1588 354 utcumque

114 361 372 412 retractando,
393 361 468 401 sibi
487 363 600 401 simul
627 371 666 402 et
692 363 900 402 lectoribus
917 373 1100 415 prosunt,
1123 363 1266 408 ἑαυτούς
1289 379 1328 404 τε
1352 364 1413 403 καὶ
1441 362 1518 410 τοὺς
1537 367 1590 404 ἐν·

83 446 90 455 ·
116 426 349 479 τυγχάνοντας
365 426 511 481 ὠφελεῖν
530 425 741 477 δυναμένους
761 427 905 480 (ibid.).

166 490 272 529 Vixit
285 499 415 528 autem
435 488 507 528 sub
529 491 658 529 Romae
690 504 818 537 novae,
846 490 885 529 id
906 498 974 537 est,
994 491 1384 543 Constantinopoleos
1403 492 1588 542 imperio,

115 555 261 607 quippe
279 555 348 606 qui
363 553 507 604 Ῥώμης
523 556 586 602 τῆς
603 554 836 610 πρεσὸυτέρας
857 556 1088 594 mentionem
1119 556 1233 601 faciat
1259 555 1370 607 (ibid.
1389 557 1412 607 §
1442 556 1499 606 3);
1520 569 1590 594 nec

114 632 236 670 parvo
263 619 528 671 posttertium
555 620 733 658 saeculum
761 620 992 658 intervallo:
1019 634 1105 659 nam
1127 621 1174 659 de
1199 621 1400 659 Lactantio
1418 620 1592 672 loquitur

114 695 223 733 paene
251 691 292 721 ut
323 682 371 721 de
399 691 528 722 vetere
554 683 684 734 aliquo
711 684 921 734 scriptore,
942 684 1149 723 lectoribus
1177 685 1334 735 ignoto,
1366 683 1439 723 sibi
1475 684 1590 722 etiam

116 747 213 785 male
232 756 352 795 noto;
373 756 476 786 errat
502 749 579 785 imo
605 747 770 798 turpiter
797 747 886 785 dum
908 748 1088 800 Capitolii
1114 748 1349 787 sacerdotem
1372 748 1479 786 illum
1501 747 1592 786 facit

115 809 254 863 (ibid).
271 810 345 850 Sed
366 811 467 849 idem
489 811 647 849 sortasse
664 824 739 848 non
757 811 857 849 infra
877 821 1023 850 sextum
1044 813 1222 850 saeculum
1244 811 1501 850 demittendus
1521 820 1588 852 est.

115 875 308 927 Loquitur
331 875 430 913 enim
449 875 497 913 de.
515 874 722 926 gentilibus
735 905 746 924 ,
766 880 837 919 τοῖς
858 878 995 915 νοσοῦσι
1015 876 1057 915 τὰ
1076 878 1144 914 τῶν
1167 875 1350 923 Ἑλλήνων
1369 875 1476 927 (ibid.
1494 879 1513 922 S
1535 876 1588 926 4),

114 947 293 990 tanquam
320 938 448 976 adhuc
474 951 543 976 suo
573 947 746 990 tempore
775 939 920 991 aliquid
947 940 1173 980 valentibus.
1201 940 1262 979 Ait
1289 940 1375 978 illos
1404 939 1591 990 Sibyllina

116 1011 361 1041 contemnere
383 1020 400 1036 ι
420 1016 506 1054 quae
525 1002 628 1054 apud
648 1016 719 1041 nos
741 1003 1002 1052 inveniuntur,
1019 1021 1034 1038 υ
1056 1002 1099 1042 τὰ
1127 1005 1208 1056 παρ’
1232 1007 1318 1055 ἡμῖν
1338 1003 1588 1057 εὑρισκόμενα,

113 1067 274 1120 perinde
295 1071 344 1105 ‘ac
366 1067 397 1106 si
428 1067 550 1105 divisa
575 1068 770 1123 etiamtum
799 1068 930 1106 fuisset
959 1068 1127 1106 humana
1156 1081 1246 1120 gens
1267 1069 1305 1106 in
1326 1068 1421 1106 duas
1440 1077 1591 1119 partes,

113 1133 205 1171 hinc
223 1133 460 1172 Christianos
473 1162 483 1180 ,
504 1132 609 1170 illinc
626 1133 808 1184 gentiles:
830 1133 932 1184 quod
960 1133 1086 1171 adhuc
1107 1133 1267 1171 fortasse
1288 1134 1359 1172 sub
1375 1134 1590 1172 Justiniauo

114 1198 228 1236 scribi
247 1197 392 1248 potuit,
411 1197 477 1235 sed
497 1197 652 1234 minime
667 1205 754 1246 post
772 1197 903 1248 illum,
923 1198 1110 1236 exstineto
1129 1198 1344 1236 saevissimis
1365 1198 1446 1249 ejus
1467 1198 1591 1249 impe-

111 1261 252 1300 ratoris
270 1260 431 1299 decretis
446 1260 635 1312 quidquid
655 1273 675 1298 e
689 1273 836 1312 pagana
853 1263 1124 1313 superstitione
1143 1262 1386 1311 remanebat,
1405 1263 1590 1314 vestigiis-

112 1339 186 1376 que
204 1334 373 1364 veterum
393 1338 604 1371 sacrorum,
629 1338 711 1376 quae
726 1325 787 1363 vel
810 1325 963 1364 minima
981 1336 1231 1377 supererant,
1252 1327 1324 1366 nisi
1343 1327 1444 1365 forte
1464 1327 1503 1364 in
1523 1327 1592 1365 ob-

114 1402 228 1428 scuro
255 1388 368 1427 viculi
389 1388 550 1439 alicujus
570 1389 730 1439 angulo,
749 1403 906 1440 prorsus
926 1389 1074 1430 deletis.

166 1452 271 1492 Adde
296 1451 400 1504 quod
433 1453 568 1492 Noster
597 1453 789 1491 fastidium
822 1453 1020 1504 Sibyllinae
1050 1467 1210 1506 poeseos
1242 1454 1332 1492 inde
1354 1462 1480 1492 ortum
1510 1455 1588 1501 ait,

113 1517 220 1569 quod
239 1517 311 1555 ista
333 1517 488 1555 oracula
516 1516 628 1555 nimis
655 1517 807 1569 vulgata
836 1518 1203 1558 circumferrentur:
1229 1517 1333 1558 ’Emi
1361 1512 1418 1558 οὖν
1445 1517 1490 1558 τὰ
1508 1520 1590 1573 παρ’

113 1584 199 1633 ἡμῖν
219 1580 446 1635 εὑρισκόμενα
463 1579 697 1629 Σιὸυλλιακὰ,
709 1612 718 1622 .
735 1611 744 1621 .
762 1583 826 1625 ,ὡς
843 1582 1045 1636 εὐπόριστα,
1065 1588 1134 1626 τοῖς
1158 1585 1297 1622 νοσοῦσι
1320 1585 1392 1622 τῶν
1409 1582 1589 1630 Ἑλλήνων

115 1644 399 1698 εὐκαταφρόνητοί
417 1646 492 1685 ἐστι
514 1644 569 1697 (τὰ
590 1645 659 1699 γὰρ
679 1645 810 1684 σπάνια
834 1645 938 1698 τίμια
964 1647 1091 1697 δοκεῖ),
1121 1661 1154 1685 κ.
1182 1663 1215 1686 τ.
1243 1647 1274 1686 λ.
1305 1649 1430 1698 Atque
1458 1646 1497 1685 id
1513 1645 1590 1698 jam

115 1710 228 1750 initio
244 1711 476 1762 praefationis
494 1710 688 1751 innuerat.
721 1712 815 1750 Nam
838 1711 943 1763 quod
965 1712 1029 1749 hic
1044 1710 1088 1750 τὰ
1115 1712 1199 1765 παρ’
1224 1715 1310 1763 ἡμῖν
1338 1711 1589 1764 εὑρισκόμενα,

115 1775 217 1815 idem
240 1775 388 1814 dixerat
404 1789 520 1827 supra
541 1776 563 1826 §
593 1790 624 1825 ι,
650 1775 730 1820 τοὺς
743 1775 1009 1827 ἐπιλεγομένους
1028 1775 1281 1819 Σιῧυλλιακοὺς
1305 1774 1486 1830 χρησμοὺς
1504 1791 1590 1815 σπο-

119 1836 225 1890 ράδην
254 1837 526 1891 εὑρισκομένους.
549 1838 679 1886 Quod,
698 1838 812 1878 nobis
831 1839 984 1891 quidem
997 1839 1206 1891 judicibus,
1229 1848 1377 1879 aetatem
1398 1841 1498 1891 sapit
1517 1854 1590 1880 non

117 1902 195 1949 illa,
226 1915 341 1953 quam
368 1902 546 1951 diximus,
575 1903 842 1954 posteriorem.
862 1903 1018 1955 Quippe
1037 1904 1165 1942 medio
1197 1917 1293 1949 aevo,
1315 1914 1402 1955 post
1421 1917 1503 1944 saeo.
1522 1907 1587 1955 vl,

119 1967 351 2005 mentionem
375 1967 515 2005 scimus
537 1967 616 2005 sero
641 1968 785 2006 nullam
809 1968 911 2020 apud
941 1970 1174 2020 Byzantinos
1202 1969 1370 2007 inveniri
1406 1968 1588 2014 librorum

117 2029 412 2081 Sibyllinorum,
428 2030 480 2069 ita
501 2039 543 2069 ut
559 2038 639 2069 tum
656 2031 851 2083 plerisque
868 2032 1084 2071 inOriente
1103 2031 1320 2082 viventibus
1337 2032 1459 2083 ignoti
1479 2032 1589 2070 fuisse

121 2094 322 2133 videantur
340 2095 486 2145 (confer
505 2095 683 2147 Append.
702 2095 750 2134 ad
771 2097 864 2135 Exc.
884 2097 962 2147 lv).

169 2159 212 2198 Id
232 2172 323 2197 vero
339 2158 452 2197 nobis
475 2160 635 2198 multum
656 2159 774 2199 habet
795 2161 977 2199 momenti
995 2174 1004 2198 ι
1022 2174 1134 2211 nam,
1165 2169 1208 2198 ut
1229 2173 1360 2198 verum
1392 2159 1588 2208 fateamur,

117 2223 284 2275 suspicio
310 2222 420 2262 nobis
439 2224 530 2262 olim
551 2224 680 2276 aliqua
700 2224 965 2276 subrepserat,
979 2225 1119 2262 saeculo
1140 2225 1299 2263 sortasse
1325 2224 1392 2263 XV
1415 2224 1602 2275 scriptam-

117 2288 235 2325 fuisse
253 2287 353 2325 hanc
370 2286 629 2339 praefationem
660 2302 682 2326 a
700 2289 900 2328 Scholario
915 2302 983 2326 seu
1000 2288 1199 2327 Gennadio
1218 2288 1431 2340 patriarcha
1444 2317 1456 2336 ,
1481 2301 1586 2340 quem

119 2350 303 2401 Sibyllina
325 2358 507 2389 tractasse
527 2363 738 2402 eorumque
763 2351 1000 2389 mentionem
1019 2350 1161 2390 alicubi
1185 2351 1415 2403 scriptorum
1438 2362 1586 2390 suorum

121 2414 252 2452 secisse
267 2427 517 2461 noveramus5
531 2415 597 2466 qui
616 2415 674 2454 vir
701 2416 749 2455 de
768 2416 826 2454 sui
847 2415 1029 2467 temporis
1054 2415 1312 2467 neo-paganis
1325 2416 1379 2453 ita
1396 2415 1500 2467 loqui
1516 2427 1586 2465 po-

122 2487 265 2526 tuerat,
289 2487 370 2518 tum
395 2493 514 2531 quum
541 2479 722 2519 adversus
741 2488 1002 2518 renascentem
1029 2479 1226 2519 Plethonis
1244 2479 1422 2531 auspiciis
1441 2478 1588 2530 gentili-

123 2549 238 2580 tatem
257 2551 409 2581 strenuc
431 2543 684 2596 depugnat-et.
709 2544 813 2583 Idem
832 2545 968 2593 etiam,
990 2544 1082 2582 licet
1100 2543 1148 2582 ab
1167 2544 1272 2582 omni
1292 2552 1401 2595 parte
1425 2544 1587 2591 Graecus,

121 2614 158 2644 et
188 2605 279 2644 inde
300 2607 444 2646 Latinis
469 2621 679 2660 eorumque
706 2608 828 2646 literis
855 2621 990 2660 parum
1020 2621 1173 2659 aequus,
1202 2616 1383 2659 potuerat
1412 2616 1532 2646 tamen
1549 2605 1588 2643 in

120 2669 241 2719 ltalia,
253 2683 372 2721 quum
388 2671 616 2711 Florentinae
633 2672 783 2724 synodo
801 2673 1082 2721 interesset,vel
1102 2672 1220 2711 fando
1234 2672 1295 2711 vel
1309 2673 1420 2711 etiam
1433 2669 1588 2722 legendo

122 2735 287 2786 aliquam
305 2735 403 2774 inire
422 2749 509 2774 cum
536 2737 734 2775 Lactantio
767 2738 1100 2777 consuetudinem.
1123 2738 1264 2776 Verum
1295 2751 1373 2776 non
1402 2737 1464 2775 ille
1491 2742 1590 2773 certe

121 2800 347 2851 scripsisset,
368 2801 505 2840 saeculo
522 2815 591 2839 suo
610 2801 747 2853 quinto
766 2802 928 2848 decimo,
951 2802 1157 2853 Sibyllinos
1176 2801 1308 2851 libros,
1329 2811 1370 2841 ut
1386 2800 1496 2839 nimis
1515 2798 1590 2836 vul-

120 2873 228 2914 gatos
252 2877 273 2903 a
293 2863 522 2916 quibusdam
544 2865 703 2905 fastidiri
721 2895 731 2918 ,
748 2879 867 2919 quum
896 2867 1146 2906 certissimum
1176 2867 1224 2906 sit
1251 2880 1384 2906 eorum
1409 2864 1588 2904 librorum
