1752 3495
113 302 301 358 ’τιαρουσίαν
330 301 450 341 αὐτοῦ.
482 301 526 340 In
554 300 613 346 his
640 300 852 356 continuusv
873 290 1146 338 sententiarum
1174 299 1291 347 ordo,
1317 313 1362 338 ac
1389 299 1451 338 vel
1479 299 1577 339 illud

115 373 232 423 ipsum
263 364 504 418 participium
534 363 644 416 λέγων
671 363 762 402 satis
794 372 928 415 aperte
956 370 1158 412 monstrat,
1182 358 1309 401 omnia
1332 371 1419 414 post
1443 375 1575 402 vocem

114 432 231 473 λάὸετι
246 429 366 471 Paulo
385 428 457 480 ipsi
471 442 493 468 a
512 429 706 468 Clemente
723 427 855 477 tribui,
875 427 1034 479 perinde
1053 440 1156 465 nunc
1174 426 1256 476 ejus
1276 426 1403 465 verbis
1421 436 1549 467 utente
1563 460 1576 477 ,

114 493 432 550 quemadmodum
447 492 550 532 haud
567 492 689 531 multo
708 501 819 530 antea
837 492 943 532 Petri
959 490 1218 531 testimonium
1237 490 1426 531 attulerat.

166 561 312 602 Atenim
336 558 415 597 haec
447 558 587 597 Paulus
613 557 739 597 dicere
758 569 836 596 non
856 556 993 610 potuit.
1012 578 1060 586 —
1077 557 1153 596 Nec
1177 555 1290 594 nobis
1310 555 1350 594 id
1379 555 1578 608 probabile

118 629 282 673 videtur,
308 623 379 662 etsi
407 637 477 675 per
494 636 533 662 se
550 636 629 661 non
651 621 873 661 absurdum.
894 621 1050 661 Minime
1077 620 1222 673 quippe
1240 633 1328 659 eum
1353 628 1533 671 putamus
1558 634 1580 659 a

116 691 261 743 Sibyllae
283 696 349 728 aut
367 687 567 740 Hystaspis
584 685 780 738 operibus,
802 686 832 725 si
849 686 931 737 ipsa
951 684 1002 724 ob
1027 698 1160 724 manus
1180 683 1394 734 habuisset,
1413 697 1457 723 ac
1472 684 1505 723 si
1520 698 1581 723 res

119 759 167 796 ita
197 753 358 799 tulisset,
386 752 547 790 citandis
579 750 843 789 abstenturum
877 750 1014 797 ruisse,
1045 751 1113 800 qui
1146 747 1408 800 Epimenidem
1436 758 1582 797 vatem,

119 820 180 873 qui
215 817 324 856 etiam
360 816 614 855 Menandrum
650 815 841 854 comicum
874 815 1039 865 allegare
1074 827 1151 852 non
1185 813 1389 855 dubitavit.
1426 815 1600 866 Sibyllae'

120 898 203 924 vero
222 891 348 935 partes
371 881 552 933 quasdam
580 881 750 932 potuisse
773 880 827 919 illi
855 888 995 931 praesto
1023 893 1104 918 esse
1130 880 1438 921 monstravimus.
1467 880 1579 928 Quod

121 950 164 989 ad
194 951 420 999 llystaspem
451 947 608 994 attinet,
639 945 757 997 magis
783 945 1006 996 ambiguum
1032 953 1090 983 est
1126 953 1254 983 uti-um
1282 959 1302 982 a
1331 944 1421 982 divo
1459 946 1580 984 Paulo

123 1013 268 1054 tractari
284 1011 481 1064 potuerint
505 1010 589 1062 ejus
614 1010 716 1058 libri,
744 1010 770 1048 ii
789 1008 920 1048 saltem
946 1009 1013 1061 qui
1043 1009 1116 1047 sub
1142 1009 1216 1047 isto
1238 1009 1393 1048 nomine
1411 1009 1582 1049 secundo

122 1078 249 1120 saeculo
273 1075 529 1124 cursitabant,
547 1090 569 1114 a
587 1076 742 1115 Justino
770 1083 938 1126 martyre
961 1087 1039 1113 uon
1061 1073 1178 1112 semel
1208 1073 1334 1122 citati,
1365 1073 1414 1113 de
1442 1074 1583 1126 quibus

124 1157 186 1182 uos
214 1143 323 1194 plura
350 1141 388 1178 in
416 1140 513 1180 Exc.
532 1140 578 1179 V.
602 1141 697 1180 Nam
722 1153 771 1178 ex
798 1152 932 1177 eoi-um
964 1138 1182 1188 fragmentis
1209 1137 1410 1178 indiciisve
1430 1139 1583 1191 paucis·

125 1207 217 1247 simis
229 1214 313 1259 quat:
328 1204 430 1257 apud
450 1204 666 1251 Jusssnum,
683 1204 917 1244 Clementem
937 1211 975 1242 et
991 1203 1231 1241 Lactantium
1248 1212 1413 1251 exstant,
1431 1204 1585 1243 difficile

125 1281 173 1311 est
190 1280 267 1309 tuto
285 1269 412 1308 dicere
428 1269 637 1321 juda'icaenc
663 1282 709 1307 an
740 1268 867 1319 potius
884 1268 1097 1306 christiana:
1127 1269 1268 1307 fuerint
1296 1269 1454 1320 originis
1479 1268 1586 1321 (alte-

127 1345 259 1375 rutrum
279 1343 380 1374 certe
415 1347 568 1373 necesse
597 1333 679 1385 est).
714 1334 844 1385 Ipsum
867 1332 961 1378 hoc,
988 1331 1037 1371 de
1063 1346 1142 1384 quo
1172 1346 1275 1372 nunc
1299 1333 1444 1385 agitur,
1476 1333 1583 1373 testi-

129 1399 302 1446 monium,
329 1398 418 1436 licet
448 1407 581 1450 aperte
609 1399 794 1450 seriptum
823 1397 870 1435 de
901 1396 1042 1436 Christi
1071 1398 1373 1449 exspectatione,
1407 1400 1585 1452 ὑπομονῇ.

127 1464 238 1516 deque
255 1461 363 1514 <jus
355 1462 521 1502 adventu
527 1461 748 1516 ,παρουσία,
768 1471 806 1500 et
835 1460 884 1500 de
909 1462 1173 1514 persecutione
1203 1461 1415 1501 adversus
1407 1476 1529 1514 ipsum
1547 1471 1584 1502 et

127 1529 319 1581 discipulos
335 1527 502 1576 oritura,
523 1526 638 1571 καθὼς
651 1525 845 1580 παράταξιν
858 1525 1043 1574 ποιήσουσι
1058 1529 1110 1565 τῶ
1128 1527 1270 1605 Χριστῶ
1287 1526 1411 1566 πολλοὶ
1431 1527 1585 1580 βασιλεῖς

130 1609 290 1643 μισοῦντες
305 1592 407 1632 αὐτον
426 1608 485 1630 >tat
505 1608 582 1637 ¹too<
607 1607 795 1647 Φορουντας
811 1606 851 1630 TO
863 1606 974 1640 ΟΥΟμα
993 1592 1096 1630 αὐτου
1116 1607 1173 1630 λαὶ
1194 1607 1232 1629 TO
1236 1607 1271 1634 ’.Ις
1290 1608 1432 1637 πιστους
1459 1593 1584 1640 αὗῖοῦ,

128 1660 187 1697 etsi
215 1658 457 1697 christianum
490 1658 608 1709 magis
639 1657 819 1707 videtur,-
847 1655 1044 1707 judaicum
1074 1669 1208 1695 revera
1234 1670 1314 1696 esse
1336 1666 1492 1710 posset:
1518 1661 1584 1697 vix

130 1723 216 1762 enim
241 1722 367 1762 differt
397 1721 446 1761 ab
480 1722 525 1760 iis
557 1735 641 1773 quae
673 1721 714 1759 in
746 1720 1026 1771 Sibyllinorum
1050 1729 1269 1760 nostrorum
1291 1720 1446 1773 judaica
1475 1730 1584 1774 parte

130 1788 302 1838 leguntur,
318 1786 384 1825 lib.
402 1788 470 1835 111,
486 1800 524 1826 v.
547 1786 637 1835 663,
656 1799 742 1837 sqq.
760 1799 771 1824 :

323 1850 428 1891 Ἀλλὰ
443 1851 549 1890 πάλιν
567 1852 732 1901 βασιλῆες
746 1851 851 1890 ἐθνῶν
871 1850 929 1889 ἐπὶ
948 1849 1049 1899 τήνδε
1066 1866 1104 1889 τε
1122 1856 1225 1901 γαῖαν

319 1915 450 1969 ’ἁθρόοι
464 1915 700 1993 ὁρμήσονται,
718 1917 850 1959 ἑαυτοῖς
866 1919 957 1969 κῆρα
977 1914 1144 1969 φέροντες.

320 1979 436 2028 Σηκὸν
455 1978 523 2034 γὰρ
540 1978 706 2032 μεγάλοιο
726 1979 820 2020 Θεου
844 1980 904 2019 καὶ
922 1981 1040 2032 φῶτας
1058 1978 1218 2033 ἀρίστους

320 2046 469 2099 Πορθεῖν
489 2044 738 2097 βουλήσονται,
756 2059 790 2084 κ.
807 2060 838 2084 τ.
855 2045 890 2083 λ.

130 2110 212 2155 Quae
229 2118 346 2148 tamen
367 2123 446 2148 non
463 2110 551 2149 ideo
569 2118 769 2158 notamus,
794 2119 837 2148 ut
860 2110 919 2148 vel
943 2109 1109 2161 pseudo·
1112 2109 1292 2161 Hystaspi
1317 2088 1582 2162 antiquitatem

132 2171 288 2220 nimiam,
307 2173 365 2211 vel
394 2172 653 2212 authenticam
676 2172 819 2210 fidem
803 2173 881 2228 ipsi
904 2172 1052 2224 pseudo
1054 2172 1232 2212 -Paulino
1249 2173 1464 2212 testimonio
1483 2187 1583 2214 asse·

133 2248 254 2275 ramus.
276 2238 438 2276 Ductum
460 2237 559 2276 euim
592 2236 703 2275 uobis
723 2236 794 2275 hoc
814 2237 967 2275 videtur
984 2251 1032 2276 ex
1053 2237 1184 2288 aliquo
1203 2238 1316 2289 primi
1336 2239 1459 2277 saeculi
1479 2238 1583 2278 desi·

86 2311 90 2314 ·
134 2300 242 2338 uentis
262 2302 317 2340 vel
338 2302 493 2342 secundi
525 2302 743 2354 incipientis
765 2302 1002 2354 apocrypho,-
1021 2316 1066 2341 ac
1085 2302 1322 2353 potissimum
1341 2317 1363 2342 e
1388 2303 1497 2343 Pauli
1515 2317 1581 2342 ac·

135 2362 187 2411 tis,
200 2377 274 2413 quae
288 2365 467 2414 citantur,
490 2364 633 2406 Παύλου
651 2364 807 2420 πράξεις,
823 2369 871 2404 ab
894 2365 1071 2415 Eusebio,
1082 2367 1176 2406 nist,
1192 2367 1283 2405 eccl.
1295 2366 1363 2406 lib.
1381 2368 1448 2417 lll,
1462 2381 1495 2406 c.
1511 2368 1582 2408 25:

70 2444 73 2448 ·
135 2438 200 2475 quo
211 2442 252 2465 ex
266 2429 451 2469 insincero
470 2430 573 2469 sonte
585 2431 713 2468 salsam
730 2430 808 2469 divi
822 2431 930 2470 Pauli
947 2431 1217 2469 allocutionem
1230 2431 1402 2470 Clemens
1416 2432 1584 2472 hausisse

136 2491 289 2541 videtur,
318 2495 637 2546 quemadmodum
664 2510 778 2548 supra
802 2496 880 2535 divi
904 2496 1007 2536 Petri
1034 2495 1178 2535 dictum
1198 2495 1247 2535 ab
1268 2498 1402 2536 eodem
1428 2497 1582 2537 allatum

137 2554 246 2594 suerat
269 2560 399 2609 procul
431 2559 551 2598 dubio
571 2574 648 2599 non
679 2575 725 2600 ex
756 2560 874 2612 ipsius
896 2560 1069 2612 Apostoli
1089 2561 1282 2600 catholicis
1302 2563 1490 2613 epistolis,
1516 2563 1583 2602 sed

137 2631 176 2656 ex
191 2623 415 2675 apocryphis
433 2624 515 2677 ejus
529 2625 646 2673 Actis,
662 2624 852 2679 ῙΙράξεσιν,
871 2626 1016 2676 pariter
1038 2624 1085 2663 ab
1113 2625 1278 2664 Eusebio
1295 2628 1415 2666 citatis
1428 2657 1439 2679 ,
1454 2628 1586 2668 aliisve

139 2682 210 2719 talis
223 2688 432 2736 argumenti
448 2688 585 2735 libris3
617 2689 744 2740 plures
764 2689 865 2726 euim
884 2688 1053 2733 fuerunt,
1076 2697 1118 2726 ut
1150 2687 1285 2742 Πέτρου
1314 2690 1586 2744 ἀναγνωρισμός,

133 2757 228 2785 nuuc
251 2749 362 2789 latine
390 2762 600 2803 superstes,
629 2752 764 2805 Πέτρου
792 2752 980 2805 κήρυγμα,
1003 2751 1139 2806 Πέτρου
1167 2754 1406 2808 ἀποκάλυψις,
1433 2770 1468 2797 κ.
1491 2771 1524 2795 τ.
1546 2757 1583 2797 λ.

140 2807 342 2852 Lactantius
371 2815 524 2866 quidem
553 2818 660 2858 Petii
684 2826 722 2856 ct
750 2817 859 2858 Pauli
882 2817 1214 2870 ptaedicationem,
1235 2833 1319 2871 quae
1338 2820 1467 2859 nomae
1488 2821 1587 2860 sacta

140 2883 230 2926 enat,
250 2889 317 2915 suo
337 2887 507 2931 tempme
526 2890 672 2921 exstare
692 2881 824 2933 docet,
849 2882 1110 2934 nonnullaque
1126 2897 1174 2922 ex
1189 2898 1233 2923 ea
1253 2884 1420 2936 profert,
1438 2884 1504 2924 lib.
1526 2885 1588 2934 lv,

258 2948 340 2994 ΠΙ.
1344 2970 1359 2999 1
1372 2971 1396 3016 7
