1686 3500
595 164 951 212 ⁴Exomzsns
984 167 1075 211 vs
1173 190 1178 203 .-
1328 215 1400 229 Η
1488 167 1582 214 409

107 269 310 303 tractatum
343 261 392 300 ad
425 273 535 300 usum
555 260 749 313 praecipue
769 260 1009 300 scholarum:
1026 257 1081 299 'ex
1100 273 1178 311 quo
1204 262 1344 301 Noster
1361 260 1582 313 decerptum

106 335 228 366 totum
253 338 361 377 paene
378 325 533 363 initium
554 337 677 376 usque
699 324 748 362 ad
775 337 928 364 versum
949 329 1127 374 74„n0n
1156 322 1285 364 'timuit
1302 325 1366 366 ,ad
1399 324 1583 377 Sibyllam

106 389 327 439 transferre,
347 397 483 442 utpote
503 402 616 442 quam
633 388 834 441 phocylidi
851 388 1073 442 praeluxisse
1088 383 1148 427 vel
1169 388 1342 429 crederet
1358 390 1440 443 ipse
1458 391 1519 430 vel
1533 389 1583 430 ab

104 455 186 496 aliis
205 455 309 494 credi
334 456 460 494 vellet.
481 456 539 495 Ex
560 454 608 493 iis
633 463 760 493 tamen
783 468 868 506 quae
887 455 927 493 in
945 453 1114 494 carmine
1135 455 1320 507 γουθετικῷ
1342 455 1584 505 inveniebat,

103 520 287 560 nonnulla
298 516 520 572 *amputavit
536 533 622 570 quae
643 519 769 559 minus
794 519 902 558 utilia
917 519 1176 558 videbantur:
1203 532 1250 558 an
1275 519 1447 571 quaedam
1467 520 1582 559 etiam

104 586 151 625 de
169 598 240 624 suo
258 584 468 631 addiderit,
488 597 532 622 ea
546 584 790 636 potissimum
808 598 895 636 quae
911 593 1008 625 ‚sunt
1025 597 1047 622 e
1069 583 1211 623 sanctis
1229 583 1337 622 libris
1361 582 1583 636 desumpta,

103 655 271 689 statuere
290 662 367 686 non
389 648 593 697 audemus,
611 649 699 700 quia
717 649 844 700 potuit
859 649 923 687 illa
940 647 1021 700 jam
1050 657 1138 687 ante
1165 661 1205 687 se
1224 648 1456 700 interpolata
1476 661 1585 700 repe-

104 713 181 752 rire
194 713 234 752 in
257 713 468 765 exemplari
497 726 580 753 sno.

137 956 250 996 CAP.
275 955 358 998 xli.
382 959 440 994 De
461 958 549 994 libri
566 961 666 994 tertii
677 965 794 1007 parte
804 958 960 1006 prima,
985 970 1032 994 ac
1046 958 1093 994 de
1107 957 1276 1004 ejusdem
1298 955 1380 994 libri
1392 957 1549 1007 epilogo.

154 1093 377 1133 Transimus
400 1093 449 1132 ad
480 1094 631 1133 initium
659 1095 848 1134 hactenus
869 1108 892 1134 a
920 1094 1032 1134 nobis
1050 1088 1266 1148 neglectum
1286 1095 1390 1134 tertii
1412 1093 1519 1143 libri,
1537 1094 1586 1134 de

101 1172 181 1212 quo
200 1167 289 1198 ante
308 1160 438 1199 omnia
458 1160 676 1199 monendus
694 1161 829 1210 lector,
846 1175 922 1200 non
940 1175 1093 1213 semper
1111 1161 1214 1201 idern
1231 1160 1327 1200 illud
1350 1161 1464 1200 fuisse
1481 1150 1592 1212 quod*

102 1238 206 1262 nunc
237 1232 320 1273 est,
337 1223 404 1263 sed
435 1224 472 1262 in
502 1224 616 1262 editis
639 1225 839 1276 prioribus
861 1225 1020 1264 ductum
1045 1226 1161 1264 fuisse
1181 1226 1261 1277 ejus
1282 1225 1432 1264 initium
1463 1225 1513 1264 ab
1539 1237 1586 1263 eo

104 1297 250 1327 tantum
268 1302 380 1327 versu
401 1289 469 1340 qui
486 1303 590 1327 nunc
609 1298 667 1328 est
689 1303 728 1329 v.
748 1291 797 1328 63
818 1304 827 1330 :
855 1289 925 1329 Ἐκ
943 1289 980 1328 δὲ
999 1290 1248 1338 Σεὸαστηνῶν,
1262 1306 1295 1329 κ.
1315 1305 1348 1330 τ.
1362 1290 1395 1328 λ.
1413 1289 1489 1328 Sed
1512 1289 1586 1327 hoc

102 1353 266 1402 sactum,
292 1361 336 1391 ut
365 1353 445 1405 jam
479 1353 569 1392 olim
603 1353 641 1391 in
672 1354 775 1392 notis
810 1353 858 1392 ad
886 1355 925 1392 h.
948 1355 974 1393 l.
1001 1354 1190 1402 diximus,
1218 1367 1324 1392 mero
1359 1353 1587 1393 Castalionis

101 1431 257 1465 errore,
275 1418 337 1457 cui
354 1431 431 1456 non
447 1427 504 1457 est
519 1419 664 1458 diutius
681 1420 963 1458 immorandum
971 1422 1207 1471 ‚praesertim
1226 1433 1345 1471 quum
1364 1431 1408 1457 ea
1426 1418 1588 1470 quaestio

100 1484 220 1535 paulo
237 1483 336 1522 infra
351 1492 488 1535 sponte
510 1485 683 1523 reditura
699 1485 760 1523 sit.

154 1546 283 1587 Prima
310 1555 438 1586 autem
461 1547 574 1597 hujus
593 1547 702 1596 libri,
730 1556 773 1587 ut
794 1561 898 1587 nunc
918 1561 958 1587 se
978 1547 1140 1595 habent,
1166 1560 1254 1587 cum
1286 1547 1467 1586 extremis
1496 1545 1586 1585 libri

101 1611 260 1650 secundi
287 1620 395 1650 arcto
416 1612 584 1663 quodam
613 1613 766 1651 vinculo
795 1614 1011 1662 cohaenere,
1040 1626 1153 1652 nemo
1181 1612 1390 1665 negaverit.
1411 1612 1504 1651 Nam
1523 1624 1586 1650 se-

101 1676 217 1716 cundi
232 1677 317 1715 linis
337 1678 399 1716 hic
417 1687 523 1718 erat:
1383 1680 1388 1686 '

259 1741 349 1781 ιἨδιε
368 1743 397 1781 δ’
418 1742 508 1795 ἐγὼ,
528 1743 672 1795 λίτομαι
692 1759 731 1783 σε
744 1775 754 1795 ,
782 1744 882 1797 βαιὸν
903 1744 1040 1784 παῦσαί
1060 1759 1102 1795 με
1117 1734 1257 1791 ἀοιδῆς,

258 1805 356 1858 Ἅγιε
376 1808 570 1859 μαννοδότα
585 1837 595 1857 ,
619 1809 762 1861 βασιλεῦ
783 1808 939 1861 μεγάλης
957 1808 1137 1859 βασιλείης
1151 1838 1162 1858 ,

101 1887 187 1925 quae
212 1887 283 1912 nos
309 1887 330 1911 a
357 1887 426 1912 suo
456 1876 540 1912 loco
568 1888 668 1926 aegre
697 1875 826 1914 revelli
852 1889 965 1927 posse
986 1875 1229 1921 monuimus,
1251 1873 1414 1924 ideoque
1439 1884 1532 1911 vera
1549 1880 1587 1910 et

100 1938 264 1990 genuina
292 1937 470 1977 habenda
492 1952 592 1986 esse,
611 1941 784 1990 prosecta
802 1953 936 1991 nempe
956 1939 1005 1977 ab
1026 1940 1113 1990 ipso
1145 1939 1336 1976 librorum
1355 1938 1424 1976 let
1447 1937 1481 1976 11
1503 1936 1589 1988 pri-

102 2003 224 2042 mario
243 2011 418 2042 auctore.
437 2004 549 2042 Nunc
563 2004 701 2043 tertius
715 2004 815 2042 liber
830 2004 882 2043 ita
904 2003 1040 2055 incipit
1059 2019 1067 2041 :

258 2065 415 2122 Obpa'vt',
430 2067 665 2122 ὓψιὸρεμὲτα,
684 2067 819 2124 μάκαρ,
841 2068 878 2114 ὃς
895 2069 988 2122 ἔχεις
1005 2068 1046 2107 τὸ
1065 2067 1245 2121 Χερουὸὶμ

261 2131 401 2185 Ἱδρυμέ
404 2147 482 2179 νον,
501 2132 673 2184 λίτομαι,
690 2132 896 2181 παναληθέα
916 2133 1117 2187 φημίξασαν

261 2198 405 2236 Παῧσον
428 2197 527 2250 βαιόν
546 2213 589 2249 με
599 2228 610 2248 ,
626 2213 663 2239 κ.
684 2214 715 2238 τ.
736 2199 769 2238 λ.

103 2262 243 2301 Sensus
261 2261 386 2310 idem,
408 2262 528 2301 verba
562 2276 685 2315 prope
712 2263 844 2302 eadem
858 2277 977 2315 ,quae
1005 2271 1139 2314 aperte
1152 2263 1206 2301 sie
1235 2263 1275 2301 in
1293 2240 1409 2313 hujus
1432 2230 1586 2300 librili

103 2327 207 2365 mine
225 2326 428 2379 iterantur,
449 2336 492 2366 ut
510 2328 654 2366 aditum
679 2328 911 2381 patefaciant
927 2328 973 2367 ad
995 2330 1225 2381 sequentia.

261 2389 367 2429 Ἀλλὰ
389 2391 422 2429 τί
441 2406 501 2443 μοι
519 2392 644 2446 κραδίη
657 2422 667 2441 ,
685 2409 721 2433 κ.
736 2409 767 2432 τ.
787 2394 819 2432 λ.
956 2433 957 2436 ,

102 2454 360 2502 Quaerendum
381 2456 499 2508 igitur
519 2467 647 2512 utrum
664 2459 717 2497 sic
733 2459 868 2498 iterata
883 2459 1026 2498 suerint
1041 2458 1089 2497 ab
1106 2459 1191 2510 ipso
1208 2456 1396 2496 librorum
1413 2455 1586 2508 priorum

103 2520 321 2572 Sibyllina,
352 2535 400 2560 an
428 2522 476 2561 ab
505 2523 605 2574 alio,
629 2523 808 2563 videlicet
826 2523 876 2562 ab
896 2524 1045 2563 editore
1065 2523 1143 2562 sive
1159 2521 1408 2568 emendatore
1435 2520 1587 2572 aliquo.

104 2591 141 2622 et
159 2583 295 2635 quidni
315 2584 364 2623 ab
385 2587 642 2638 epitomatore
666 2588 853 2628 librorum
881 2590 897 2628 1
917 2574 954 2627 et
975 2590 1037 2628 ll?
1054 2589 1121 2640 qui
1142 2588 1344 2626 transitum
1373 2600 1396 2625 a
1416 2585 1587 2625 secundo

104 2661 242 2699 parare
261 2649 429 2689 voluerit
447 2652 495 2690 ad
515 2653 685 2692 tertium.
701 2653 776 2693 Sed
801 2654 876 2693 hoc
904 2662 988 2693 tuto
1012 2654 1174 2693 divinari
1195 2667 1271 2692 non
1292 2658 1438 2706 potest,
1457 2649 1586 2703 prius-

105 2726 219 2764 quam
240 2714 388 2766 reliqua
414 2715 532 2768 hujus
552 2719 841 2770 partisplenius
858 2718 972 2758 nobis
989 2718 1243 2758 innotuerint.

157 2780 327 2819 Primum
341 2781 459 2832 igitur
473 2782 512 2820 in
529 2784 690 2822 exordio
708 2785 883 2836 queritur
901 2793 1027 2834 vates,
1049 2784 1171 2836 quod,
1191 2784 1289 2822 sessa
1306 2781 1490 2830 canendo,
1506 2793 1586 2819 rur·

107 2857 169 2882 sus
184 2845 255 2884 Dei
270 2846 432 2886 stimulis
446 2847 618 2899 adigatur
633 2849 680 2888 ad
708 2850 943 2890 vaticinandi
959 2850 1237 2899 necessitatem,
1251 2863 1287 2889 v.
1307 2862 1375 2898 1-7·
