1686 3500
93 158 185 204 382
384 149 387 152 ’
471 158 547 200 AD
579 156 921 202 SIBYLLINOS
954 153 1164 199 LIBROS

90 266 170 290 sino
189 252 363 303 incipiat,
386 251 506 288 sancti
531 253 668 302 nempe
696 250 860 301 Spiritus
888 249 1080 289 infusione
1102 247 1175 286 sub
1195 245 1381 285 columbae
1403 248 1549 299 specie,

89 317 248 369 perinde
266 330 310 356 ac
327 317 359 355 si
381 325 459 354 tum
474 312 625 355 demum
642 315 816 354 Christus
837 329 882 353 ex
903 313 1056 352 homine
1077 313 1177 351 Deus
1196 311 1356 349 evaserit
1374 326 1382 349 :
1401 311 1439 348 id
1458 325 1548 350 vero

87 383 225 421 salsum
241 393 398 433 prorsus
416 389 454 419 et
471 380 709 419 haereticum.
729 379 849 418 Verba
867 386 954 416 sunt
970 378 1052 428 ipsa
1066 376 1154 415 libri
1174 377 1240 423 vl,
1254 389 1290 417 v.
1308 377 1342 423 3,
1356 389 1436 427 sqq.
1457 389 1466 415 ε

555 444 660 483 Ἐπεὶ
676 443 762 482 κατὰ
779 443 892 495 σάρκα
911 440 951 480 τὸ
966 440 1082 480 δισσὸν

245 508 415 561 Ἠγέρθη,
434 514 601 561 προχοαῖς
618 507 895 557 ἀπολουσάμενος
912 509 1082 556 ποταμοῖο

243 572 414 624 Ἰορδάνου
424 601 540 612 .....
550 601 560 618 ,

243 635 311 681 ⁶0<
332 637 438 690 πυρὸς
459 636 622 690 ἐκφεύξας
641 637 771 688 πρῶτος
787 635 880 674 Θεοῦ
897 634 1021 688 ὄψεται
1039 632 1105 680 ἡδὺ

243 700 378 751 Πνιῧμ’
397 699 630 751 ἐπιγινόμενον
649 700 786 741 λευκαῖς
804 697 1011 750 πτερύγεσσι
1029 695 1178 743 πελείης.

88 764 162 805 Ubi
178 774 216 802 et
233 764 401 802 notanda
417 773 505 802 sunt
521 764 596 801 duo
615 762 727 801 verba
743 761 848 814 πυρὸς
865 761 1052 815 ἐκφεύξαςε
1073 759 1245 798 alludunt
1266 759 1366 797 enim
1383 760 1431 798 ad
1452 761 1551 800 anti-

86 841 201 879 quam
224 829 464 867 traditionem
489 827 536 865 de
553 826 724 865 Jordane
740 834 818 864 tum
840 825 975 863 ardere
994 826 1098 871 viso,
1120 837 1237 874 quum
1251 823 1425 862 Christus
1441 824 1480 862 in
1504 838 1549 862 eo

86 891 366 944 baptizaretur,
393 900 570 941 tunquam
603 889 781 928 illabente
805 891 887 928 Deo
909 902 1025 940 super
1052 901 1185 939 aquas.
1213 888 1266 926 Ea
1301 900 1390 926 vero
1424 889 1549 927 omnia

87 956 154 997 lib.
172 958 240 995 vn
261 969 388 993 rursus
404 954 516 993 obvia
534 954 701 1006 reperias
717 967 728 1006 3
742 954 961 1005 acprimum
981 952 1028 991 de
1045 951 1236 1004 baptismo
1251 981 1261 1002 ,
1276 965 1314 997 v,
1339 952 1402 1000 66,
1421 965 1478 1003 sq.
1497 966 1505 991 z

241 1019 398 1070 Τλῆμων
412 1050 422 1067 ,
447 1021 509 1057 οὐκ
528 1018 632 1068 ἔγνως
650 1017 708 1057 τὸν
728 1017 787 1056 σὸν
802 1018 891 1058 Θεὸν
907 1047 918 1069 ,
935 1017 970 1061 ὅς
988 1016 1065 1057 ποτ’
1080 1019 1217 1056 ἔλουσεν

243 1083 415 1136 Ἰορδάνου
433 1085 468 1121 ἐν
485 1088 692 1136 προχοαῖσι,
711 1082 771 1121 καὶ
788 1081 916 1121 ἔπτατο
930 1081 1102 1134 πνεύματι
1117 1082 1248 1133 πολλῷ.

87 1150 232 1189 Deinde
250 1151 360 1188 etiam
376 1149 423 1187 de
440 1149 547 1187 fluvii
568 1148 768 1195 incendio,
790 1162 823 1187 v.
846 1149 893 1193 84
917 1163 925 1186 z

240 1213 390 1253 Ῥαίνων
410 1213 469 1251 σὸν
493 1212 675 1264 βάπτισμα
689 1241 699 1258 ,
717 1213 760 1250 δι’
781 1207 820 1251 οὗ
837 1211 942 1267 πυρὸς
961 1211 1177 1266 ἕξεφαᾶνθης.

86 1282 208 1328 Atque
235 1278 334 1315 hane
369 1285 486 1315 totam
517 1275 728 1314 doctrinam
752 1275 799 1314 de
825 1277 1086 1315 incarnatione
1114 1289 1182 1327 per
1207 1274 1440 1327 baptismum
1473 1290 1549 1314 non

85 1341 281 1392 propriam
303 1341 439 1379 Nostro
463 1339 600 1386 fuisse,
619 1339 682 1376 sed
707 1352 948 1377 communem
971 1339 1201 1391 quibusdam
1223 1340 1375 1378 illorum
1401 1348 1549 1391 tempo-

85 1418 169 1442 rum
197 1404 402 1450 haereticis,
423 1402 721 1441 monstrabimus
742 1404 779 1441 in
811 1404 981 1442 Excursu
1005 1404 1066 1443 Vl.
1087 1404 1172 1455 Ipsa
1199 1416 1292 1442 vero
1321 1404 1475 1442 traditio
1504 1404 1551 1443 de

85 1468 241 1507 flumine
266 1468 445 1519 ardente,
472 1482 520 1506 ex
549 1467 839 1519 AEgyptiorum,
858 1477 900 1506 ut
927 1468 1098 1515 videtur,
1120 1468 1317 1520 evangelio
1337 1468 1549 1519 desumpta,

84 1533 256 1583 quamvis
281 1533 468 1570 haereseos
500 1532 621 1570 taxari
641 1541 822 1583 nequeat,
844 1541 996 1584 recepta
1018 1533 1162 1571 seilicet
1181 1547 1201 1571 a
1222 1533 1351 1571 multis
1377 1533 1550 1572 Ecclesiae

84 1596 261 1636 Patribus
280 1597 426 1642 (confer
442 1609 510 1634 nos
532 1595 659 1647 ibid.),
680 1605 803 1635 tamen
820 1597 910 1648 quia
926 1597 1102 1646 istorum,
1124 1610 1219 1648 quos
1235 1597 1414 1648 diximus,
1428 1597 1551 1636 haere-

85 1661 244 1700 ticorum
259 1661 454 1699 sententiae
473 1661 692 1708 auxiliatur,
707 1662 843 1700 merito
859 1670 1038 1713 suspecta
1051 1670 1122 1701 est.

135 1725 208 1764 Sed
229 1733 268 1764 et
285 1725 358 1763 alia
373 1724 540 1762 haeretici
559 1724 726 1763 hominis
742 1725 883 1763 indicia
901 1739 977 1763 non
995 1738 1116 1777 pauca
1135 1725 1174 1763 in
1188 1727 1352 1777 septimo
1372 1725 1472 1765 libro
1486 1740 1549 1765 re-

83 1790 225 1841 perias3
245 1790 438 1842 praecipue
471 1802 560 1827 vero
587 1788 680 1827 ritus
700 1790 885 1840 quosdam
915 1789 1127 1841 singulares
1144 1798 1181 1828 et
1207 1789 1454 1829 abVEcclesiae
1480 1805 1549 1829 usu

82 1854 239 1902 alienos,
259 1862 299 1892 ut
316 1867 404 1892 aves
428 1854 466 1892 in
489 1854 619 1892 caelum
641 1854 813 1901 emissas,
830 1868 865 1893 v.
893 1868 956 1905 79,
975 1863 1012 1892 et
1026 1868 1131 1905 nquae
1146 1856 1183 1892 in
1198 1856 1322 1905 ignem
1339 1855 1550 1903 libationes,

85 1932 123 1960 v.
144 1920 313 1970 81‚sqq.,
344 1931 430 1957 cum
460 1918 614 1957 absonis
635 1918 940 1969 precationibus,
964 1932 1095 1958 rursus
1120 1919 1167 1958 ad
1199 1919 1330 1957 salsam
1351 1919 1397 1958 dc
1424 1920 1548 1957 incar-

83 1982 238 2020 natione
257 1981 470 2020 doctrinam
486 1981 766 2029 alludentibus,
783 1996 819 2020 v.
838 1986 899 2029 82,
918 1996 1001 2034 qu.
1022 1983 1128 2028 Item,
1150 1982 1215 2021 ubi
1234 1996 1375 2034 egenus
1394 1984 1546 2034 quidam

80 2054 122 2084 et
140 2045 358 2092 mendicus,
380 2058 456 2083 non
477 2056 564 2084 ante
586 2045 695 2084 donis
714 2046 938 2098 adjuvatur,
959 2060 1072 2098 quam
1092 2046 1320 2098 baptismum
1340 2060 1405 2085 seu
1422 2047 1547 2098 quod-

83 2110 170 2149 dam
191 2109 370 2161 baptismi
392 2123 509 2161 genus
529 2110 740 2161 acceperit,
763 2125 794 2149 v.
814 2111 879 2158 87,
901 2124 983 2162 sqq.
1007 2101 1149 2150 Rursus
1166 2111 1300 2149 confer
1321 2112 1412 2150 Exc.
1432 2113 1494 2150 Vl.

135 2176 212 2214 Nec
228 2175 326 2212 inter
337 2174 489 2212 minima
506 2175 693 2213 haereseos
713 2175 849 2213 indicia
864 2176 1104 2213 retulerimus
1118 2176 1224 2213 illum
1240 2188 1395 2226 quoque
1412 2177 1546 2222 locum,

82 2253 121 2280 v.
146 2241 234 2288 132,
251 2253 346 2290 sqq.,
363 2239 543 2277 adversus
571 2239 683 2277 salsos
701 2239 922 2290 prophetas,
941 2240 1132 2290 salsosque
1146 2239 1347 2283 nebraeos.
1370 2241 1437 2291 qui
1463 2242 1546 2279 vitae

83 2304 269 2341 rationem
287 2302 338 2355 (id
354 2312 423 2350 est,
438 2303 633 2354 judaicos,
652 2304 722 2341 nisi
737 2304 917 2350 fallimur,
935 2305 1074 2353 mores)
1091 2304 1290 2341 immutare
1307 2305 1454 2350 volunt,
1475 2313 1543 2343 etc.

84 2369 175 2413 Quae
193 2381 261 2405 nos
280 2381 302 2405 a
322 2376 435 2417 poeta
460 2367 607 2405 intendi
628 2376 804 2419 putamus
824 2368 863 2405 in
883 2367 1119 2406 Christianos
1138 2367 1429 2418 hellenizantes,
1448 2368 1546 2406 ideo-

80 2443 156 2480 que
179 2430 218 2468 in
244 2429 388 2468 clerum
407 2429 682 2476 orthodoxum,
708 2438 786 2468 tum
816 2431 978 2468 maxime
1007 2431 1190 2481 temporis
1218 2429 1447 2480 ajudaismo
1468 2431 1543 2468 dis-

81 2494 279 2531 cedentem
300 2495 513 2545 vetei·isque
533 2495 624 2545 legis
641 2494 818 2546 reliquias
834 2502 1050 2532 exuentem.

135 2557 181 2595 Et
196 2565 318 2594 tamen
333 2559 402 2595 iste
418 2558 454 2595 in
475 2557 702 2608 quibusdam
723 2571 839 2609 prava
858 2557 1045 2604 sentiens,
1064 2557 1099 2595 in
1115 2558 1195 2595 aliis
1212 2559 1386 2608 proxime
1403 2557 1543 2596 accedit

80 2619 128 2657 ad
148 2619 372 2657 catholicam
393 2619 605 2658 doctrinam
625 2620 880 2671 purissimam.
894 2622 1010 2660 Nemo
1024 2621 1122 2659 enim
1140 2620 1422 2671 Sibyllistarum
1437 2633 1542 2671 aper·

83 2684 157 2721 tius
177 2693 214 2722 et
232 2683 370 2721 clarius
395 2684 587 2733 professus
610 2693 667 2722 est
691 2685 832 2724 Christi
861 2685 1120 2731 divinitatem,
1140 2699 1252 2735 quum
1275 2685 1430 2736 quidem
1461 2697 1541 2722 cum

82 2747 331 2798 humanitate,
348 2747 478 2785 saltem
497 2755 583 2798 post
601 2747 850 2799 baptismum,
868 2749 918 2786 ita
939 2747 1156 2800 conjungit,
1180 2758 1220 2787 ut
1238 2749 1275 2786 in
1295 2762 1406 2788 cruce
1433 2749 1541 2786 etiam

81 2824 324 2861 perseverare
341 2811 475 2858 saciat,
491 2811 555 2849 lib.
575 2811 642 2858 Vl,
662 2824 697 2849 v.
717 2813 788 2849 26:
