1686 3500
136 154 230 201 510
375 119 377 122 Α
523 154 601 197 ΑΙ)
635 153 988 198 SIBYLLINOS
1024 152 1232 198 LIBROS

134 263 212 287 non
232 261 382 300 semper
401 249 590 300 optimum
616 249 740 299 sequi,
768 257 1001 288 notaverunt
1016 248 1094 300 jam
1120 257 1206 287 ante
1231 261 1299 286 nos
1322 248 1392 302 viri
1419 249 1541 302 docti,
1561 262 1603 292 ut

134 327 250 364 quum
281 313 445 364 spatium
469 313 706 364 quadrienne
731 313 995 365 olympiadum
1010 326 1121 351 -nunc
1147 312 1384 365 τετραετηρίς,
1401 327 1503 352 nunc
1519 331 1605 353 πεν-

133 376 290 430 camp&
311 385 478 415 vocatur.
510 379 652 417 Octava
672 387 799 416 autem
822 379 941 429 prima
956 407 967 426 ,
988 377 1136 427 ὀγδοάτη
1156 376 1299 429 πρώτη,
1322 392 1398 416 nou
1427 378 1602 431 decuria,

87 448 93 456 ·
132 450 173 478 ut
193 442 282 478 olim
302 441 573 489 credebamus,
604 441 669 479 sed
700 442 908 481 hebdomas
927 455 1113 480 annorum
1135 442 1378 492 intelligenda
1397 451 1453 482 est
1469 452 1602 483 octava

132 505 338 557 incipieus,
364 505 403 544 id
437 516 512 553 est,
536 514 681 545 oetavae
703 500 954 546 hebdomadis
988 519 1109 543 annus
1133 507 1300 558 primus,
1333 507 1412 545 sive
1444 510 1601 548 omnino

115 582 253 616 ,annus
280 570 628 621 quinquagesimus.
650 572 703 609 lta
728 585 846 610 annos
867 570 1049 608 habemus
1072 567 1240 618 cccnjid
1261 580 1341 620 est,
1366 571 1437 609 tria
1465 575 1601 611 saecula

128 643 166 671 et
184 634 398 674 dimidium.
431 636 605 680 Quorum
625 636 774 674 initium
796 635 898 673 unde
920 633 1096 683 ducatur,
1118 635 1225 686 parvi
1249 635 1387 680 resert3
1410 636 1600 675 credimus

124 707 252 736 autem
271 699 382 736 etiam
402 713 522 745 nunc,
542 700 639 737 sicut
659 701 748 738 olim
770 700 806 736 in
824 712 904 737 cur.
931 707 1028 749 post.
1051 700 1097 736 ud
1119 700 1154 737 h.
1175 701 1218 750 l.,
1239 701 1496 737 numerandos
1517 702 1600 739 illos

127 762 175 800 ab
188 776 261 800 sera
277 763 514 814 potissimum
532 766 753 815 aegyptiaca,
773 763 822 801 ita
841 771 880 800 ut
897 763 950 800 illi
969 764 1164 800 ccccanni
1179 763 1348 800 incidant
1369 764 1405 801 in
1423 778 1562 802 annum
1579 781 1598 804 a

125 827 279 865 Christo
304 828 401 878 320,
432 827 536 865 urbis
558 829 720 865 conditae
743 840 900 864 nitxxiu
915 856 927 876 ,
948 827 985 864 in
1010 841 1122 878 quem
1153 827 1305 865 videtur
1328 829 1463 865 Noster
1482 828 1599 866 ‹listu-

125 891 211 929 lisse
231 893 340 929 linem
363 905 501 938 rerum,
521 902 631 929 caute
653 891 819 942 quidem,
835 904 913 941 quo
933 891 1003 929 sihi
1028 892 1185 942 impune
1205 892 1414 930 mentiendi
1434 893 1597 943 spati··m

123 955 286 1005 amplius
307 964 530 994 reservaret.

176 1019 248 1057 Sed
269 1020 316 1057 (le
339 1033 380 1056 re
411 1018 588 1069 ambigua
607 1027 645 1056 et
670 1018 816 1055 difficili
837 1018 926 1056 satis
955 1019 1002 1058 sit
1032 1018 1190 1063 dictum,
1210 1026 1247 1055 et
1271 1031 1371 1056 nunc
1392 1018 1439 1055 al)
1461 1019 1594 1057 eudem

121 1085 266 1137 Sibylla
285 1099 522 1137 quaeramus,
549 1098 660 1136 quem
689 1085 799 1122 linem
824 1085 894 1122 iste
924 1084 1036 1121 Belial
1072 1084 1274 1122 habiturus
1301 1085 1362 1123 sit.
1399 1085 1468 1122 llic
1506 1099 1595 1122 vero

123 1150 298 1188 disertius
318 1151 432 1187 ossi-rt
449 1163 488 1187 se
510 1149 767 1186 testimonium
786 1148 870 1185 libri
890 1149 940 1186 lll
954 1178 963 1195 ,
983 1161 1018 1186 v.
1041 1163 1103 1197 71,
1124 1162 1207 1199 sqq.
1226 1161 1235 1188 τ

277 1213 366 1252 Ἀλλ’
383 1212 510 1251 ὁπόταν
527 1213 692 1264 μεγάλοιο
711 1214 803 1250 Θεοῦ
824 1213 1022 1251 πελάσωσιν
1038 1213 1196 1260 ἀπειλαὶ,

276 1275 342 1315 Καὶ
365 1275 507 1327 δύναμις
523 1275 717 1329 φλογεόυσα
735 1275 780 1313 δι’
799 1274 966 1327 οἴδματος
985 1278 1031 1322 εἰς
1048 1283 1151 1327 γαῖαν
1167 1277 1240 1324 ἥξει
1252 1308 1261 1325 ,

277 1339 346 1379 Καὶ
368 1340 497 1392 Βελίαρ
510 1340 624 1393 φλέξει
639 1368 648 1386 ,
669 1339 729 1377 καὶ
750 1340 977 1392 ὑπερφιάλους
996 1340 1193 1393 ἀνθρώπους

273 1405 414 1450 Πάντας
427 1435 436 1452 ,
456 1404 530 1443 ὅσοι
548 1404 659 1458 τούτῳ
676 1404 795 1443 πίστιν
815 1404 1075 1452 ἐνεποιήσαντο.

116 1474 282 1511 Accensa
311 1470 426 1522 igitur
453 1484 474 1508 a
506 1471 585 1507 Deo
612 1470 784 1517 flamma,
817 1482 903 1507 cum
931 1470 1044 1507 sociis
1076 1471 1154 1521 ipse
1181 1471 1259 1509 suis
1288 1472 1591 1525 conflagraturus

114 1544 195 1586 est,
218 1550 295 1574 non
327 1548 486 1587 prorsus
508 1543 548 1572 ut
568 1534 670 1584 apud
701 1535 860 1572 Paulum
885 1535 958 1572 loc.
978 1548 1094 1586 supra
1113 1535 1177 1572 cit.
1198 1550 1206 1573 :
1231 1553 1247 1570 «ι
1265 1537 1388 1583 Quem
1413 1537 1590 1576 dominus

113 1620 128 1635 «
145 1602 255 1640 Jesus
273 1601 474 1639 interficiet
493 1599 631 1649 spiritu
663 1598 740 1636 oris
762 1599 820 1637 sui
839 1616 875 1647 »‚
904 1613 1031 1650 neque
1053 1608 1092 1637 ut
1113 1599 1215 1652 apud
1243 1601 1376 1639 lsai'am
1405 1602 1591 1653 Apostolo

115 1667 295 1718 praevium
311 1682 318 1704 :
337 1684 351 1699 «ι
365 1665 507 1717 Spiritu
529 1663 720 1702 labiorum
743 1665 1118 1703 suorumiuterliciet
1140 1666 1300 1716 impium
1316 1685 1330 1699 υ
1347 1666 1431 1717 (csr.
1448 1681 1588 1718 supra,

114 1745 151 1781 p.
174 1730 261 1784 491)
277 1745 286 1778 ς
305 1730 369 1769 sed
389 1730 552 1782 propius
569 1729 617 1767 ad
636 1728 921 1780 Apocalypseos
943 1738 1107 1768 mentem
1125 1730 1177 1768 ita
1198 1729 1387 1778 habentis,
1407 1745 1491 1783 cap.
1515 1745 1562 1769 ἰο
1577 1762 1587 1780 ,

115 1808 148 1833 ν.
166 1808 204 1846 9,
223 1808 280 1846 sq.
299 1809 308 1833 ε
327 1811 342 1829 «ι
356 1795 402 1833 Et
422 1793 617 1832 descendit
632 1793 728 1844 iguis
745 1807 766 1831 a
784 1794 866 1831 Deo
883 1793 931 1832 de
949 1794 1056 1842 ezelo,
1079 1802 1116 1832 et
1135 1795 1335 1833 devoravit
1354 1809 1440 1843 eos3
1458 1804 1496 1834 et
1512 1797 1589 1835 dia-

111 1876 126 1893 ·
142 1859 267 1905 bolus,
287 1859 351 1910 qui
372 1858 578 1897 seducebat
596 1872 679 1906 eos,
699 1858 836 1897 missus
856 1868 912 1897 est
933 1859 969 1896 in
986 1868 1160 1910 stagnum
1186 1860 1283 1911 ignis
1309 1869 1345 1899 et
1369 1862 1584 1912 sulphuris,

110 1941 125 1958 ι
148 1923 214 1962 ubi
242 1932 279 1962 et
302 1923 421 1962 bestia
452 1923 605 1975 [nempe
640 1925 779 1969 Roma,
807 1937 871 1961 seu
907 1931 986 1961 tota
1025 1936 1117 1974 gens
1144 1924 1333 1977 Romana]
1364 1933 1402 1964 et
1428 1925 1587 1976 pseudo·

109 1988 328 2040 «propheta
346 1987 631 2039 [Antichristus]
647 1987 926 2025 cruciabuntur
942 1988 1004 2025 die
1025 2001 1068 2025 ac
1087 1997 1222 2038 nocte,
1241 1999 1311 2027 etc.
1334 2007 1362 2030 n,

163 2055 247 2091 Haec
262 2063 318 2090 est
335 2055 382 2091 de
403 2053 636 2091 Antichristo
662 2052 839 2090 doctrina
862 2052 1050 2090 librorum
1069 2054 1166 2091 II-et
1185 2055 1232 2092 lll
1248 2084 1258 2102 ,
1277 2068 1390 2105 quam
1408 2054 1456 2093 ab
1477 2055 1585 2093 initio

109 2118 210 2156 tertii
235 2118 360 2156 saeculi
381 2117 499 2156 solam
519 2116 622 2168 apud
651 2117 804 2156 Graecos
830 2130 1006 2167 regnasse
1032 2117 1278 2168 conjicimus,
1308 2120 1376 2156 etsi
1403 2133 1584 2157 nonuun-

106 2196 220 2232 quam
242 2182 539 2232 Chrysostonius
571 2182 710 2232 aliique
731 2182 778 2219 ad
801 2182 956 2220 alteram
978 2181 1025 2219 de
1046 2183 1198 2220 Nerone
1225 2194 1500 2234 respexerunt,
1520 2184 1583 2222 sed

107 2245 234 2284 obiter
263 2256 300 2285 et
330 2246 562 2293 diffidenter,
585 2255 765 2296 tanquam
789 2247 837 2284 ad
858 2247 1050 2296 vulgarem
1074 2246 1264 2295 sabulam3
1296 2262 1458 2300 eamque
1476 2251 1583 2288 Grae·

105 2324 238 2348 corum
279 2311 455 2358 ultimus,
491 2319 532 2347 ut
564 2311 783 2361 opinamur,
808 2310 950 2348 diserte
979 2312 1176 2363 amplexus
1204 2321 1259 2350 est
1289 2317 1512 2364 Anonymus
1544 2313 1582 2350 iu

105 2375 276 2414 Crameri
306 2376 449 2414 Calena
469 2377 584 2414 (loisl.
613 2376 660 2413 ad
697 2375 851 2426 Apocal.
877 2375 999 2425 xvn,
1024 2389 1073 2425 9:
1093 2377 1145 2415 Οὐ
1164 2376 1231 2428 γὰρ
1257 2375 1291 2421 ἐξ
1312 2377 1419 2415 ἄλλου
1443 2376 1580 2426 ἔθνους,

107 2439 196 2477 ἀλλὰ
211 2439 400 2491 Ῥωμαίων
423 2438 582 2491 βασιλεὺς
602 2438 659 2478 ἐπὶ
678 2439 837 2492 ἀπωλείᾳ
852 2441 921 2477 τῶν
940 2439 1035 2491 αὐτῷ
1055 2440 1269 2490 πειθομένων
1287 2440 1475 2478 ἐλεύσεται.

159 2503 270 2552 Apud
288 2504 439 2541 Latinos
460 2516 550 2540 vero
571 2503 806 2550 Lactantius,
829 2503 1103 2553 Sibyllinorum
1120 2504 1293 2541 assiduus
1314 2504 1434 2541 lector
1451 2513 1489 2542 et
1511 2504 1581 2542 ud-

106 2566 284 2613 mirator‚
311 2568 423 2604 tertio
450 2567 575 2604 adhuc
599 2567 736 2605 saeculo
763 2566 981 2614 desinente,
1009 2568 1109 2605 inter
1136 2576 1337 2619 utramque
1365 2568 1577 2606 doctrinam

105 2630 253 2668 medius
272 2630 415 2677 stabat3
435 2644 629 2681 quumque
649 2644 718 2668 nec
739 2632 904 2682 priorem
936 2631 1111 2669 deserere
1137 2633 1262 2679 vellet,
1288 2646 1357 2670 nec
1382 2632 1580 2671 recentiori

101 2693 390 2742 contradicere,
430 2703 630 2744 utramque
666 2695 720 2732 sic
758 2696 961 2733 conciliare
990 2704 1150 2734 conatus
1172 2705 1242 2743 est,
1274 2707 1315 2735 ut
1345 2697 1442 2735 duos
1470 2697 1577 2748 quasi

104 2756 359 2796 Antichristos
378 2766 630 2808 agnosceret:
660 2772 802 2806 uuum,
827 2772 940 2809 quem
971 2759 1124 2798 mininie
1148 2761 1342 2808 nominat,
1366 2775 1385 2798 a
1419 2770 1575 2811 septen-

105 2823 229 2860 trione
245 2831 444 2860 venturum
472 2831 507 2859 et
529 2822 656 2860 decem
685 2823 853 2871 gentium
882 2837 986 2874 reges
1012 2824 1323 2874 interfecturum,
1345 2826 1434 2864 Div.
1467 2825 1574 2869 lusi„
