1752 3495
153 217 213 262 54
526 224 608 267 AD
641 225 993 270 SIBYLLINOS
1027 223 1235 268 LIBROS

150 313 352 372 adventum
376 328 613 368 narraverat,
634 321 784 359 AEneam
807 321 854 359 ad
877 322 938 359 illa
958 321 1039 358 loca
1057 319 1211 371 Sibyllae
1235 316 1475 356 consulendae
1497 329 1610 354 causa

149 377 331 429 duxerat,
351 381 510 433 Virgilio
533 385 708 434 praevius.
733 385 822 422 Piso
854 393 979 422 autem
1009 384 1261 435 Calpurnius,
1290 380 1492 419 Annalium
1521 379 1612 418 scri·

150 450 238 492 ptor
274 444 529 494 clarissimus,
571 462 674 486 more
711 456 879 486 veterum
919 448 1188 499 historicorum
1221 460 1242 484 a
1273 445 1410 483 fabulis
1454 444 1611 496 poeticis

152 506 251 544 haud
279 509 506 558 abhorrens,
526 512 694 550 eamdem
720 525 832 562 quam
852 511 1002 550 Naevius
1019 512 1117 549 viam
1145 520 1228 563 post
1248 511 1354 547 illum
1375 523 1416 546 ac
1436 508 1501 546 diu
1527 517 1612 545 ante

153 572 348 623 Virgilium
372 577 581 626 institerat,
603 577 656 614 uti
678 578 798 628 liquet
817 591 863 615 ex
883 576 1020 627 insigni
1042 577 1126 615 loco
1145 575 1245 627 apud
1268 574 1461 613 Aurelium
1479 573 1613 611 Victo-

150 647 228 673 rem
246 638 304 676 vel
327 639 496 690 quisquis
513 648 645 678 auctor
674 641 743 678 fuit
770 640 856 678 libri
878 641 924 678 dc
943 640 1097 691 Origine
1113 641 1226 678 Gent.
1249 640 1353 677 Rom.
1374 641 1393 684 S
1413 642 1482 676 xo':
1499 653 1513 669 α
1532 635 1612 674 Ad-

150 716 166 733 ·
195 701 291 740 dunt
312 714 490 754 praeterea
510 704 662 754 quidam
687 705 862 751 AEneam,
891 718 1008 755 quum
1039 705 1283 754 comperisset
1302 701 1484 751 Sibyllam
1514 713 1614 737 mor-

149 782 165 796 «
196 766 333 805 talibus
356 769 480 806 futura
502 769 708 819 praecinere
729 770 766 806 iu
790 770 936 820 oppido
956 768 1058 819 quod
1079 777 1238 805 vocatur
1266 764 1532 810 Cimbarionis,
1550 777 1612 800 ve-

148 847 162 862 «
193 832 292 868 nisse
311 845 356 868 eo
373 833 600 870 sciscitatum
623 834 670 871 de
699 843 798 871 statu
821 835 1060 871 fortunarum
1092 845 1264 878 suarum3
1292 830 1479 879 aditisque
1504 829 1588 866 fatis
1603 857 1612 871 ,

147 910 162 925 «ι
194 895 351 932 vetitum
376 909 422 933 ne
427 924 597 937 ..........
627 897 665 935 in
698 898 803 935 ltalia
827 897 1004 948 sepeliret
1024 895 1268 945 Prochytam,
1292 893 1518 944 cognatione
1541 891 1614 929 sibi

148 976 162 990 ·=
194 958 455 1011 conjunctam,
470 975 584 1012 quam
605 963 833 1000 incolumem
850 962 1070 1012 reliquerat.
1101 960 1149 998 Et
1171 967 1372 1012 postquam
1391 957 1438 996 ad
1458 957 1614 994 classem

151 1040 166 1055 ι
193 1023 329 1072 rediit,
359 1027 579 1077 reperitque
610 1036 797 1064 mortuam
817 1058 826 1075 ‚
854 1027 891 1063 in
922 1026 1044 1064 insula
1082 1025 1256 1076 proxima
1293 1023 1497 1074 sepelisse,
1530 1033 1615 1071 quae

149 1104 166 1119 κ
195 1100 296 1125 nunc
311 1102 466 1140 quoque
484 1091 618 1128 eodem
649 1099 703 1129 cst
726 1091 901 1137 nomine,
922 1099 963 1128 ut
992 1089 1166 1127 scribunt
1195 1088 1386 1126 Vulcatius
1414 1094 1450 1124 ct
1474 1084 1615 1123 Acilius

149 1167 165 1183 ⁸
194 1150 296 1189 Piso·
311 1170 326 1186 υ
349 1154 421 1192 Ubi
442 1156 614 1204 quamvis
631 1169 715 1193 cum
732 1156 922 1204 Vulcatio,
946 1156 1076 1206 ignoto
1094 1154 1294 1204 scriptore,
1319 1152 1455 1189 citetur
1475 1150 1616 1188 Acilius

149 1216 237 1252 Piso
251 1245 261 1263 ‚
290 1218 431 1267 pariter
454 1219 621 1268 ignotus,
643 1221 850 1257 auctoritas
869 1228 992 1256 tamen
1016 1218 1212 1256 traditioni
1230 1231 1305 1254 non
1324 1216 1452 1253 deest:
1471 1221 1618 1251 constat

146 1282 247 1319 enim
277 1282 376 1320 inter
395 1282 527 1321 doctos
549 1283 749 1335 legendum
780 1297 882 1331 esse,
916 1283 1115 1334 disjunctis
1144 1279 1389 1326 nominibus,
1413 1289 1448 1317 et
1473 1280 1617 1316 Acilius

144 1355 181 1382 ee
198 1348 301 1393 Piso,
320 1355 361 1383 ut
377 1348 487 1385 simul
503 1348 749 1400 designentur
767 1349 813 1388 C.
834 1348 976 1387 Acilius
995 1346 1171 1390 Glabrio,
1191 1345 1469 1382 vetustissimus
1489 1345 1617 1381 Anna-

147 1410 238 1448 lium
269 1411 467 1459 conditor,
503 1422 540 1451 et
569 1413 610 1451 L.
640 1413 868 1464 Calpurnius
897 1413 985 1452 Piso
1013 1411 1148 1463 Frugi,
1168 1410 1216 1449 de
1244 1424 1321 1461 quo
1345 1423 1446 1447 nunc
1473 1410 1611 1460 agitur.

148 1475 406 1514 Certissimum
423 1477 537 1528 igitur
554 1486 625 1525 est,
648 1478 888 1517 Cimmeriam
908 1476 1025 1516 Naevii
1046 1484 1082 1513 et
1109 1475 1269 1522 Pisonis,
1291 1487 1312 1512 a
1336 1474 1508 1511 Varrone
1534 1487 1616 1510 me-

149 1550 331 1578 moratam
347 1571 357 1589 ,
392 1555 468 1579 non
489 1543 600 1580 aliam
619 1556 699 1581 esse
715 1556 826 1594 quam
846 1543 1051 1580 Cumanam
1069 1540 1218 1590 Virgilii
1237 1548 1273 1577 et
1291 1547 1472 1576 nostram.

203 1604 383 1643 Eamdem
404 1619 425 1643 a
444 1606 559 1645 Suida
596 1610 787 1645 Lucanam
817 1607 945 1644 vocari
976 1605 1079 1657 quod
1105 1606 1233 1644 Cumae
1262 1605 1299 1641 in
1334 1604 1465 1654 Opicis
1493 1609 1618 1640 essent

150 1681 225 1704 non
256 1670 387 1719 procul
409 1670 594 1718 Lucania;
620 1672 792 1709 eamdem
824 1671 872 1708 ab
898 1671 1058 1721 Agathia
1084 1671 1238 1717 Italam,
1261 1668 1323 1714 τὴν
1356 1667 1531 1706 Σίῧυλλαν
1552 1665 1616 1713 τὴν

149 1731 239 1770 πάνυ
269 1732 331 1779 τὴν
355 1733 513 1782 Ἰταλήν,
546 1737 698 1775 minime
726 1735 885 1774 dubium
914 1744 985 1775 est.
1018 1734 1097 1773 Cur
1121 1742 1248 1771 autem
1274 1731 1446 1771 Euboica
1476 1745 1576 1783 saepe
1597 1745 1618 1769 a

151 1797 296 1847 poetis,
332 1799 493 1849 Ovidio,
519 1802 662 1846 Statio,
688 1801 887 1848 Martiale,
909 1810 1003 1847 etc.,
1032 1808 1069 1836 et
1094 1798 1206 1836 semel
1235 1811 1256 1835 a
1291 1797 1426 1835 Gratio
1453 1795 1619 1841 Falisco,

149 1875 182 1899 v.
203 1862 266 1910 35,
287 1864 408 1902 AEolia
426 1876 685 1917 nuncupetur,
706 1867 826 1904 cuivis
848 1874 966 1918 patet,
995 1864 1188 1917 reputanti
1213 1862 1420 1902 Euboicam
1451 1862 1618 1914 primum

148 1927 346 1977 originem,
368 1929 506 1969 deinde
522 1933 700 1971 AEolicam
725 1931 999 1970 habitationem
1018 1930 1274 1981 Cymaeorum,
1296 1941 1317 1966 a
1334 1926 1473 1978 quibus
1493 1928 1620 1966 Cumae

151 1992 189 2029 in
208 1993 314 2032 Italia
333 1995 510 2035 conditae.

204 2059 276 2097 sed
297 2073 376 2098 mos
401 2061 562 2100 invaluit
590 2071 632 2100 ut
657 2065 824 2101 Cumana
850 2063 976 2113 potius
997 2062 1193 2099 diceretur
1220 2059 1271 2097 ob
1294 2058 1400 2097 urbis
1416 2060 1618 2097 Cumarum

151 2132 188 2161 et
209 2126 308 2163 antri
324 2127 482 2170 Cumani
508 2127 779 2166 celebritatem.
798 2128 1025 2178 Quanquam
1042 2127 1184 2170 Varro,
1203 2125 1268 2176 qui
1287 2137 1368 2161 eam
1387 2137 1472 2160 cum
1493 2123 1621 2163 Naevio

153 2189 392 2228 Cimmeriam
424 2200 555 2237 vocat,
584 2192 770 2230 diversam
803 2192 850 2229 ab
878 2205 922 2230 ea
955 2191 1165 2229 Cumanam
1202 2189 1447 2227 introducere
1480 2188 1619 2236 voluit,

155 2267 236 2303 quae
266 2268 403 2306 nempe
435 2256 524 2306 Regi
557 2257 769 2307 Tarquinio
804 2256 936 2293 fatales
968 2255 1228 2293 Romanorum
1261 2252 1378 2290 libros
1411 2252 1621 2297 attulisset,

155 2319 257 2369 quod
278 2333 434 2370 prorsus
460 2320 710 2358 fundamento
742 2333 872 2358 carere
904 2318 1200 2357 monstrabimus
1232 2317 1356 2367 capite
1384 2317 1562 2366 proximo
1583 2324 1621 2353 et

155 2384 192 2420 in
222 2384 393 2422 Excursu
413 2385 490 2430 111,
519 2399 607 2436 cap.
637 2399 672 2423 2.
707 2385 886 2436 Virgilius
906 2384 1060 2435 quidem
1081 2396 1158 2420 non
1179 2390 1234 2424 est
1253 2381 1290 2419 in
1314 2381 1382 2418 hac
1402 2393 1442 2418 re
1458 2380 1622 2419 Varroni

156 2448 398 2499 astipulatus,
419 2449 482 2486 sed
521 2449 760 2488 Cimmeriam
791 2449 909 2487 Naevii
938 2449 1144 2488 Cumanam
1174 2458 1282 2484 suam
1305 2445 1418 2491 fecit,
1449 2453 1486 2482 et
1505 2445 1622 2483 libros

156 2524 245 2549 sane
273 2513 529 2550 Romanorum
556 2513 763 2564 Sibyllinos
789 2514 838 2551 ab
863 2527 905 2551 ea
938 2514 1102 2563 scriptos
1132 2511 1264 2557 finxit,
1284 2523 1333 2548 ne
1357 2509 1512 2547 nimium
1541 2509 1624 2546 vul-

157 2584 250 2626 gatae
272 2577 466 2615 traditioni
483 2577 674 2623 officeret,
703 2578 821 2629 ipsam
847 2591 936 2616 vero
962 2579 1115 2615 minime
1148 2589 1259 2613 ausus
1281 2583 1336 2612 est
1357 2574 1403 2612 ad
1424 2573 1622 2624 Tarquinii

159 2649 330 2692 tempora
352 2642 576 2692 perducere,
591 2643 694 2692 quod
716 2644 821 2680 nullo
840 2643 955 2680 modo
973 2641 1116 2679 admitti
1136 2648 1293 2691 poterat,
1314 2640 1368 2676 uti
1389 2638 1566 2690 pluribus
1583 2639 1620 2675 iu

161 2705 254 2745 Exc.
279 2707 329 2745 ΙΙΙ
352 2706 688 2744 demonstrabitur.

208 2771 287 2808 Cur
320 2784 412 2809 vero
444 2771 630 2809 Cumaeam
668 2784 750 2809 eam
784 2772 966 2822 Wirgilius
994 2769 1139 2821 ubique
1164 2768 1290 2807 dicere
1312 2768 1486 2806 maluerit
1509 2780 1621 2818 quam

155 2836 386 2882 Cumanam,
410 2844 451 2873 ut
469 2834 597 2886 liclog.
622 2835 684 2882 IV,
705 2848 740 2872 v.
765 2841 784 2880 4
807 2850 815 2872 :

366 2900 501 2939 Ultima
524 2899 663 2938 Cumzei
687 2900 784 2938 venit
806 2900 884 2950 jam
905 2898 1080 2936 carminis
1099 2905 1206 2944 aetas,
