1686 3500
607 140 924 186 EXCURSUS
958 142 1014 186 V.
1165 189 1168 192 ,
1348 188 1356 199 ,
1448 146 1540 191 433

59 227 191 278 ¹libror,
219 250 306 275 suos
337 249 358 275 e
388 236 513 274 latinis
530 235 766 285 ‚unctoribus
797 235 1029 285 compilatos·
1043 234 1298 288 Romanaeque
1316 237 1543 277 eruditionis

72 302 210 355 opibus
233 301 364 352 plenos
386 302 424 338 in
447 299 580 350 vulgus
605 299 754 338 edebat.
778 299 873 346 Quae‘
900 298 1054 349 quidem
1082 294 1207 337 studia
1236 299 1306 338 sub
1337 301 1542 341 justiniani

71 364 373 411 successoribus,
394 372 481 415 post
499 363 673 401 amissam
693 361 902 414 praesertim
924 361 1092 407 ltaliam,
1115 362 1350 413 maximeque
1372 374 1458 416 post
1477 379 1545 404 ru—

73 439 175 482 ptam
195 443 280 468 cum
298 428 439 467 Latinis
458 427 767 464 communionem
786 425 1074 471 deferbuerunt,
1095 426 1215 463 serius
1233 427 1351 465 multo
1368 442 1437 467 nec
1455 438 1545 468 ante

73 493 279 534 Planudem
299 491 437 530 saeculo
451 491 549 538 xlv,
565 491 642 529 imo
662 505 709 529 ne
727 499 805 528 tum
823 489 978 541 quidem
1000 489 1108 528 facile
1127 499 1191 527 aut
1209 490 1311 541 apud
1332 493 1472 532 multos
1490 507 1546 532 re·

70 557 276 596 nascitura.
625 600 642 619 Ο

122 626 218 664 ,lure
241 635 333 673 ergo
362 620 539 659 videmur
558 619 749 670 Anonymi
780 618 1042 670 praefationem
1073 618 1279 658 justiniani
1312 620 1546 671 temporibus

71 685 273 726 ascribere.
294 685 409 733 Quod
439 685 470 723 si
502 685 550 723 ita
578 692 647 735 est,
666 692 852 735 quantum
876 682 965 722 inde
989 682 1083 721 lucis
1108 682 1323 734 originibus
1349 683 1545 736 Sibyllinae

71 751 306 791 collectionis
325 750 525 802 affulgeat,
548 749 728 800 proximo
745 749 871 800 capite
892 747 1180 786 monstrabitur.

772 905 859 914 0-—

95 1024 154 1063 CA
162 1023 205 1063 P.
237 1022 332 1062 XVI.
351 1024 409 1059 De
424 1024 615 1071 Anonymi
629 1019 799 1071 partibus
819 1024 856 1057 e'n
877 1018 1061 1070 Sibyllina
1076 1021 1289 1059 collectione
1307 1023 1530 1062 ordinanda.

121 1148 284 1186 Multum
301 1146 491 1200 progressi
508 1160 655 1194 sumus,
676 1155 715 1184 et
729 1154 865 1184 metam
882 1159 1005 1198 prope
1018 1146 1290 1198 contingimus.
1307 1148 1401 1186 Nam
1417 1154 1549 1186 aucto-

70 1225 147 1252 rem
180 1204 420 1252 praefationis
449 1224 651 1262 anonymae
684 1211 860 1249 novimus
890 1209 969 1262 jam
1002 1224 1112 1263 paene
1141 1212 1391 1251 familiariter.
1424 1213 1547 1252 Porro

68 1278 244 1318 eumdem
267 1278 370 1315 illum
393 1277 507 1316 fuisse
528 1276 726 1329 Sibyllinae
751 1276 990 1315 collectionis
1014 1277 1270 1316 ordinatorem
1301 1278 1364 1316 vix
1394 1277 1550 1316 dubita-
1592 1293 1599 1309 ν

68 1343 165 1382 verit
195 1342 261 1394 qui
282 1342 402 1394 ipsius
422 1341 540 1381 verba
571 1341 768 1394 relegerit,
800 1342 915 1382 Praef.
939 1342 960 1393 §
990 1355 1003 1380 ι
1039 1339 1189 1388 τἸἓδοξε
1214 1341 1327 1382 τοίνυν
1352 1341 1408 1381 διὰ
1437 1339 1549 1381 τσῦτα

68 1405 158 1459 κάμὲ
181 1406 257 1451 τοὺς
285 1404 549 1459 ἐπιλεγομένους
575 1405 831 1449 Σιὸυλλιακοὺς
862 1404 1066 1459 χρησμοὺς,
1087 1405 1265 1460 σποράδην
1285 1406 1549 1461 εὑρισκομένους

68 1471 126 1512 καὶ
140 1470 436 1524 συγκεχυμένους,
460 1499 470 1510 .
488 1501 496 1510 .
515 1501 524 1511 .
554 1472 601 1514 εἰς
624 1470 706 1521 μίαν
722 1470 908 1523 συνάφειαν
925 1470 984 1509 καὶ
1000 1470 1168 1524 ἁρμονίαν
1184 1472 1344 1510 ἐκθέσθαι
1358 1475 1417 1511 τοῦ
1431 1470 1546 1523 λόγου.

68 1538 228 1587 Sparsos
248 1534 495 1587 igitur-libros
510 1534 768 1586 confusosque
790 1543 1004 1586 repererat3
1021 1534 1124 1586 ipsos
1145 1535 1181 1572 in
1199 1548 1310 1574 unam
1331 1535 1466 1575 seriem
1488 1549 1548 1575 re-

68 1600 186 1651 degit.
210 1600 261 1638 Ea
280 1613 370 1637 vero
383 1599 499 1637 series
520 1612 597 1637 non
611 1599 683 1637 alia
699 1608 755 1637 est
776 1613 890 1650 quam
910 1608 1050 1637 nostrae
1066 1600 1303 1638 collectionis
1326 1600 1523 1639 hodiernae
1539 1615 1547 1638 :

69 1665 105 1704 id
123 1666 178 1704 vel
199 1679 276 1703 uno
294 1665 382 1703 satis
402 1665 578 1717 arguitur
597 1664 740 1703 indicio
754 1695 765 1713 ‚
785 1665 892 1716 quod
920 1665 1099 1703 omuibus
1127 1665 1326 1717 Sibyllinis
1349 1665 1546 1705 codicibus

69 1729 336 1782 manuscriptis
360 1731 514 1782 praelixa
535 1730 671 1781 legitur
689 1729 769 1767 ltcec
791 1731 966 1781 praefatio
988 1730 1045 1768 vel
1068 1730 1212 1782 integra
1238 1732 1295 1769 vel
1321 1732 1444 1782 aliqua
1471 1730 1547 1769 sal·
1598 1729 1605 1734 “

68 1805 141 1834 tem
161 1810 207 1834 ex
225 1804 348 1848 parte,
365 1808 502 1846 nempe
523 1794 549 1832 ii
568 1795 699 1833 saltem
723 1794 958 1832 Lactantiani
980 1803 1123 1846 septem
1147 1808 1278 1833 versus
1299 1796 1441 1847 quibus
1461 1796 1544 1847 ipsa

68 1860 271 1908 clauditur,
295 1859 455 1910 insuper
477 1872 563 1896 eum
591 1858 723 1897 ultima
745 1858 936 1896 interdum
956 1858 1001 1897 iis
1019 1858 1223 1910 subjuncta
1246 1859 1422 1911 periodo,
1445 1862 1543 1900 Om-

67 1926 128 1963 nia
146 1924 266 1976 igitur
283 1923 515 1975 exemplaria
539 1922 588 1963 ab
622 1937 698 1961 uno
725 1923 893 1961 derivata
916 1932 1027 1971 sunt,
1046 1925 1106 1961 cui
1129 1933 1257 1962 nostra
1279 1925 1457 1962 Praesauo
1476 1924 1546 1963 ad-

63 1989 194 2040 juncta
226 1997 328 2036 erat,
359 1988 585 2040 promittens
606 1989 865 2039 nuntiansque
887 1987 1073 2026 librorum
1094 1989 1359 2028 collectionem
1382 1991 1545 2041 plenam,

69 2053 204 2091 nullibi
227 2055 401 2106 profecto
425 2053 497 2091 nisi
519 2053 556 2091 in
574 2053 764 2091 hodierno
784 2067 949 2104 corpore
970 2053 1252 2092 inveniendam.

118 2118 227 2157 Nunc
253 2118 358 2156 illum
391 2117 508 2155 totius
527 2117 765 2156 collectionis
786 2117 1045 2156 ordinatorem
1069 2132 1183 2155 unum
1206 2132 1287 2156 esse
1305 2133 1391 2156 cum
1421 2120 1546 2170 epito-

68 2190 210 2221 matore
231 2181 418 2219 librorum
441 2181 477 2231 1,
501 2181 556 2229 11,
576 2181 789 2231 eodemque
820 2181 1133 2220 consarcinatore
1162 2182 1250 2220 libri
1285 2182 1358 2231 ΙΙΙ,
1393 2183 1414 2233 S
1449 2196 1480 2234 ι,
1507 2192 1544 2222 et

67 2248 201 2297 partim
222 2246 363 2298 epilogi
386 2259 541 2298 quoque
562 2245 663 2284 libro
692 2246 746 2284 ΙΙΙ
772 2245 940 2294 subditi,
958 2246 1072 2293 satis,
1096 2255 1135 2283 ut
1155 2259 1298 2292 remur,
1323 2245 1492 2297 patebit,
1514 2247 1544 2284 si

67 2312 109 2350 ad
143 2311 386 2351 Praesationis
426 2310 563 2349 omissa
604 2311 719 2363 paulo
750 2320 839 2349 ante
876 2310 991 2349 verba
1033 2310 1271 2362 respiciatur.
1302 2312 1399 2350 lline
1440 2313 1541 2350 enim

68 2376 186 2426 palam
206 2375 278 2413 erit
294 2375 488 2427 praefatori
503 2388 580 2413 non
600 2384 675 2413 tam
690 2388 792 2413 curae
814 2370 927 2413 fuisse
950 2375 1258 2413 vaticinationem
1276 2377 1396 2427 ipsam
1412 2375 1543 2428 Sibyl-

67 2440 175 2479 linam
199 2453 312 2492 quam
336 2453 530 2478 sacrarum
550 2453 678 2478 rerum
709 2439 762 2477 ibi
785 2440 1014 2478 insertarum
1049 2440 1304 2486 mentionem3
1326 2440 1393 2478 has
1415 2442 1543 2493 itaque

67 2505 272 2557 scripturas
294 2519 397 2556 paene
417 2505 464 2543 ad
493 2505 643 2543 divinas
665 2504 819 2555 evehit,
847 2503 939 2548 θείας
965 2504 1126 2558 γραφάςε
1149 2514 1185 2542 et
1214 2518 1396 2555 quasnam
1426 2505 1462 2542 iu
1498 2505 1543 2544 iis

68 2579 189 2618 partes
219 2570 455 2609 admiratur?
473 2582 535 2608 eas
555 2569 749 2621 praecipue
767 2583 852 2621 quae
871 2570 918 2608 de
935 2569 1050 2608 rebus
1067 2570 1207 2607 divinis
1226 2578 1356 2620 agunt,
1377 2568 1442 2616 τὴν
1457 2568 1542 2607 τού-

66 2647 131 2670 των
151 2633 234 2685 [τῶν
251 2632 349 2672 θείων
369 2631 526 2688 γραφῶν]
547 2633 742 2684 ἀνάγνωσιν
761 2633 819 2672 καὶ
847 2633 1033 2685 ἐπίγνωσιν
1052 2633 1210 2686 ἐχούσας.
1234 2637 1403 2681 Quarum
1425 2643 1542 2672 mate-

66 2697 157 2735 riam
188 2698 269 2749 ipse
290 2698 429 2736 deinde
460 2699 674 2737 luculenter
705 2698 886 2750 exponit,
917 2699 1029 2738 Pravs.
1056 2697 1184 2739 ibim:
1214 2697 1282 2736 Καὶ
1301 2696 1366 2750 γὰρ
1396 2698 1475 2751 περί
1504 2712 1541 2736 τε

68 2759 200 2814 Πατρὸς
218 2762 276 2801 καὶ
296 2763 384 2802 Υἱοῦ
408 2761 466 2800 καὶ
483 2761 596 2814 Ἁγίου
612 2762 814 2813 Πνεύματος
826 2764 886 2809 τῆς
904 2762 994 2806 θείας
1011 2763 1069 2801 καὶ
1087 2764 1282 2814 ζωαρχικῆς
1295 2761 1443 2815 Τριάδος
1460 2764 1553 2812 cipi-¹

69 2825 173 2873 δήλως
187 2827 411 2881 διασαφοῦσι,
426 2827 505 2880 περί
522 2843 556 2865 τε
580 2829 640 2874 τῆς
661 2827 826 2881 ἕνσάρκου
847 2828 1044 2879 οἰκονομίας
1064 2831 1123 2866 τοῦ
1143 2827 1272 2881 Κυρίου
1289 2827 1347 2866 καὶ
1367 2828 1457 2866 Θεοῦ
1478 2827 1533 2866 καὶ

189 2902 267 2945 ΙΙΙ.
1320 2898 1377 2944 28
