1686 3500
74 264 166 309 524
453 261 536 306 AD
570 260 919 307 maurinos
950 262 1163 307 Llssnos
1193 240 1195 244 ’

70 375 148 399 non
163 358 383 398 dubitamus
402 357 576 409 inprimis
598 366 712 410 atque
730 367 819 397 ante
838 371 969 399 omnes
996 358 1147 397 beatum
1173 358 1362 410 Virginem
1379 360 1534 398 Mariam

63 424 182 475 ‚liujus
201 422 390 474 privilegii
406 430 622 473 compotem
649 435 731 461 esse
759 423 894 461 factam
911 438 919 462 :
936 431 992 462 est
1008 423 1106 462 enim
1123 424 1254 462 Irenaei
1278 436 1355 461 non
1379 424 1535 462 minima

70 488 170 538 laus,
185 484 290 537 quod
310 485 454 536 primus
473 485 551 522 sere
573 493 743 523 veterum
762 486 1004 524 sanctissimae
1019 485 1184 538 Virginis
1205 486 1337 524 merita
1350 516 1360 533 ,
1379 500 1536 525 consor-

69 553 123 589 tio
150 549 314 601 quodam
347 549 485 587 divinae
509 548 810 600 redemptionis,
833 550 1000 588 humano
1024 551 1154 601 generi
1183 550 1362 602 salutaria
1391 549 1534 601 praedi-

67 615 230 662 caverit3
247 615 381 653 confer
402 613 522 660 infra,
541 627 626 665 cap.
646 628 707 661 27.

70 698 77 708 =
116 679 322 729 Sibyllistae
341 678 388 716 de
409 677 608 716 beatorum
630 687 717 717 ante
731 678 918 730 judicium
940 686 1038 716 statu
1058 679 1238 724 reticent,
1262 677 1333 714 nisi
1350 678 1470 728 quod,
1486 678 1534 715 li-

67 743 138 782 bro
160 745 208 791 II,
226 757 262 783 v.
292 744 366 788 246
382 773 392 791 ,
413 756 508 794 sqq,
535 744 654 781 sancti
683 742 853 781 homines
873 742 1020 793 judicio
1048 755 1248 794 supremo,
1276 751 1453 792 tanquam
1467 740 1533 792 ju·

65 810 168 847 dices
192 809 291 860 ipsi,
319 821 396 846 non
429 816 609 858 tanquam
643 807 723 855 rei,
741 807 912 845 assistere
941 807 1134 844 dicuntur.
1158 806 1320 851 Quinam
1340 820 1432 842 vero
1457 806 1535 843 illi?

66 873 150 919 soli,
169 872 273 924 quod
286 872 449 919 mireris,
468 871 701 910 patriarchae
715 879 752 908 et
764 870 985 921 Prophetae,
1003 870 1150 908 omissis
1164 883 1273 907 novae
1289 870 1383 921 legis
1397 870 1534 908 sanctis

64 937 242 975 omnibus
265 937 412 987 (confer
432 937 544 983 infra,
559 949 642 986 cap.
665 938 739 987 22).
758 935 864 975 Unde
880 935 1060 985 conjicias
1079 934 1127 972 ad
1147 935 1267 972 nostri
1290 943 1409 986 poetae
1431 948 1535 972 men-

66 1011 139 1039 tem
169 1015 233 1039 eos
255 1001 356 1040 solos
382 1001 419 1039 in
440 1001 571 1039 caelum
594 1008 658 1037 ant
673 1000 889 1051 paradisum
909 1000 1035 1038 adhuc
1057 1000 1201 1038 censeri
1224 1008 1416 1050 receptos,
1437 1013 1534 1050 quos

63 1066 236 1105 Christus
275 1078 470 1116 resurgens
499 1079 545 1103 ex
579 1065 708 1103 inseris
747 1077 873 1102 secum
911 1063 1136 1110 abduxerit,
1165 1064 1300 1101 ceteris
1320 1063 1446 1101 adhuc
1479 1062 1531 1100 ibi

2 1119 10 1132 ⁸
62 1129 409 1176 commorantibus,
430 1129 641 1168 secundum
662 1129 763 1166 illam
784 1141 898 1179 quam
919 1128 1033 1165 modo
1058 1128 1263 1165 multorum
1287 1128 1533 1177 exposuimus

62 1195 299 1234 sententiam.
324 1194 482 1232 Videtur
502 1208 543 1231 ca
571 1195 687 1232 fuisse
711 1193 915 1243 Sibyllistis
946 1192 1121 1230 omnibus
1150 1191 1362 1229 communis
1396 1205 1528 1230 mens:

61 1273 278 1311 quanquam
314 1260 351 1297 in
379 1259 568 1296 diversam
599 1266 742 1309 partem
778 1259 892 1295 traxit
920 1271 990 1295 nos
1016 1256 1222 1307 aliquando
1254 1244 1463 1294 notandum
1495 1258 1530 1293 in

62 1324 252 1362 I’rooemio
283 1322 474 1374 Sibyllino
508 1330 723 1373 temporum
753 1321 965 1359 verbalium
987 1321 1205 1365 discrimen,
1221 1320 1285 1358 ubi
1301 1320 1425 1372 impiis
1442 1321 1531 1372 qui-

59 1389 145 1427 dem
165 1388 301 1426 futurae
318 1389 553 1426 intentantur
569 1400 714 1438 poenae,
736 1400 772 1425 v.
793 1388 856 1433 83,
878 1400 963 1438 sqq.
982 1405 990 1427 ε

215 1451 386 1503 Λαμπᾶσι
405 1451 617 1498 καυθήσεσῦε
630 1481 640 1499 ,
659 1467 694 1491 κ.
712 1466 744 1490 τ.
764 1451 811 1497 λ.,

53 1516 149 1566 justi
167 1530 260 1555 vero
276 1517 400 1555 statim
423 1516 599 1554 videntur
616 1516 877 1554 haereditatem
894 1515 979 1553 vitae
999 1516 1105 1555 adire
1124 1528 1134 1556 ε

216 1582 318 1628 Ζωὴν
337 1582 608 1633 κληρονομοῦσι,
627 1596 662 1620 κ.
683 1596 714 1619 τ.
735 1581 766 1619 λ.

57 1644 129 1684 Sed
143 1646 181 1683 in
195 1659 237 1684 re
256 1653 359 1684 tanta
379 1655 452 1684 tam
470 1645 542 1683 levi
558 1633 812 1696 grammaticae
829 1645 1109 1696 conjugationis
1126 1655 1352 1697 argumento
1372 1647 1532 1684 sortasse

58 1721 133 1746 non
152 1708 260 1747 decet
277 1710 482 1747 immorari.
502 1711 714 1748 Praesertim
731 1724 849 1762 quum
869 1709 1152 1761 Sibyllistarum
1171 1719 1406 1749 constantem
1423 1711 1472 1749 de
1487 1725 1529 1749 ea

59 1785 98 1811 re
127 1771 338 1812 doctrinam
372 1774 509 1826 prodat
540 1775 720 1825 frequens
748 1774 851 1826 apud
880 1775 965 1813 illos
995 1775 1138 1813 mentio
1172 1775 1385 1813 communis
1422 1788 1524 1812 mor-

59 1845 210 1876 tuorum
236 1839 354 1886 sedis,
384 1852 496 1890 quam
519 1853 621 1878 nunc
647 1837 776 1896 Ἅδην,
807 1853 906 1878 nnnc
927 1838 1061 1888 Ἀΐδην,
1080 1852 1184 1879 nunc
1204 1841 1317 1878 etiam
1350 1839 1493 1879 Ἀϊδωνέ
1479 1854 1528 1883 τος

56 1895 166 1952 οἶκον,
191 1903 396 1954 aliqnando
425 1903 606 1957 Ἰᾶρταρον
633 1905 689 1942 vel
717 1901 864 1958 Ἔρεῧος
894 1913 1044 1944 vocant.
1076 1902 1183 1960 ᾍδην
1208 1905 1381 1956 quinimo
1404 1905 1455 1943 ita
1472 1906 1530 1943 di-

56 1975 158 2005 ctum
176 1969 388 2015 somniant,
415 1968 517 2020 quod
547 1982 593 2006 eo
620 1968 766 2020 primus
789 1969 910 2008 Adam
938 1968 1201 2015 descenderit,
1228 1970 1414 2008 secuturis
1445 1984 1529 2007 om-

57 2031 170 2070 nibus
191 2033 288 2070 viam
312 2042 552 2081 monstrans
574 2032 643 2072 lib.
668 2033 706 2081 I,
726 2047 766 2073 v.
792 2036 856 2081 81,
876 2047 986 2085 sqq:

212 2095 355 2153 ᾍδην
337 2100 365 2135 o’
388 2091 463 2136 αυτ’
479 2097 692 2146 ἐκάλεσσαν,
714 2096 789 2137 ἐπεὶ
808 2100 969 2151 πρῶτος
964 2097 1095 2137 u07ev'
1091 2097 1235 2149 Αδᾶμ...

212 2163 370 2202 Τοῦνεκα
391 2163 431 2209 δὴ
449 2162 574 2206 πάντες
593 2165 624 2201 οἱ
647 2162 839 2216 ἐπιχθόνιοι
858 2179 1031 2214 γεγαωτες

216 2226 344 2280 Ἀνέρες
361 2228 408 2266 εἶν
427 2223 541 2266 Ἀΐδαο
562 2227 677 2278 δόμοις
700 2227 787 2265 ἰέναι
804 2227 999 2266 καλέονται.

57 2291 150 2330 Illuc
169 2291 289 2343 igitur
315 2292 600 2346 antevdilnvium
623 2295 842 2332 universum
862 2293 1126 2343 generationes
1147 2307 1280 2332 omnes
1302 2293 1413 2332 bonae
1444 2309 1525 2334 ma·-

55 2356 176 2407 laeque
194 2358 492 2408 compelluntur,
506 2356 573 2397 lib.
589 2358 624 2405 1,
641 2370 675 2394 v.
691 2359 755 2406 80,
776 2370 869 2408 sqq.;
889 2371 974 2405 101,
993 2371 1095 2409 sqq.;
1120 2361 1205 2406 ¹16,
1219 2370 1321 2410 sqq.;
1342 2360 1429 2407 302,
1443 2374 1522 2411 sqq.
1561 2366 1563 2368 '

56 2412 289 2460 Illuc'etiam
311 2431 396 2474 post
413 2422 597 2460 diluvium
616 2436 624 2460 ε
656 2435 742 2460 nam
765 2435 811 2460 eo
834 2422 1030 2460 descendit
1058 2423 1139 2474 ipse
1158 2423 1346 2474 Christus,
1367 2425 1404 2472 1,
1424 2424 1522 2475 377;

56 2486 155 2530 VIII,
185 2487 282 2536 3¹03
298 2496 411 2538 atque
431 2487 520 2526 inde
548 2496 719 2525 mortuos
736 2486 785 2525 ab
806 2501 851 2523 eo
874 2486 1025 2534 reduci,
1048 2487 1193 2538 Sibylla
1211 2488 1300 2526 licet
1320 2489 1522 2535 reticente,

56 2563 135 2588 non
150 2560 206 2589 est
223 2551 398 2599 dubium,
412 2552 513 2589 solos
525 2552 803 2603 nempe-justos,
815 2551 956 2590 relictis
968 2552 1004 2589 in
1020 2566 1088 2590 sua
1106 2561 1215 2591 nocte
1227 2553 1363 2605 impiis.
1380 2553 1521 2592 Eadem

56 2614 203 2653 inferna
215 2616 336 2665 sedes,
355 2616 455 2654 idem
476 2613 588 2672 ιᾍδης
609 2629 727 2666 usque
746 2615 793 2653 ad
811 2625 979 2654 extrema
1003 2616 1134 2654 mnndi
1154 2630 1377 2668 permanere
1396 2618 1521 2668 Sibyl-

56 2678 151 2716 listis
171 2679 272 2716 visus
293 2687 361 2725 cst,
386 2681 565 2730 quoniam
589 2681 690 2718 libro
712 2681 818 2725 VIII,
839 2680 936 2730 ignis
963 2681 1027 2731 qui
1064 2690 1202 2719 terram
1235 2683 1390 2721 devorat
1406 2712 1415 2731 ‚
1433 2686 1521 2721 Orci

54 2755 208 2793 quoqne
225 2751 356 2794 portas
373 2743 562 2790 incendit,
584 2758 618 2782 v.
641 2746 714 2782 226
732 2758 739 2782 :

394 2807 522 2853 ψλέξει
540 2808 575 2847 δὲ
594 2809 704 2853 πύλας
720 2811 856 2862 εἱρκτῆς
875 2806 995 2858 ἀΐδαο,

55 2871 106 2909 ita
130 2878 169 2908 ut
186 2870 339 2910 discissa
357 2880 468 2910 terrae
488 2873 630 2911 viscera
646 2875 849 2912 Tartarum
867 2883 1057 2925 retegam,
1078 2887 1112 2912 v.
1134 2881 1201 2920 24¹
1225 2890 1232 2912 :

209 2934 404 2988 Ταρτάρων
427 2934 460 2974 δὲ
481 2935 563 2989 χάος
583 2936 658 2976 τότε
682 2937 780 2983 δείξει
800 2942 882 2990 γαῖα
902 2941 1066 2991 χανοῦσα.
