1752 3495
545 233 623 275 AD
660 232 985 277 EXCURSUM
1022 235 1078 278 11.

238 333 418 383 Cyllenen
439 329 605 381 prudens
624 342 770 379 caveas,
790 343 839 367 ne
858 337 895 367 te
912 323 1092 380 improba‘
1107 331 1218 369 fallar.
1243 347 1247 352 ·

787 424 857 460 XI.

235 506 413 546 Oraclum
434 504 526 543 mihi
546 505 794 556 pennigerum
815 513 879 543 tua
897 505 971 542 fata
991 504 1160 544 revelat:

239 571 325 609 Ales
342 569 416 608 eris
435 569 558 614 Jovis,
576 576 615 606 ct
636 576 716 606 toto
735 568 992 607 dominaberis
1011 567 1117 606 orbe.

773 669 864 706 XII.

237 753 287 789 At
308 750 399 787 mihi
418 762 488 800 per
506 762 659 787 somnos
683 750 763 787 Dea
779 762 818 786 se
837 747 943 786 dedit
964 748 1048 799 ipsa
1066 747 1285 799 videndam,

237 816 278 853 1η
302 815 488 866 populum
507 815 617 865 plena
637 813 798 852 fundens
818 813 919 850 buna
938 812 1102 864 plurima
1123 811 1242 863 pelve.
1262 850 1269 856 ,

628 1008 812 1039 Pmoun:
832 1007 1006 1038 LUClANl.

789 1096 820 1132 1.

240 1194 307 1231 Ast
329 1192 392 1231 ubi
411 1192 488 1243 jam
506 1192 683 1238 Proteus,
704 1192 934 1242 Cynicorum
954 1191 1140 1229 maximus
1161 1204 1274 1240 unus,

239 1256 296 1295 Ad
319 1257 429 1296 Jovis
448 1256 601 1294 altisoni
619 1256 801 1306 templum
821 1255 1062 1293 succenderit
1075 1255 1214 1307 ignem,

237 1320 492 1371 Insiliensque
509 1333 605 1372 rogo
624 1333 781 1371 superas
803 1319 1068 1357 conscenderit
1087 1332 1215 1372 arces3

235 1386 346 1423 Tunc
364 1397 512 1431 omnes,
530 1393 720 1434 quotquot
740 1392 944 1421 vescuntur
961 1396 1116 1420 munere
1138 1391 1263 1434 terrae,

236 1449 486 1500 Noctivagum
503 1448 623 1498 jubeo
645 1449 819 1487 venerari
839 1447 957 1486 heroa
977 1455 1172 1498 potentem
1185 1479 1196 1496 ,

209 1554 212 1558 ,
239 1512 501 1563 Herculeoque
521 1520 663 1563 tuoque
680 1512 835 1559 throno,
855 1512 1039 1562 Vulcane,
1058 1511 1265 1550 sedentem.

789 1609 839 1644 11.

238 1698 306 1734 Ast
328 1694 395 1733 ubi
416 1694 624 1732 multisono
641 1696 805 1745 Cynicus
824 1694 1066 1745 cognomine,
1085 1694 1277 1733 flammam

237 1762 396 1808 Insiliet,
419 1761 527 1800 furiis
548 1761 708 1812 agitatus
726 1770 879 1813 pectora
900 1761 1022 1810 samae,

236 1828 347 1866 'runc
367 1835 405 1863 et
425 1826 659 1877 vul1)icaiie5‚
683 1826 792 1863 illum
807 1826 1038 1876 quicumque
1059 1833 1283 1875 sequuntur,

236 1892 345 1942 lpsos
365 1891 442 1928 fata
460 1891 543 1942 lupi
558 1890 676 1939 jubeo
698 1892 891 1941 pereuntis
910 1889 1041 1937 obire3

241 1959 313 1994 Aut
335 1955 366 1994 si
385 1955 470 2006 quis
487 1963 656 1993 metuens
675 1955 837 1992 Vulcani
861 1955 999 2006 fugerit
1018 1962 1154 2005 aestus,

235 2021 342 2060 Saxis
360 2021 462 2058 huuc
482 2019 610 2058 subito
628 2019 734 2071 plebs
751 2020 906 2070 impetat
925 2019 1048 2057 omnis
1069 2018 1235 2065 Achiva,

238 2084 390 2136 Frigida
406 2098 453 2122 ne
471 2093 620 2136 gestans
641 2084 852 2135 praecordia
866 2117 874 2131 ,
895 2083 1003 2121 calda
1022 2084 1215 2134 loquatur,

237 2148 467 2187 Distcndcns
487 2148 623 2200 grandi
643 2157 854 2200 turgentem
872 2149 1002 2186 sonore
1021 2161 1149 2200 peram
1162 2176 1172 2195 ‚

226 2215 436 2259 Patraruin
458 2222 516 2251 ter
534 2213 702 2265 quinque
723 2214 848 2251 serens
867 2226 915 2251 ex
937 2213 1032 2252 urbe
1052 2213 1202 2251 talenta.

778 2311 847 2347 111.

239 2389 367 2428 Litora
385 2388 432 2426 ad
455 2388 593 2427 Euxini
614 2388 724 2439 ponti
742 2388 864 2426 vicina
883 2388 1035 2439 Sinopae
1048 2418 1058 2435 ,

1407 258 1414 267 «
1452 235 1540 278 145

96 2505 180 2544 mine,
197 2507 229 2538 et
246 2505 400 2538 adversus
422 2504 556 2546 cynicos
579 2513 707 2546 omues,
722 2504 777 2545 qui

97 2550 130 2582 ad
157 2552 353 2592 sequendum
379 2551 534 2591 Peregrini
549 2575 557 2590 ,
585 2552 676 2584 ducis
708 2551 777 2592 sui,

99 2600 266 2641 exemplum
280 2600 380 2632 facete
394 2600 582 2632 invitantur.

131 2651 157 2678 4.
182 2651 221 2679 Ex
229 2648 353 2687 codem,
366 2647 396 2678 lu
407 2647 581 2679 Alexandro
594 2648 777 2680 εριιΨευδο-

95 2693 201 2733 μάντει,
219 2697 243 2726 t.
261 2698 299 2735 v,
317 2704 348 2736 p.
363 2698 415 2735 75,
429 2694 478 2725 ed.
495 2695 560 2734 Bip.
584 2697 682 2726 Datur
701 2703 778 2726 vero

98 2741 149 2770 lioc
166 2742 325 2773 oraculum
345 2746 492 2782 tanquam
509 2741 715 2781 sibyllinum,
737 2743 778 2778 ὡς

97 2786 229 2825 &Coum
240 2789 559 2830 προμαντευσαμένης,
568 2797 632 2828 quo
648 2787 778 2828 quidem

98 2842 150 2865 non
167 2835 267 2877 inepte
291 2837 466 2868 traducitur
485 2836 581 2867 salsus
603 2839 691 2868 vates
713 2836 780 2868 Ale-

100 2881 206 2914 xander
224 2884 481 2923 Abonoticlntcs,
498 2882 553 2923 qui
568 2882 626 2913 sub
646 2882 781 2922 impera-

100 2927 210 2961 toribus
226 2930 374 2962 Romauis
390 2929 489 2969 vixit,
507 2928 559 2961 ὑπ’
581 2928 780 2967 Αὐσονίοισι,

281 2990 353 3034 lll.

848 2503 885 2535 ad
907 2503 1039 2537 Ἁδώνου
1051 2506 1152 2545 τεῖχος
1161 2526 1171 2543 ,
1183 2502 1294 2536 urbem
1306 2502 1415 2535 Euxini
1424 2526 1434 2544 ,
1447 2510 1544 2544 quam

846 2551 958 2593 Τύρσιν
970 2553 1061 2582 vocat
1075 2554 1184 2591 poeta:
1202 2552 1304 2591 τύρσις
1318 2551 1402 2583 enim
1417 2550 1546 2592 antiqua

847 2598 981 2630 dialecto
993 2598 1105 2638 πύργος
1117 2599 1166 2629 est
1175 2606 1230 2630 seu
1243 2601 1356 2640 τεῖχος.
1370 2597 1427 2631 nic
1437 2601 1543 2630 autem

847 2644 1053 2677 similitudine
1064 2644 1199 2676 nominis
1208 2653 1281 2676 cum
1292 2644 1468 2677 Alexandro
1481 2653 1545 2676 ma·

847 2701 921 2733 gno,
938 2694 970 2724 ct
986 2692 1125 2724 numeris
1137 2693 1297 2724 literarum
1311 2695 1422 2725 ΑΛΕΞ
1436 2695 1477 2733 (1,
1494 2696 1546 2733 30,

850 2744 881 2777 5,
905 2741 968 2779 00),
983 2740 1015 2771 et
1031 2742 1169 2779 quatuor
1186 2740 1323 2772 nominis
1339 2740 1468 2780 syllabis
1488 2739 1545 2772 de·

850 2787 1008 2827 signatur,
1027 2795 1155 2826 prorsus
1174 2787 1212 2818 ad
1238 2787 1463 2828 Sibyllinorum
1487 2795 1546 2819 no·

850 2836 990 2865 strorum
1016 2842 1148 2866 morem.
1174 2834 1226 2866 Sic
1251 2835 1335 2866 enim
1358 2834 1399 2865 ibi
1417 2834 1545 2874 passim,

852 2879 889 2910 ml
915 2879 1118 2911 indicandum
1144 2881 1293 2920 principis
1314 2881 1466 2921 cujusque
1493 2889 1548 2910 no·

855 2935 926 2959 men
942 2951 949 2967 ,
975 2927 1137 2959 literarum
1156 2928 1281 2967 μονάδες
1301 2931 1333 2959 ct
1355 2928 1476 2962 δεκάδες
1492 2935 1548 2957 uu·

1338 3001 1388 3030 ΙΟ
