1752 3495
648 191 729 235 AD
765 191 1090 236 EXCURSUM
1128 193 1200 236 lV.
1483 256 1489 266 ι
1555 191 1639 236 29!

191 309 204 325 .
225 286 453 328 tentissimus
482 284 599 337 [otho
620 281 691 336 111.
716 283 820 322 etde
848 283 927 333 ipsa
948 284 1106 321 muliere
1132 285 1185 335 [id
1212 293 1286 333 est,
1309 285 1443 337 uxore]
1474 294 1649 323 nascetur

191 374 205 388 ι
225 365 289 392 rex
316 364 385 402 per
409 350 442 388 Ο
467 348 620 387 nomine
650 347 769 398 [Otho
798 347 891 399 111],
911 346 973 385 hic
1001 347 1074 385 erit
1101 347 1360 397 sanguinarius
1385 357 1423 387 et
1452 349 1647 387 facinoro-

187 437 202 453 «
219 429 294 463 sus,
313 422 381 453 etc.
412 413 460 451 Et
480 420 565 463 post
585 424 671 450 eum
691 420 821 462 surget
843 424 908 449 rex
935 424 1004 463 per
1029 411 1062 448 H
1091 411 1243 448 nomine
1267 409 1466 464 [llcnricus
1486 413 1556 465 11],
1574 422 1648 452 etc.

190 499 205 516 ι
222 481 328 518 Tunc
349 486 527 526 exsurget
549 476 645 514 alius
670 488 737 513 rex
758 475 903 513 Salicus
925 488 992 525 per
1007 474 1037 512 C
1058 474 1212 512 nomine
1229 473 1457 528 [Conradus]
1468 504 1609 516 ......
1633 495 1650 512 ι

191 547 235 586 Et
256 543 309 581 sic
331 549 462 579 nostra
480 539 623 589 Sibylla
653 538 849 577 historiam
875 547 1080 589 utcumque
1098 537 1241 576 detexit
1269 538 1418 589 imperii
1437 541 1648 580 Germanici

190 619 307 657 usque
330 605 376 642 ad
406 603 639 642 Fridericum
668 605 780 653 vulgo
804 603 945 641 dictum
969 615 990 639 a
1011 601 1135 640 Barba
1153 602 1256 645 rusa.
1274 602 1382 653 cujus
1403 602 1530 641 laudes
1555 606 1650 644 ccle-

191 673 286 711 brat.
306 686 322 703 a
337 663 431 708 Post
446 668 526 705 liaec
548 679 641 705 vero
665 674 794 717 surget
814 666 910 704 alius
938 678 1005 702 rex
1026 678 1094 716 per
1113 666 1144 704 11
1173 665 1328 703 nomine
1351 664 1550 719 [llenricus
1568 669 1648 720 Vl]‚

190 754 204 770 ιι
221 743 258 772 et
273 732 318 770 de
339 733 466 782 ipson
486 731 692 782 procedent
713 730 914 767 duodecim
936 731 979 777 11,
998 738 1072 767 etc.
1090 747 1104 763 ν
1123 732 1207 767 Jam
1228 743 1320 767 vero
1340 730 1500 769 delirare
1520 731 1652 782 incipit

192 807 310 845 vates,
329 805 365 835 et
386 795 550 834 ilenrico
579 795 640 832 isti
662 808 818 845 regnum
845 793 1107 831 centenarium
1133 793 1319 844 impertit,
1341 802 1378 832 et
1406 808 1494 833 mox
1520 795 1651 833 eadem
1706 824 1711 829 .

189 876 234 902 ex
251 860 356 913 prole
382 872 505 909 regem
528 858 690 909 aliquem
709 857 848 894 excitat
872 857 1129 893 Romanorum
1153 865 1189 893 et
1208 856 1426 893 Graecorum
1449 869 1516 906 per
1534 869 1653 894 annos

191 939 293 964 cxxii
316 925 564 968 duraturum3
583 936 651 959 nec
667 922 786 958 multo
805 928 889 971 post
909 919 1132 957 Antichristi
1156 932 1312 969 regnum
1333 928 1370 957 et
1397 919 1527 957 mundi
1542 920 1653 958 finem

192 989 379 1042 praedicit,
397 987 612 1037 desinitque
635 987 671 1023 in
695 986 798 1024 illam
822 984 1156 1023 celebratissimum
1179 984 1466 1022 acrostichidem
1485 985 1532 1023 de
1547 985 1654 1036 judi-

191 1055 247 1092 cio
274 1065 473 1103 supremo,
507 1064 621 1102 quam
641 1051 793 1088 latinam
816 1050 895 1086 divi
924 1049 1125 1099 Augustini
1152 1049 1278 1086 verbis
1304 1049 1452 1086 recitat.
1476 1050 1652 1087 Omnium
1676 1039 1698 1081 Ἰ

192 1121 303 1170 igitur
319 1116 664 1155 manifestissimum
693 1123 766 1162 est,
786 1114 927 1165 scripta
947 1113 1027 1150 liaec
1055 1126 1136 1150 esse
1159 1125 1235 1150 non
1257 1126 1279 1150 a
1296 1112 1506 1150 venerabili
1530 1112 1654 1162 Beda,
1682 1109 1692 1173 ζ

192 1192 322 1221 octavo
343 1180 481 1219 saeculo
506 1179 727 1230 incipiente,
756 1191 890 1216 verum
915 1177 963 1214 ab
983 1177 1110 1227 aliquo
1135 1177 1215 1214 sive
1240 1177 1335 1214 {talo
1364 1177 1441 1214 sive
1461 1179 1653 1215 Germano
1683 1175 1690 1234 J

192 1247 361 1291 homine,
391 1254 468 1283 tum
492 1257 609 1295 quum
634 1243 817 1282 lienricus
835 1251 962 1280 sextus
981 1241 1181 1279 Germanis
1207 1241 1434 1291 imperabat,
1461 1241 1535 1280 sub
1554 1241 1655 1297 duo-3
1681 1240 1688 1279 l

193 1310 325 1348 decimi
343 1309 468 1346 saeculi
492 1309 633 1357 {inem⁸³
1522 1301 1524 1303 ’

164 1363 169 1367 .
239 1373 455 1414 Notandum
482 1372 518 1409 in
547 1372 612 1409 illo
632 1369 831 1421 superiore
857 1368 1036 1406 vaticinio
1053 1366 1294 1406 Tiburtinam
1315 1366 1499 1418 Sibyllam
1520 1371 1656 1421 praeci-

192 1452 281 1490 puas
301 1447 425 1489 partes
448 1450 572 1488 agere.
597 1436 767 1473 Alterum
795 1433 860 1472 vix
884 1434 1008 1471 minus
1028 1433 1172 1471 clarum
1200 1433 1325 1471 medio
1343 1447 1423 1471 aevo
1444 1436 1653 1487 serebatur,

192 1512 367 1553 tanquam
397 1500 602 1551 Erythraeae
628 1497 803 1549 Sibyllae,
827 1496 930 1548 quod
957 1497 1058 1547 typis
1078 1497 1304 1548 impressum
1328 1499 1514 1548 prodiisse
1541 1501 1654 1540 docet

191 1567 378 1606 Fabricius
399 1578 484 1604 cum
504 1563 779 1602 commentario
797 1560 983 1600 Ludoviei
1006 1561 1054 1599 de
1073 1561 1199 1599 Tovat
1218 1560 1280 1612 [an
1303 1561 1349 1600 de
1369 1563 1488 1602 Toval
1501 1563 1545 1618 ?],
1564 1567 1654 1606 His-

192 1632 294 1683 pani,
326 1630 455 1676 Senis,
483 1629 596 1668 1508.
619 1629 705 1667 .Nos
738 1627 966 1677 impressum
992 1625 1105 1676 hujus
1130 1625 1325 1676 exemplar
1354 1627 1502 1667 nullum
1545 1632 1653 1671 Pari.

188 1696 249 1734 siis
278 1695 515 1740 invenimus,
540 1692 612 1730 nisi
647 1692 749 1730 inter
781 1704 898 1742 opera
926 1690 1210 1740 Theolospliori
1238 1691 1434 1740 cujusdam
1468 1697 1652 1744 eremitat,

188 1762 278 1799 Vcn.
299 1759 412 1807 1516,
427 1758 490 1795 ubi
506 1765 626 1796 exstat
648 1757 713 1796 fol..
729 1770 799 1803 Lu,
817 1769 900 1806 sqq.
920 1756 1219 1805 Manuscriptum
1238 1768 1328 1793 vero
1350 1760 1589 1799 tractavimus
1611 1762 1650 1800 in

190 1823 415 1862 bibliotheca
441 1831 569 1859 nostra
595 1820 800 1860 Parisiensi
821 1818 892 1857 sub
913 1819 1080 1856 numeris
1103 1820 1226 1868 3319,
1257 1820 1378 1866 6362,
1403 1825 1515 1861 etiam
1549 1827 1649 1872 3455

190 1890 264 1942 (scd
285 1889 338 1927 ibi
360 1902 406 1925 ex
422 1895 529 1938 pai-tc
551 1888 732 1935 tantum);
753 1893 866 1934 atque
884 1897 931 1921 ex
951 1883 1096 1920 infinita
1117 1884 1321 1921 lectionum
1341 1886 1536 1937 varietate,
1558 1891 1651 1932 laci-

190 1956 264 1993 nias
277 1955 358 2003 ejus
376 1961 579 2001 utcumque
594 1950 765 1995 refectas,
785 1962 870 2000 quae
884 1948 931 1985 ad
954 1955 1124 1985 nostram
1142 1960 1219 1985 rem
1241 1949 1414 1988 conferre
1434 1953 1523 1992 visae
1541 1966 1648 2006 sunt,

191 2018 452 2071 excerpsimus.
475 2015 662 2065 Prologus
679 2022 804 2051 autem
825 2015 859 2051 ei
878 2012 1053 2064 praefixus
1073 2020 1129 2049 est
1149 2011 1395 2061 hujusmodi:

238 2101 252 2118 n
268 2081 495 2122 Vaticinium
526 2079 679 2129 Sibyllae
708 2077 913 2129 Erythraeae
934 2075 1062 2126 (codd.
1088 2076 1265 2127 Erithee,
1289 2078 1442 2128 quidam
1463 2082 1646 2138 Heritee).

191 2166 204 2182 a
223 2147 454 2199 Opusculum
478 2144 578 2182 istud
602 2151 811 2181 extractum
841 2150 896 2179 est
921 2141 1011 2192 (alii,
1031 2140 1236 2191 Prophetia
1258 2142 1389 2181 Sibille
1413 2146 1560 2186 lieritee
1579 2162 1651 2188 ex-

191 2232 204 2247 «
225 2214 353 2263 tracta)
371 2211 418 2248 de
435 2209 534 2248 libro
549 2210 614 2259 qui
632 2208 770 2245 dicitur
784 2205 1080 2256 Vasiliograplii,
1103 2205 1141 2242 id
1158 2214 1227 2253 est,
1243 2206 1446 2257 imperialis
1460 2212 1650 2264 scriptura

192 2295 205 2310 u
223 2277 334 2328 [conf.
352 2288 480 2326 supra,
498 2286 582 2324 pag.
607 2274 696 2320 287,
718 2270 806 2322 sq.],
827 2270 930 2322 quod
952 2269 1096 2320 Sibylla
1118 2270 1312 2320 Erythraea
1333 2271 1461 2324 [codd.
1481 2277 1648 2330 Erithea,

192 2358 207 2373 «
225 2341 284 2378 alii
296 2339 419 2391 aliter]
436 2336 667 2387 Babylonica
683 2335 730 2372 ad
745 2335 967 2385 petitionem
981 2335 1200 2372 Graecorum
1217 2342 1388 2386 tempore
1401 2339 1540 2379 Priami
1552 2345 1650 2394 regis

192 2423 207 2438 σι
224 2406 357 2452 edidit3
383 2403 565 2455 quodque
585 2402 633 2439 (le
651 2399 830 2439 Chaldaeo
854 2412 1027 2437 sermone
1046 2399 1083 2436 in
1113 2413 1278 2450 graecum
1305 2402 1515 2455 Daxopetri
1539 2406 1652 2458 [alius

192 2487 207 2503 ιι
225 2469 305 2508 cod.
333 2469 443 2507 docta
460 2475 592 2518 puter3
615 2473 837 2516 corruptum
859 2473 1063 2513 utrumque
1085 2477 1094 2500 :
1116 2477 1163 2500 an
1184 2465 1408 2515 Doxapatri,
1433 2469 1561 2508 fictum
1580 2486 1651 2511 no.

191 2551 206 2568 ι
226 2548 307 2572 men
329 2548 349 2572 e
368 2546 512 2584 graeco,
545 2530 626 2575 δόξα
644 2532 693 2582 τῷ
716 2528 868 2580 Πατρίῗ]
895 2529 1145 2579 peritissimus
1167 2529 1356 2568 transtulit
1382 2545 1390 2569 ε
1422 2534 1575 2573 tandem
1603 2537 1651 2576 de

192 2616 206 2631 α
225 2598 354 2636 aerario
381 2596 634 2636 Emmanuelis
653 2594 846 2646 [videlicet
876 2592 1079 2644 Comneni]
1107 2593 1349 2644 imperatoris
1369 2595 1548 2637 eductum
1572 2601 1654 2639 Eu-

192 2677 207 2694 «
225 2661 353 2710 genius
374 2661 478 2711 regni
493 2659 629 2698 Siciliae
652 2657 715 2712 [al.
735 2656 926 2708 Eugenius
947 2670 1012 2694 rex
1032 2671 1041 2695 ε
1062 2656 1139 2694 imo
1165 2657 1258 2708 lege,
1276 2657 1461 2710 Rogerius
1483 2675 1547 2701 rex
1558 2664 1653 2721 ‘Sic.]

192 2742 207 2758 ι
228 2725 430 2763 admiratus
446 2725 493 2762 de
511 2736 633 2776 graeco
657 2722 849 2760 transtulit
864 2722 903 2759 in
920 2721 1095 2761 latinum.
1119 2721 1237 2760 Liber
1255 2723 1460 2774 Erythraeae
1481 2723 1560 2781 [alii
1583 2730 1671 2768 ali-.

193 2804 208 2820 n
229 2788 297 2841 ter]
322 2788 499 2839 incipit.»

245 2871 259 2885 κ
279 2853 482 2904 Ιέκᾳιιίτίιίε
508 2866 566 2890 mc
594 2850 673 2906 [alii
701 2850 816 2890 codd.
843 2865 863 2889 a
886 2851 981 2902 me],
1004 2864 1027 2889 o
1056 2851 1304 2891 illustrissima
1329 2855 1441 2893 turba
1461 2857 1655 2909 Danaum,

1425 2941 1494 2988 19.
