1686 3500
176 204 268 250 364
556 202 641 248 AD
672 203 1018 251 SlBYLLINOS
1051 205 1105 249 Lt
1116 205 1267 249 BROS

174 299 265 340 talio
286 301 477 340 Romanos
495 299 677 340 odoratus
696 309 790 352 erat,
810 310 850 340 et
868 301 914 339 nd
941 301 1150 354 marginem
1171 298 1358 341 versionis
1377 315 1454 341 suoe
1471 303 1632 358 scripse.

172 372 233 403 rat
253 378 263 402 ε
285 366 324 402 in
342 367 510 404 Romam.
530 366 654 413 Quam
674 366 896 404 sententiam
918 366 1017 404 tueri
1037 380 1140 405 nunc
1158 366 1398 407 conabimur.
1465 367 1468 370 ’

226 427 300 474 Qui
320 428 423 466 hunc
440 428 565 466 locum
587 428 636 468 de
653 428 872 468 Alexandro
894 429 1016 481 accipi
1037 430 1193 480 volunt,
1218 431 1362 482 primos
1386 430 1465 469 duo
1482 433 1632 483 versus,

171 490 275 530 Ἀλλὰ
299 490 505 539 Μακηδονίη
530 501 567 531 et
596 492 768 547 Εὐρώπης
784 506 822 529 τε
845 490 1023 544 μέγιστον,
1048 492 1097 531 de
1119 493 1252 532 eadem
1275 507 1317 533 re
1339 494 1551 546 intelligant
1569 512 1634 537 ne-

169 568 273 594 cesse
285 564 353 594 est.
373 556 447 594 Sed
468 556 520 594 ita
538 557 699 594 solvitur
715 556 753 594 in
773 555 832 594 his
848 555 1024 595 versibus
1042 558 1267 604 antitheton,
1284 557 1388 609 quod
1405 569 1515 610 poeta
1533 574 1634 611 quae.-

169 619 260 658 sisse
281 618 489 658 videbatur
504 634 580 658 non
600 620 662 657 hic
679 619 814 665 sotum,
835 619 900 658 sed
920 621 1034 658 etiam
1059 633 1189 672 supra,
1210 634 1244 660 v.
1268 622 1356 670 367,
1375 635 1429 673 sq.
1451 625 1634 674 oppositis

170 684 268 723 inter
285 697 325 723 se
345 684 496 723 duobus
515 683 734 722 nomini-bus
753 683 906 728 Ἀσσίδος
921 693 959 722 et
981 683 1164 736 Εὐρώπης.
1186 687 1373 724 Praeterea
1402 700 1521 737 quum
1552 689 1633 727 Ma-

169 748 332 788 cedones
345 763 423 788 non
440 749 599 787 multum
619 761 686 798 per
711 749 904 800 Europam
925 749 1127 800 exspatiati
1146 749 1236 798 sint,
1258 763 1359 802 aegre
1381 764 1450 789 nos
1482 752 1631 803 quidem

168 814 339 866 capimus
355 813 402 851 de
422 811 645 851 Macedonia
663 825 811 850 versum
836 813 939 851 hunc
957 826 965 850 :

377 875 550 929 Εὐρώπης
568 891 606 914 τι
628 874 789 927 μέγιστον
809 874 1120 928 ἀνασταχυῶσεται
1140 876 1260 927 ἄλγος,

168 942 239 980 nisi
265 940 432 994 Εὐρώπης
460 942 563 992 ἄλγος
584 942 678 992 (sive
699 940 797 984 ἕλκος
822 942 947 993 legere
966 941 1088 992 malis)
1111 941 1247 980 vulnus
1271 941 1535 993 interpreteris
1558 954 1631 981 non

168 1007 332 1058 Europae
346 1035 356 1054 ‚
375 1006 439 1044 sed
459 1005 506 1044 ab
527 1007 680 1057 Europa
704 1006 867 1055 illatum,
886 1019 964 1057 quo
989 1007 1106 1056 magis
1124 1006 1296 1045 solvetur
1313 1019 1357 1044 ac
1376 1006 1632 1057 supprimetur

167 1070 284 1119 illud,
308 1070 356 1109 de
383 1084 460 1122 quo
481 1069 596 1108 modo
624 1069 856 1119 dicebamus,
874 1069 1115 1108 antitlietum.
1132 1070 1291 1120 Contra,
1313 1070 1344 1108 si
1367 1070 1470 1107 hunc
1485 1082 1632 1108 versum

166 1134 216 1174 de
241 1135 418 1175 Romanis
440 1135 616 1186 accipias,
632 1144 736 1173 recte
756 1135 883 1173 omnia
903 1134 1141 1187 procedunt:
1159 1148 1246 1173 nam
1271 1144 1312 1173 ut
1338 1135 1565 1185 Macedones
1596 1136 1632 1174 in
1672 1184 1674 1186 Ι

169 1200 277 1247 Asia,
295 1200 348 1237 ita
368 1199 528 1238 Romani
547 1200 585 1237 in
608 1200 761 1250 Europa
783 1199 995 1251 praecipue,
1017 1213 1061 1237 ac
1079 1199 1146 1237 diu
1163 1200 1201 1237 in
1221 1201 1373 1251 Europa
1391 1199 1493 1250 sola,
1513 1199 1632 1237 domi-

166 1264 247 1302 nati
278 1271 380 1304 sunt.
406 1264 488 1302 Imo
519 1264 643 1302 solent
669 1263 874 1315 Sibyllistae
897 1277 919 1302 a
947 1264 1170 1303 Macedonia
1192 1264 1301 1302 sacile
1329 1265 1486 1303 Romam
1512 1271 1630 1302 trans-

167 1328 311 1378 volare,
332 1336 375 1366 ut
393 1327 460 1366 lib.
486 1318 603 1376 lv,'v.
627 1341 714 1377 102,
735 1341 789 1379 sq.
809 1342 818 1366 z

375 1392 466 1433 Οὐδὲ
483 1393 707 1441 Μακηδονίης
723 1394 789 1432 αἰεὶ
805 1393 928 1437 κράτος
939 1423 949 1442 ,
966 1394 1043 1433 ἀλλ’
1059 1393 1128 1433 ἀπὸ
1145 1394 1286 1445 δυσμῶν

375 1456 509 1501 Ἰταλὸς
526 1456 666 1504 ἀνθήσει
684 1456 853 1509 πόλεμος,
868 1472 900 1496 κ.
915 1472 947 1495 τ.
967 1458 1021 1502 λ..
1099 1451 1102 1455 ’

163 1531 202 1561 et
220 1521 389 1569 lib.'Vll‚
407 1536 443 1561 v.
467 1524 555 1572 108,
576 1536 633 1573 sq.
655 1537 664 1560 :

372 1585 497 1637 Ῥώμη
517 1586 763 1641 καρτερόθυμε,
785 1581 1009 1635 Μακηδονίην
1029 1585 1117 1638 μετὰ
1134 1585 1266 1640 λόγχην

373 1649 575 1705 Ἀστράψεις
594 1651 628 1694 ἐς
644 1648 849 1701 Ὄλυμπον,

160 1715 226 1767 qui
241 1715 314 1754 loci
332 1717 528 1754 sententiae
543 1716 768 1755 Castalionis
783 1725 820 1754 et
839 1724 979 1755 nostrae
993 1716 1088 1754 mire
1108 1714 1287 1754 videntur
1303 1715 1499 1768 opitulari.
1635 1758 1637 1761 ,

213 1780 436 1819 Transimus
463 1794 566 1818 nunc
585 1780 633 1818 ad
652 1787 872 1832 sequentem
893 1793 1044 1819 versum
1057 1809 1068 1829 ‚
1083 1780 1123 1819 in
1141 1793 1218 1831 quo
1236 1780 1370 1830 variat,
1393 1789 1436 1818 ut
1455 1780 1627 1827 diximus,

160 1846 336 1885 codicum
365 1847 501 1886 lectio:
523 1860 610 1884 nam
635 1847 699 1885 alii
722 1847 899 1899 Κρονιδῶν
926 1846 1006 1897 (seu
1024 1845 1212 1899 Κρηνίδων)
1238 1860 1277 1884 τε
1299 1844 1429 1894 νόθων,
1454 1845 1517 1884 alii
1537 1847 1627 1897 Κρο·

158 1910 256 1950 νίδαο
287 1910 384 1950 νόθου
403 1911 482 1962 (seu
505 1911 632 1962 piures
653 1910 761 1963 νόθον)
783 1911 925 1963 legunt.
950 1911 1025 1959 Qui
1043 1911 1217 1963 Κρονιδῶν
1241 1910 1406 1957 habent,
1430 1910 1625 1949 manifesto

160 1974 208 2014 de
229 1975 407 2014 Romanis
425 1976 716 2022 intellexerunt3
746 1976 813 2027 qui
839 1976 1030 2029 Κρονίδαο,
1052 1975 1099 2014 de
1126 1975 1362 2016 Alexandro.
1384 1976 1494 2015 Nunc
1522 1987 1625 2026 quae-

160 2039 320 2079 rendum
351 2050 434 2079 utra
455 2040 566 2079 lectio
582 2040 630 2079 sit
649 2039 898 2092 praeserenda.
1126 2078 1132 2083 ,

210 2104 251 2143 Si
265 2104 450 2143 librorum
466 2105 729 2143 auctoritatem
747 2104 986 2156 perpendere
1003 2104 1109 2151 velis,
1132 2104 1315 2156 pluralem
1330 2103 1538 2155 genitivum
1562 2103 1632 2142 ha·-

158 2167 251 2207 bent
274 2170 321 2209 Α.
349 2171 390 2209 Β.
417 2170 455 2209 S.
484 2171 550 2209 Pr.
573 2169 867 2220 Cast.,quorum
890 2169 1066 2207 codicum
1102 2169 1307 2220 scriptura,
1342 2177 1383 2207 ut
1405 2169 1624 2220 plerumque

158 2234 282 2272 minus
296 2233 461 2285 elegans,
481 2233 531 2271 ita
552 2246 652 2285 saepe
675 2234 792 2284 magis
805 2233 853 2272 ad
869 2233 1062 2284 antiquam
1083 2241 1121 2271 et
1139 2246 1266 2271 veram
1285 2232 1442 2272 accedit.
1460 2232 1623 2286 Κρονίδαο

158 2297 329 2349 praebent
349 2299 390 2337 R.
410 2298 455 2337 L.
483 2298 523 2336 F.
543 2311 710 2349 quorum
742 2307 866 2336 textus
898 2299 1124 2349 plerumque
1157 2297 1205 2336 ad
1233 2298 1519 2348 grammaticam
1544 2310 1623 2335 cor-

158 2362 317 2410 rectior,
339 2362 405 2400 sed
424 2362 480 2400 vel
501 2361 552 2400 ob
569 2376 649 2401 eam
667 2376 746 2401 rein
767 2363 939 2400 nonnihil
960 2370 1158 2414 suspectus
1175 2371 1245 2411 est,
1265 2371 1445 2413 tanquam
1468 2374 1490 2400 a
1508 2360 1621 2398 libra-

159 2425 216 2464 rio
245 2439 311 2464 seu
339 2426 467 2478 potius
490 2426 639 2465 editore
669 2427 815 2477 aliquo,
848 2425 963 2464 docto
989 2426 1104 2477 magis
1124 2439 1236 2476 quam
1268 2425 1366 2474 fido,
1389 2433 1623 2463 retractatus.

159 2490 304 2529 Deinde
333 2491 396 2528 vix
426 2491 524 2529 ullus
546 2491 684 2529 horum
723 2491 899 2529 codicum
929 2490 1026 2530 νόθου
1050 2490 1187 2540 habet,
1219 2490 1283 2528 sed
1313 2490 1487 2542 plerique
1512 2488 1620 2535 νόθον,

157 2554 260 2606 quod
280 2555 434 2606 quidem
463 2564 551 2607 post
576 2555 745 2609 Κρονίδαο
764 2569 875 2594 sensu
894 2568 1039 2603 carens,
1058 2555 1160 2594 ultro
1181 2568 1250 2593 nos
1266 2554 1314 2593 ad
1337 2554 1443 2593 νόθων
1464 2554 1621 2605 ideoque
1672 2561 1677 2567 ·

158 2618 205 2657 ad
235 2619 409 2671 Κρονιδῶν
428 2619 643 2658 reduceret.
660 2644 678 2657 .

208 2682 355 2721 Omissa
374 2691 499 2720 tamen
518 2683 694 2722 codicum
714 2683 967 2732 discussione,
994 2696 1078 2735 quae
1097 2682 1148 2721 ob
1171 2683 1294 2722 varias
1319 2692 1355 2722 et
1378 2683 1541 2721 incertas
1570 2681 1622 2718 le·-

156 2746 302 2785 ctiones
325 2746 422 2784 nihil
444 2747 504 2784 vel
521 2760 656 2798 parum
669 2747 802 2798 juvare
820 2755 957 2799 potest,
975 2747 1055 2800 ipsa
1075 2761 1177 2785 nunc
1194 2746 1311 2785 verba
1328 2746 1621 2786 consideremus,

155 2811 295 2862 prioris
313 2825 449 2863 nempe
467 2811 568 2850 illius
587 2811 841 2859 hemistichii;
863 2826 947 2850 nain
966 2812 1013 2851 de
1035 2812 1156 2850 altero
1172 2811 1466 2863 desperandum,
1485 2809 1554 2848 uisi
1576 2808 1620 2845 de

157 2874 335 2915 Romanis
354 2875 597 2927 intelligatur.
627 2875 739 2915 Prius
766 2890 919 2928 quoque
938 2877 985 2916 de
1007 2877 1185 2916 Romanis
1208 2884 1310 2914 recte
1332 2875 1530 2914 uobiscum
1563 2885 1619 2910 ac-
