1686 3500
624 178 929 238 Excusssus
964 180 1041 225 vi.
1383 202 1391 213 ·
1474 180 1569 226 465

489 320 617 364 CAP.
638 321 683 360 V.
699 323 756 359 De
780 299 894 358 Verbi
905 304 1170 358 incarnatione.

151 440 208 480 De
231 440 497 481 incarnatione
525 454 596 492 par
620 448 678 480 est
697 437 927 479 orthodoxia
948 439 1226 492 plerorumque
1249 438 1450 483 librorum.
1479 442 1574 481 Nam

98 505 200 545 libro
226 506 339 564 vm,
359 510 378 555 S
399 520 436 555 a,
458 506 595 551 Filius,
628 505 730 544 idem
759 505 825 557 qui
850 517 965 557 supra
991 496 1205 543 ‘divinitatis
1228 505 1419 557 particeps
1450 506 1575 547 dictus

97 579 192 621 erat,
211 571 294 623 ipse
310 571 507 610 descendit
522 571 560 610 in
580 571 748 623 Virginis
767 570 894 609 alvum
907 599 918 618 ,
937 583 975 609 v.
997 570 1090 620 269,
1109 583 1169 621 sq.
1192 584 1199 607 :

258 635 405 687 Γνώμης
426 629 484 674 οὖν
504 634 631 684 ταύτης
653 634 872 688 μεμνημένος
892 636 939 679 εἷς
956 632 1068 687 κρίσιν
1088 632 1183 683 ἥξει,

256 699 455 739 Ἀντίτυπον
472 699 618 751 μίμημα
635 700 748 754 φέρων
769 701 817 744 εἷς
836 698 1016 751 Παρθένον
1034 698 1158 751 ἁγνήν.

97 769 146 804 At
162 764 297 803 eodem
322 764 444 812 libro,
465 766 487 815 3
519 767 554 814 3,
580 774 703 804 totum
732 778 840 816 paene
866 777 1019 803 carmen
1040 764 1152 803 unice
1178 763 1254 816 agit
1274 762 1322 803 de
1343 764 1478 816 Angcli
1505 777 1578 803 au-

97 829 337 868 nuntiatione
356 838 393 868 ct
412 828 527 869 Verbi
551 830 806 881 conceptione
825 828 928 881 apud
946 829 1212 867 intemeratam
1233 828 1447 879 Virginem,
1461 828 1578 882 'plana

98 904 138 934 ut
156 896 196 933 in
228 895 341 934 Lucae
361 895 580 946 evangelio,
609 896 640 933 si
668 895 836 946 Spiritus
855 894 976 932 sancti
1005 893 1180 946 apertior
1204 894 1348 932 mentio
1368 894 1486 933 fieret.

152 959 272 999 Libro
293 960 407 998 etiam
430 959 554 1010 primo
573 960 757 1011 scriptum
777 967 854 1005 est,
873 972 910 997 v.
928 960 1018 1004 324,
1034 971 1092 1009 sq.
1117 973 1124 996 :

257 1024 309 1073 Δὴ
330 1025 408 1064 τότε
429 1025 489 1064 καὶ
509 1023 680 1077 μεγάλοιο
694 1026 788 1064 Θεοῦ
811 1030 894 1068 παῖς
913 1023 1144 1077 ἀνθρώποισιν
1430 1046 1440 1064 .

255 1089 358 1136 Ἥξει
378 1090 611 1144 σαρκοφόρος,
634 1092 769 1137 Ονητοῒς
786 1087 1011 1140 ὁμοιούμενος
1028 1089 1063 1127 ἐν
1085 1090 1144 1141 γῇ.

99 1156 146 1195 Et
166 1156 253 1195 licet
276 1154 330 1194 ibi
350 1169 427 1194 non
456 1156 537 1194 fuse
558 1162 745 1193 tractetur
773 1154 846 1193 hoc
860 1162 1148 1205 argumentum,
1178 1152 1333 1191 minime
1361 1161 1487 1192 tamen
1506 1152 1582 1192 du-

96 1221 202 1260 bium
222 1229 280 1259 est
298 1221 400 1272 quin'
417 1230 539 1271 poetae
560 1220 678 1258 menti
699 1220 902 1258 obversata
929 1220 977 1258 sit
993 1219 1075 1271 ipsa
1101 1218 1181 1257 divi
1199 1218 1369 1258 Matthaei
1387 1219 1583 1268 narratio,

99 1299 218 1337 quum
234 1286 362 1325 statim
379 1286 564 1334 addatur,
577 1299 613 1324 v.
635 1286 723 1334 334,
743 1298 825 1337 sq.:

259 1349 385 1404 Τούτῳ
404 1349 677 1403 προσκομίσουσ’
694 1351 795 1404 ἱερεῖς
814 1349 944 1403 χρυσὸν
961 1348 1211 1403 προφέροντες,

260 1415 445 1468 Σμύρναν,
465 1413 555 1469 ἀτὰρ
577 1414 742 1462 λίὸανον,
764 1430 801 1455 κ.
823 1431 854 1454 τ.
871 1415 905 1453 λ.

98 1480 217 1533 Cujus
235 1481 289 1520 rei
307 1481 452 1518 mentio
472 1489 530 1519 est
555 1479 658 1532 apud
684 1480 807 1518 solum
825 1479 1063 1528 Matthaeum‚
1084 1487 1123 1516 et
1142 1477 1298 1530 quidem
1328 1479 1497 1518 secundo
1516 1492 1586 1518 ca-

101 1546 190 1597 pite,
210 1545 333 1598 quod,
352 1555 393 1583 ut
408 1554 510 1583 arcte
530 1544 779 1596 conjunctum
805 1558 891 1582 cum
912 1547 1061 1596 priore,
1077 1544 1129 1583 ita
1152 1543 1259 1595 rejici
1278 1557 1365 1582 cum
1382 1557 1429 1583 eo
1451 1542 1584 1583 debuit

101 1610 149 1649 ab
176 1605 368 1650 Ebioiiaeis
389 1610 549 1661 aliisque
578 1610 651 1648 hoc
677 1622 796 1662 genus
823 1608 1011 1648 haereticis
1035 1608 1087 1647 ob
1106 1608 1225 1660 ipsam
1252 1607 1300 1647 de
1320 1608 1582 1650 incarnatione

101 1673 326 1712 doctrinam.
350 1675 552 1713 Consentit
578 1687 671 1725 ergo
702 1674 750 1712 de
775 1673 1040 1712 incarnatione
1057 1686 1144 1711 cum
1164 1673 1368 1726 evangeliis
1391 1673 1453 1712 hic
1472 1673 1582 1721 liber,

99 1748 217 1791 atque
243 1739 332 1778 idco
351 1738 438 1777 libri
470 1740 584 1778 etiam
610 1739 645 1778 11
666 1747 703 1778 et
722 1740 828 1790 HLS
851 1753 887 1786 1,
904 1738 952 1777 ab
971 1738 1106 1777 eodem
1123 1747 1281 1777 auctore
1297 1739 1443 1790 scripti.
1458 1740 1582 1779 Porro

97 1805 203 1843 nulia
224 1818 336 1843 causa
351 1813 406 1843 est
425 1818 493 1842 cur
507 1804 632 1842 minus
647 1813 748 1843 recte
765 1804 925 1843 sensisse
944 1804 991 1842 de
1011 1803 1076 1841 illo
1096 1803 1277 1854 mysterio
1299 1813 1477 1856 putemus
1494 1817 1583 1843 auc·

98 1879 219 1908 torem
240 1883 396 1921 quoque
414 1869 603 1908 librorum
629 1869 806 1915 xt-XW,
826 1869 928 1921 apud
957 1882 1070 1920 quem
1096 1868 1190 1921 ipsis
1217 1882 1325 1920 paene
1350 1869 1444 1908 libri·
1468 1871 1582 1922 primi

100 1933 226 1973 verbis
245 1935 399 1985 legitur,
417 1934 508 1985 ΧΙΙ,
528 1948 563 1972 v.
583 1937 647 1981 32,
663 1947 748 1986 sqq.
772 1949 780 1972 ε

260 1997 329 2037 Καὶ
345 1998 423 2037 τότε
443 1998 484 2046 δὴ
505 1995 646 2051 κρύφιος
663 1997 736 2045 ἥξει
757 1996 867 2046 Λόγος
884 1995 1065 2048 Ὑψίστοιο
1080 2026 1091 2049 ,

256 2063 379 2117 Σάρκα
399 2061 513 2117 φέρων
530 2067 703 2110 Ονητοῖσιν
724 2063 877 2112 ὁμοίϊον,

98 2138 136 2167 et
155 2129 300 2168 ibidem
320 2130 421 2168 infra
434 2158 443 2175 ,
460 2142 495 2166 v.
513 2131 612 2166 232:

257 2194 328 2234 Καὶ
345 2194 455 2245 Λόγος
471 2193 641 2231 ἀθανάτου
660 2192 813 2244 μεγάλου
829 2192 920 2231 Θεοῦ
937 2191 1062 2238 ἤλυθεν
1083 2191 1130 2234 εἷς
1145 2193 1224 2242 γῆν.

99 2262 151 2298 Ac
171 2260 278 2298 libris
302 2260 457 2311 quidem
494 2259 564 2305 111,
586 2259 648 2306 lv,
664 2259 709 2304 V,
730 2257 826 2295 nihil
862 2257 908 2295 de
937 2270 981 2294 ea
1010 2270 1052 2294 re
1077 2255 1288 2296 definitur:
1319 2256 1384 2295 scd
1414 2257 1441 2296 ii
1470 2271 1574 2299 nunc

98 2325 297 2363 omittendi
331 2333 435 2374 sunt,
466 2324 558 2375 quia
589 2325 691 2374 ipsos
711 2336 846 2374 magna
876 2335 923 2360 ex
946 2331 1054 2374 parte
1079 2321 1256 2371 judaicos
1284 2335 1366 2360 esse
1393 2322 1576 2374 diximus,

100 2390 309 2441 praesertim
328 2388 470 2427 librum
492 2388 545 2426 111
560 2417 570 2434 ‚
598 2387 741 2426 Christi
769 2386 962 2424 natalibus
982 2386 1230 2424 anteriorem.

149 2454 307 2493 Restant
321 2453 442 2504 igitur
462 2451 555 2490 libri·
569 2452 617 2490 vl
637 2460 673 2489 et
696 2452 786 2498 vn,
809 2451 876 2502 qui
894 2449 1008 2488 ambo
1023 2481 1032 2499 ,
1051 2458 1093 2488 ut
1112 2458 1168 2488 est
1185 2449 1224 2487 in
1247 2450 1425 2489 Excursu
1444 2453 1577 2504 priore

97 2519 418 2566 demonstratum,
439 2531 515 2555 uno
534 2526 709 2568 tempore
731 2516 942 2568 eademque
958 2530 1072 2555 manu
1093 2516 1303 2567 conscripti
1317 2519 1574 2565 suntznmbo,

98 2592 138 2620 ut
158 2596 274 2635 supra
297 2582 482 2629 vidimus,
499 2581 547 2620 de
572 2582 773 2619 divinitate
792 2581 910 2619 Verbi
926 2580 1124 2619 verissima
1139 2580 1268 2636 onmia
1281 2589 1320 2618 et
1339 2583 1577 2633 apertissima

99 2649 341 2698 profitente33
360 2646 407 2684 de
433 2646 697 2684 incarnatione
713 2654 840 2683 autem
859 2646 1041 2696 quaedam.
1056 2644 1173 2683 dubia
1193 2653 1232 2683 et
1253 2649 1448 2697 suspecta,
1468 2662 1573 2700 quae·
1632 2697 1636 2700 Δ

97 2712 182 2750 dam
201 2712 315 2749 etiam
341 2711 433 2748 salsa
459 2721 497 2750 et
517 2711 729 2749 abnormia.
1198 2721 1202 2725 '
1640 2704 1650 2718 ’

146 2767 336 2824 Primum,¹
353 2775 469 2826 idque
493 2775 654 2814 sortasse
674 2776 815 2825 levius,
833 2783 1017 2826 peccant,
1037 2773 1141 2825 quod
1167 2774 1469 2814 incarnationem
1491 2776 1575 2816 Filii

98 2841 299 2879 secundam
327 2829 614 2893 generationem
641 2850 778 2879 vocant
800 2854 809 2877 ε
835 2840 925 2878 inde
947 2839 1356 2891 ίΙΙυάηπαραδοξότατον,
1377 2841 1467 2891 imo,
1495 2842 1577 2894 pri-'

100 2918 199 2944 mum
215 2905 368 2958 quidem
390 2905 644 2953 intuentibus,
666 2904 957 2959 ἐτεροδοξότατον,
981 2904 1124 2950 lib;V1,
1143 2919 1180 2946 v.
1206 2918 1242 2954 2,
1265 2918 1348 2957 sq.:
1572 2903 1575 2906 ’

259 2979 334 3023 ΙΙΙ.
1316 2975 1376 3022 30
