1686 3500
692 218 997 266 EXCURSUS
1034 220 1137 266 Vll.
1186 236 1190 242 ·
1362 239 1369 249 =
1558 217 1650 264 615

181 317 301 367 magis
333 325 371 354 et
398 307 636 355 horridiores
672 328 753 354 esse
791 315 1002 367 prioribus,
1028 331 1098 356 nec
1125 318 1247 356 solum
1278 315 1500 361 medioeres,
1531 316 1654 367 quod,

178 381 303 419 invito
333 380 423 418 licet
448 379 628 425 Horatio,
665 378 872 429 Sibyllistis
899 380 1007 418 facile
1035 393 1106 418 nos
1141 380 1295 431 quidem
1329 379 1649 419 condonat-emus.

181 445 247 483 sed
264 444 384 483 malos
402 453 518 495 atque
541 443 782 490 deterrimos,
801 445 946 495 quippe
963 446 999 482 in
1019 446 1159 496 quibus
1175 445 1380 483 continuos
1403 444 1463 482 vix
1482 443 1653 495 quinque.

179 521 311 546 versus
335 507 516 555 invenias,
534 521 610 546 non
635 508 756 546 bonos
773 507 932 546 dicimus
952 517 1016 547 aut
1039 509 1269 561 probabiles,
1289 508 1353 548 sed
1374 522 1421 547 ne
1435 507 1653 546 tolerabiles

180 573 350 624 quidem.

529 824 634 864 CAP.
657 824 743 865 Xll.
768 827 824 862 De
842 835 923 862 arte
935 829 1083 876 poetica
1101 823 1301 874 Sibyllina.

233 958 391 999 Omissis
412 954 504 999 vero
521 960 603 999 istis
621 961 743 1010 libris,
758 961 826 1012 qui
842 961 940 999 infra
962 969 1110 999 ceteros
1126 961 1285 999 nimium
1301 952 1485 1012 quantum
1503 961 1655 1000 demissi

181 1034 285 1075 sunt,
308 1025 540 1076 reliquorum
577 1034 695 1064 artem
718 1026 930 1076 poeticam,
960 1025 990 1063 si
1013 1038 1088 1076 qua
1118 1025 1216 1063 sorte
1246 1025 1310 1076 sit,
1338 1025 1563 1075 investigare
1578 1025 1655 1075 jam

183 1099 333 1141 tempus
361 1100 438 1142 est3
461 1087 696 1142 etquoniam
725 1091 773 1128 de
804 1091 933 1128 verbis
963 1092 1119 1142 singulis
1140 1091 1324 1129 hactenus
1351 1093 1439 1128 satis
1469 1088 1657 1135 diximus,

180 1154 327 1206 aliquid
355 1168 458 1194 nunc
478 1155 526 1194 de
545 1155 725 1194 universo
738 1155 893 1193 dicendi
915 1169 1068 1207 genere,
1085 1157 1197 1208 quale
1213 1157 1251 1194 in
1274 1156 1330 1194 his
1344 1154 1577 1193 carminibus
1592 1153 1660 1192 oli·

183 1229 370 1271 servatur,
388 1219 668 1260 disserendum.

235 1286 352 1323 Nemo
374 1297 464 1322 sane
484 1283 662 1322 dubitare
682 1292 806 1335 potest
825 1298 889 1323 eos
909 1285 974 1336 qui
996 1285 1107 1336 primi
1128 1284 1175 1323 nd
1195 1294 1322 1323 nostra
1343 1284 1530 1336 Sibyllina
1550 1283 1658 1322 labo-

180 1362 259 1386 rem
271 1361 380 1386 suum
401 1348 822 1395 contulerunt,.ludaeos
835 1362 974 1399 nempe
995 1349 1273 1388 Alexandrinos
1290 1349 1540 1388 philometori
1558 1362 1654 1400 sup-

184 1426 293 1463 pares
323 1423 431 1460 natu,
453 1421 628 1450 auctores
647 1418 929 1463 segmentornm
953 1414 1117 1451 duorum
1141 1413 1228 1451 libri
1253 1415 1318 1460 ΙΙΙ,
1342 1415 1364 1465 S
1387 1427 1408 1451 α
1427 1424 1463 1451 et
1485 1420 1529 1459 li,
1551 1414 1654 1464 Ery-

184 1477 316 1525 thraea,
340 1491 425 1527 quze
449 1485 526 1514 tum
547 1476 784 1523 ferebantur,
801 1477 954 1516 oracula
978 1477 1160 1515 imitanda
1176 1476 1250 1515 sibi
1267 1477 1654 1528 proposuissetquod

181 1543 237 1579 vel
261 1542 329 1593 ipsi
353 1543 536 1589 fatentur,
553 1542 643 1580 dum
663 1541 802 1579 alicubi
823 1542 1083 1580 vaticinantur
1106 1541 1354 1592 Babyloniam
1391 1555 1495 1580 suain
1531 1542 1656 1592 Sibyl·

180 1608 253 1644 lani
270 1607 387 1657 vulgo
405 1619 492 1643 euin
510 1607 707 1657 Erythraea
723 1607 924 1644 confusum
946 1606 1082 1653 iri,lib.
1099 1607 1162 1654 ΙΙΙ,
1185 1621 1219 1646 ν.
1232 1608 1323 1658 812,
1347 1620 1402 1658 sq.
1420 1608 1546 1654 Quum
1563 1621 1654 1646 vero

179 1674 226 1711 de
253 1673 459 1725 Erythraeis
480 1674 658 1721 oraculis,
679 1683 816 1725 praeter
837 1674 1038 1712 exordium
1057 1683 1095 1713 et
1115 1675 1322 1727 epilogum,
1343 1676 1435 1713 nihil
1455 1676 1532 1714 sere
1552 1689 1653 1715 nunc

179 1740 358 1789 supersit,
378 1748 562 1789 quantum
585 1752 630 1777 ex
665 1739 709 1777 iis
728 1740 964 1790 profecerint
996 1739 1199 1791 Sibyllistae
1219 1739 1352 1785 nostri,
1372 1740 1513 1779 nemini
1538 1739 1655 1778 hodie

181 1814 263 1842 tuto
283 1804 473 1855 conjicere
492 1804 617 1844 datur.
645 1805 767 1843 Multo
788 1805 904 1856 magis
925 1820 945 1843 e
976 1815 1191 1843 nostrorum
1220 1804 1406 1843 librorum
1434 1803 1568 1842 habitu
1594 1802 1655 1841 di·

180 1869 302 1907 vinari
323 1878 452 1920 posset
481 1869 668 1919 Erytliraei
687 1870 809 1907 forma
826 1870 1018 1919 carminis,
1039 1870 1076 1907 id
1101 1869 1204 1920 quod
1237 1883 1258 1907 a
1291 1869 1402 1906 nobis
1416 1868 1495 1919 jam
1524 1867 1655 1906 obser-

181 1943 258 1971 tnm
286 1943 342 1973 est
370 1934 409 1971 in
432 1935 605 1973 Excursu
627 1935 658 1972 ll
678 1948 687 1974 :
708 1934 773 1972 sed
799 1949 845 1973 ne
873 1934 948 1972 hoc
967 1934 1119 1985 quidem
1146 1934 1255 1972 facile
1274 1942 1347 1981 est,
1366 1934 1457 1985 quia
1476 1932 1654 1970 carminis

179 1999 322 2049 species
342 2011 417 2036 non
438 2012 509 2050 per
530 1998 727 2037 universos
745 1999 879 2037 eadem
899 2007 954 2037 est
972 1999 1103 2047 libros,
1119 2012 1216 2050 quos
1236 1998 1324 2036 ideo
1343 2011 1416 2050 pro
1434 2011 1499 2035 sua
1519 2010 1654 2049 quem-

180 2076 254 2113 que
275 2071 409 2100 natura
428 2063 467 2100 in
488 2072 610 2101 certas
627 2063 762 2101 classes
783 2063 956 2102 distribui
975 2072 1141 2115 oportet.

231 2129 328 2165 sunt
350 2129 449 2166 enim
470 2129 531 2166 alii
551 2142 654 2167 mere
675 2129 906 2180 prophetici,
929 2138 969 2167 ut
999 2129 1097 2167 liber
1129 2129 1198 2176 ΙΙΙ,
1235 2129 1257 2179 S
1290 2129 1335 2179 33
1359 2127 1455 2166 liber
1486 2128 1533 2175 V,
1569 2134 1656 2178 post

177 2192 456 2243 qninquaginta
476 2194 619 2243 primos
638 2207 768 2231 versus
784 2206 892 2244 paene
907 2194 1073 2244 integer3
1095 2202 1194 2231 totus
1215 2194 1293 2230 sere
1309 2192 1409 2230 liber
1428 2192 1511 2231 Vll.

230 2257 327 2294 Sunt
343 2258 404 2295 alii
428 2257 484 2296 vel
502 2257 549 2295 ab
572 2258 750 2295 omnivel
774 2272 819 2296 ex
845 2272 977 2310 magna
1000 2267 1108 2310 parte
1129 2258 1315 2305 historici,
1333 2267 1371 2294 ut
1390 2257 1454 2295 lib.
1479 2257 1542 2304 ΙΙΙ,
1563 2257 1584 2306 §
1606 2269 1660 2302 ας

179 2322 266 2360 item
286 2322 373 2360 libri
392 2323 427 2360 ΙΙ
449 2335 580 2360 versus
597 2323 675 2360 sere
697 2337 795 2372 2903
819 2323 907 2360 item
929 2323 1027 2360 liber
1046 2323 1148 2368 vlu,
1171 2323 1241 2372 §3.
1267 2323 1311 2360 Et
1331 2321 1388 2359 his
1404 2320 1555 2372 quidem
1574 2334 1661 2358 non*

181 2386 278 2423 male
303 2387 495 2424 accenseri
517 2396 676 2438 possunt
696 2387 721 2424 ii
741 2387 829 2424 libri
849 2388 928 2437 qui,
950 2401 1066 2437 quum
1092 2387 1340 2438 propheticos
1358 2386 1547 2432 simulent,
1567 2399 1660 2423 nur-

179 2459 263 2487 rant
285 2458 429 2488 tantuin
452 2460 517 2488 ant
543 2461 745 2502 exponunt
762 2465 847 2502 quae
867 2452 905 2489 in
927 2453 1043 2489 sacris
1061 2452 1179 2489 literis
1205 2459 1358 2488 narrata
1379 2458 1443 2487 aut
1471 2450 1652 2501 praedictn

180 2515 439 2565 reperiuntur,
463 2515 608 2553 utlibri
628 2518 641 2555 Ι
665 2530 754 2569 pars
776 2526 958 2566 extrema,
979 2524 1015 2553 et
1038 2525 1139 2554 totus
1170 2529 1278 2567 paene
1307 2515 1406 2553 liber
1429 2514 1479 2563 ll,
1507 2523 1544 2552 et
1569 2528 1649 2552 ma-

178 2592 248 2629 gna
268 2592 313 2616 ex
331 2588 439 2629 parte
461 2579 561 2618 liber
577 2581 679 2626 Vlll,
701 2584 719 2627 §
741 2594 755 2617 1
773 2610 783 2629 ,
801 2590 837 2618 et
855 2581 963 2618 initia
985 2580 1071 2617 libri
1093 2580 1230 2627 Vlll,§
1254 2592 1291 2617 2.
1316 2579 1345 2617 E
1371 2577 1529 2629 profana
1558 2590 1650 2614 veru

180 2642 334 2680 historia
354 2643 480 2693 petitae
496 2652 586 2681 sunt
610 2644 872 2696 praedietiones
894 2643 980 2682 libri
1002 2646 1028 2681 V
1051 2644 1185 2689 initi03
1208 2642 1348 2694 quibus
1367 2641 1476 2687 adde,
1493 2642 1523 2679 si
1546 2641 1654 2689 libet,

178 2707 296 2745 libros
317 2707 478 2746 Xl-Xlll
495 2724 503 2746 :
523 2722 608 2746 nam
626 2709 723 2746 liber
741 2710 826 2748 XIV
845 2722 945 2747 mere
961 2709 1207 2761 propheticus
1223 2721 1305 2745 esse
1322 2706 1458 2745 voluit.
1476 2706 1581 2760 Unus
1595 2714 1652 2744 est

180 2785 256 2809 non
277 2772 476 2818 vaticinio,
499 2787 574 2810 non
596 2773 786 2819 historiae.
815 2773 879 2812 sed
902 2775 1030 2824 potius
1053 2774 1196 2823 hymno
1218 2771 1362 2818 similis,
1379 2784 1421 2808 uc
1442 2779 1564 2809 metro
1586 2783 1650 2808 ex·

180 2843 294 2886 cepto
324 2833 428 2885 paeiw
447 2836 605 2886 lyricus,
632 2850 768 2888 nempe
790 2837 886 2884 liber
909 2839 967 2883 's'l‚
984 2837 1042 2874 cui
1061 2838 1216 2874 soi-sitan
1238 2835 1325 2873 addi
1346 2844 1503 2885 possunt
1520 2835 1651 2872 ultimi·

183 2900 268 2937 nin-i
292 2901 420 2948 viius
441 2903 460 2938 3
481 2910 514 2938 vt
543 2907 573 2945 r..
