1752 3495
648 236 959 282 EXCURSUS
994 237 1029 280 1.
1114 272 1116 276 ,
1505 239 1564 282 87

105 337 266 384 Christi,
304 335 441 388 partim
470 333 517 371 de
536 333 771 383 singularum
798 334 996 384 regionum
1016 333 1295 372 calamitatibus
1315 334 1443 390 scripti
1464 344 1564 374 sunt.

109 406 190 455 lpse
216 401 317 452 apud
351 398 501 439 Suidam
532 396 717 436 librorum
745 411 922 436 numerus
953 395 1004 436 κδ’
1031 397 1117 454 (pro
1147 397 1202 449 (δ’)
1236 412 1312 449 quo
1343 412 1473 438 errore
1493 399 1567 437 huc

105 468 153 505 sit
172 466 314 513 illatus,
333 464 419 502 satis
440 471 542 514 patet
561 463 775 501 attendenti
805 462 961 500 cuilibet
989 461 1035 500 nd
1066 468 1264 500 numerum
1285 463 1469 502 librorum
1494 464 1564 502 ho-

106 533 278 570 diernum
294 559 304 578 ,
336 529 433 566 sicut
460 527 497 565 in
517 527 650 566 eodem
675 529 845 566 Excursu
869 527 1028 565 dicetur.
1048 528 1269 578 Sequuntur
1289 529 1390 579 apud
1410 529 1570 569 Suidanr

105 596 307 641 nonnulla,
330 606 410 643 quae
429 605 499 630 nos
529 592 784 631 transcribere
805 592 1023 639 omisimus,
1044 592 1092 630 de
1116 591 1268 643 Sibyllae
1298 593 1468 631 versibus
1491 595 1564 632 im-

107 660 298 712 perfecti3‚
317 656 402 696 “On
422 656 457 694 δὲ
485 658 516 697 οἱ
534 657 648 709 στίχοι
671 658 774 703 αὐτῆς
795 658 944 702 ἀτελεῖς,
963 672 995 695 κ.
1011 673 1045 697 τ.
1066 659 1102 696 λ.
1120 671 1203 708 quae
1237 671 1366 695 rursus
1389 672 1436 695 ex
1457 662 1563 699 Ano·

106 724 205 775 nymi
225 722 468 774 pra‘satione,
494 724 516 773 3
539 722 584 769 4,
603 722 674 760 sub
697 723 824 769 linem,
848 722 1046 760 nianisesto
1067 731 1215 773 sumpta
1243 732 1350 770 sunt5
1373 724 1423 761 ita
1439 725 1565 762 omnia

105 787 295 838 Sibyllinae
313 787 546 825 collectionis
565 788 758 825 hodiernae
775 788 954 825 lectorem
973 784 1153 838 produnt.

157 854 194 890 ln
234 852 291 889 his
322 851 424 901 quod
453 851 730 903 ineptissimum
763 851 916 889 videtur
946 851 993 889 ‹le
1020 851 1173 901 Sibyllae
1204 865 1289 889 cuin
1319 853 1463 890 Noemo
1500 866 1566 890 co-

104 917 278 967 gnatione
299 929 307 952 ε
329 914 395 952 Ἐκ
416 919 476 953 τοῦ
495 914 632 964 γένους,
654 931 687 953 κ.
707 931 739 954 τ.
760 916 813 963 λ.,
841 915 1005 953 diximus
1026 929 1101 952 non
1117 915 1263 962 Suidae,
1289 915 1354 954 sed
1378 917 1566 967 Anonymi

105 980 311 1033 proel'atoris
324 994 424 1027 esse3
441 981 613 1032 ineptum
632 981 725 1019 illud
739 981 907 1032 quidem,
919 982 983 1019 sed
1000 981 1255 1019 excusandum
1274 982 1393 1032 ipsius
1405 982 1569 1032 pseudo-

101 1045 251 1096 Sibyltae
269 1045 510 1094 testimonio,
531 1046 594 1084 lib.
615 1046 688 1093 111,
709 1059 743 1083 ν.
766 1048 864 1084 826:

305 1109 339 1147 T
341 1112 378 1147 οὔ
403 1109 464 1161 μὲν
484 1108 552 1160 ἐγὼ
568 1103 686 1163 νύμφη.
703 1111 760 1149 καὶ
778 1111 837 1161 ἀφ’
856 1109 1000 1162 αἵματος
1018 1113 1122 1148 αὐτοῦ
1140 1109 1304 1164 ἐτύχθην,

101 1188 176 1225 quo
192 1174 378 1224 pertinent
399 1184 436 1212 et
453 1176 523 1213 alia
543 1176 694 1221 similia,
718 1175 781 1214 lib.
802 1176 835 1221 I,
856 1190 889 1215 ν.
916 1178 1005 1223 287,
1023 1189 1104 1226 sqq.
1126 1175 1173 1214 de
1192 1176 1331 1227 quibus
1349 1189 1417 1214 nos
1438 1189 1568 1214 rursus

103 1240 136 1275 in
162 1239 247 1276 Exc.
266 1239 307 1276 V.
324 1240 422 1277 Satis
441 1253 543 1277 nunc
568 1249 816 1277 monstratum
835 1241 883 1277 sit
901 1240 1114 1278 Chal‹laeam
1136 1254 1202 1278 sen
1221 1241 1468 1291 Babyloniam
1490 1241 1568 1278 sive

103 1305 289 1340 llebraeam
305 1304 567 1342 siveJudaeam
581 1304 777 1354 Sibyllam,
798 1318 930 1341 revera
945 1318 1059 1342 unam
1076 1318 1168 1351 esse,
1184 1319 1304 1356 neque
1321 1305 1431 1342 aliam
1453 1319 1563 1356 quam

100 1376 289 1404 auctorem
322 1368 444 1418 ipsum
482 1369 757 1419 Sibyllinorum
789 1378 1004 1407 nostrorum
1035 1370 1246 1408 carminum
1278 1369 1348 1408 snb
1387 1370 1561 1408 muliebri

96 1432 191 1476 gatula
213 1430 491 1471 delitescentem
515 1464 522 1471 .

787 1564 873 1571 —-

95 1679 202 1718 CAP.
226 1678 324 1720 xv1.
347 1683 405 1717 De
420 1680 565 1717 (lucibus
582 1683 791 1718 adventitiis
814 1681 963 1729 Sibyltis
977 1710 986 1728 ,
1008 1683 1200 1731 Europam
1215 1691 1251 1718 ee
1266 1684 1456 1731 Agrippa,
1479 1679 1566 1718 obi-

480 1755 605 1795 terque:
624 1748 669 1783 de
695 1749 780 1784 XII
804 1749 916 1782 medii
929 1747 1000 1782 oevi
1012 1748 1039 1783 S
1043 1745 1178 1794 e'byllis.

147 1880 193 1918 Et
207 1879 286 1931 jam
308 1893 392 1918 cum
422 1879 577 1931 Sibyllis
593 1881 926 1931 transegissemus,
946 1880 1019 1919 nisi
1045 1880 1258 1932 periculum
1280 1888 1376 1918 esset
1397 1892 1443 1918 ne
1466 1880 1564 1918 sorte

97 1945 223 1983 lectori
257 1959 401 1983 moram
439 1946 608 1983 facerent
646 1947 808 1983 ‹luat-nm
855 1945 1083 1996 Sibyllarum
1121 1945 1293 1990 nomina,
1330 1945 1454 1982 medio
1485 1957 1563 1982 aevo

95 2023 157 2047 seu
179 2023 246 2060 per
265 2018 473 2048 extremam
496 2010 607 2048 medii
629 2011 697 2047 aevi
720 2018 868 2061 partem
897 2024 967 2061 pro
986 2009 1162 2060 genuinis
1182 2008 1311 2047 habita
1325 2039 1336 2056 ‚
1368 2009 1564 2061 Europaeae

96 2088 229 2126 nempe
245 2076 350 2125 (sive,
371 2083 413 2113 ut
439 2075 630 2113 interdum
654 2076 749 2113 male
773 2075 963 2120 scribitur,
986 2076 1186 2125 Europae),
1216 2084 1253 2112 et
1275 2076 1451 2126 Agrippae
1472 2076 1562 2125 (sie,

94 2154 166 2178 non
195 2150 236 2179 ut
252 2141 406 2192 quidam
431 2142 554 2192 legere
572 2141 803 2188 maluerunt,
823 2141 1064 2192 Agrippinae).
1083 2145 1333 2179 Act-«esserunt
1351 2141 1423 2178 illae
1442 2142 1562 2179 serius

95 2206 141 2243 ad
162 2214 372 2244 ceterarum
404 2207 635 2256 catalogum,
660 2215 699 2243 ut
724 2196 795 2256 pro
819 2206 948 2243 decem
981 2207 1112 2243 liei-ent
1133 2205 1352 2253 duodecim,
1380 2206 1489 2256 cujus
1510 2207 1565 2244 rei·

93 2285 203 2309 causa
232 2272 268 2309 in
290 2272 453 2309 artifices
479 2285 522 2308 ac
543 2272 750 2322 praesertim
770 2272 933 2321 pictores
958 2271 1065 2308 istius
1085 2271 1153 2307 aevi
1173 2270 1416 2309 conserenda.
1433 2272 1559 2316 Quum

94 2336 190 2373 enim
211 2336 246 2374 in
272 2336 439 2375 Ecclesia
469 2336 666 2375 Catholica
698 2337 864 2373 solerent
887 2337 1003 2387 vulgo
1030 2335 1208 2386 Sibyllae,
1242 2350 1288 2373 ex
1316 2336 1558 2387 antiquorum

97 2402 246 2439 Patrum
269 2401 366 2448 lide,
398 2415 504 2452 paene
530 2402 620 2452 ipsis
641 2401 778 2438 §sitietis
807 2401 1012 2451 Prophetis
1040 2401 1254 2446 accenseri,
1275 2401 1403 2438 electae
1428 2400 1559 2438 videli-

93 2475 150 2504 cvt
176 2468 273 2504 inter
296 2475 448 2517 gentes,
480 2480 564 2516 quae
588 2476 791 2516 utrumqne
810 2466 953 2503 Christi
988 2466 1240 2516 redemptoris
1267 2480 1309 2502 ac
1335 2466 1472 2516 judicis
1493 2464 1560 2503 ad-

93 2540 242 2569 ventum
276 2531 502 2569 mortalibus
532 2532 834 2581 praenuntiarent
857 2531 996 2581 (confer
1026 2531 1116 2568 Exc.
1147 2530 1233 2580 lv),
1258 2530 1500 2568 commodum
1523 2538 1560 2567 et

92 2605 237 2644 gratnm
269 2598 340 2633 suit
362 2595 574 2646 pictoribus
593 2610 793 2633 numerum
816 2595 1008 2646 adaequari
1028 2595 1308 2645 Prophetarum
1335 2604 1371 2632 et
1392 2594 1558 2645 Sibylla-

94 2675 197 2707 rum,
218 2663 423 2711 praesertim
445 2661 493 2699 ad
515 2662 687 2699 ornanda
716 2661 944 2711 templorum
975 2660 1090 2708 vitra,
1122 2674 1199 2710 quo
1220 2660 1256 2697 in
1276 2673 1416 2710 genere
1435 2661 1558 2698 excel-

93 2725 229 2764 lebant.
252 2728 353 2764 Duas
375 2726 491 2777 igitur
511 2726 674 2776 Sibyllas
693 2727 830 2764 ceteris
854 2725 943 2763 addi
966 2725 1130 2776 placuit,
1148 2739 1246 2775 quse,
1277 2725 1462 2763 incertum
1481 2739 1558 2776 quo

94 2791 216 2839 primo
235 2800 390 2829 auctore
404 2822 413 2838 ,
436 2792 621 2842 Europ-ea
642 2800 680 2829 ct
701 2792 870 2842 Agrippa
891 2792 1056 2828 suerunt.

146 2856 220 2892 Nec
242 2855 288 2893 (le
314 2856 498 2906 Europaea
514 2855 722 2906 quidquam
743 2855 927 2893 habemus
949 2855 1051 2905 quod
1070 2855 1239 2893 dicamus
1254 2885 1263 2901 ,
1283 2855 1350 2892 nisi
1368 2855 1555 2909 inventam

94 2918 192 2955 illam
215 2919 327 2956 fuisse
348 2934 432 2969 quae
450 2921 610 2959 Pri-sica·
628 2930 662 2957 et
684 2920 832 2970 Libyca*
849 2929 883 2956 ct
911 2920 1108 2968 lirytlnwzc
1132 2920 1310 2957 Lactantii
1337 2932 1551 2968 opponere-
