1686 3500
664 135 969 180 EXCURSUS
1007 134 1079 180 v1.
1394 170 1401 180 .
1502 134 1594 182 553

178 232 418 284 Ubicumque
441 231 558 282 igitur
575 231 618 269 in
634 230 832 282 Sibyllinis
851 231 1034 270 sacrificia
1054 239 1211 272 cruenta
1246 229 1505 269 commendari
1536 229 1595 268 vi-

127 297 243 345 deris,
262 295 390 334 statim
405 295 462 334 vel
479 295 502 335 J
507 294 604 333 udaei
621 308 774 333 manum
792 307 997 346 agnoscam
1009 295 1067 334 vel
1081 303 1185 333 certe
1202 293 1406 334 Christiani
1420 307 1442 333 a
1455 292 1596 333 Judaeis

125 360 280 399 oriundi
297 368 335 398 et
352 359 525 398 doctrina
541 358 790 410 judaizantis,
806 359 985 399 Prooemii
1004 367 1127 397 tamen
1144 371 1236 397 cave
1253 358 1455 410 decipiaris
1473 357 1597 396 ambi-

124 437 200 474 guo
221 423 321 470 loco,
349 423 418 473 qni
444 435 542 461 unus
566 423 752 474 plurimos
778 422 1095 474 doctissimosque
1120 423 1345 474 interpretes
1366 422 1402 459 in
1424 434 1596 460 errorem

127 488 255 527 traxit.
280 487 339 527 lbi
359 488 459 526 enim
484 488 733 538 increpantur
752 488 932 538 gentiles,
955 500 992 526 v.
1012 501 1075 535 20,
1095 499 1196 538 sqq.:

357 552 466 592 Ὀττι
485 551 574 592 Θεὸν
594 551 822 605 προλιπόντες
843 550 1004 599 ἀληθινὸν
1027 550 1149 589 ἀέναόν
1172 565 1210 590 τε

356 615 516 660 Δοξάζειν
528 644 539 663 ,
559 617 654 668 αὐτῷ
673 631 709 654 τε
730 615 820 654 Θύειν
835 617 928 668 ἱερὰς
945 612 1166 666 ἑκατόμδας,

357 680 511 731 Δαίμοσι
528 679 589 723 τὰς
608 680 726 723 θυσίας
745 679 944 726 ἐποιήσατε.

121 745 372 796 Increpantur
391 758 499 793 vero,
512 743 615 795 quod
633 744 830 791 sacrificia,
846 744 876 782 si
892 758 968 795 qua
988 752 1096 783 erant
1116 743 1324 789 offerenda,
1343 756 1436 791 non,
1450 752 1488 781 ut
1502 744 1593 782 olim

118 808 255 859 Jndaei,
273 822 364 847 vero
378 809 472 856 Deo,
488 807 554 845 sed
574 807 772 846 daemoniis
790 807 1019 846 obtulerint.
1039 811 1137 856 Hoc,
1160 807 1272 846 nobis
1288 807 1595 859 quideinjudici-

118 873 208 921 bus,
229 886 307 910 non
332 881 387 910 est
411 872 648 910 victimarum
669 872 811 910 caedem
841 873 1058 922 imperare;
1087 886 1212 924 neque
1233 872 1270 910 id
1290 872 1401 910 nobis
1430 871 1593 917 obstitit.

117 936 320 987 quominus
350 936 533 976 Prooemii
566 937 792 987 scriptorem
822 936 923 973 inter
953 936 1190 974 Christianos
1219 935 1454 975 orthodoxos
1476 949 1595 987 repn-

119 1009 303 1048 turemus;
317 1001 450 1038 confer
473 1001 631 1039 Excurs.
647 1000 693 1051 V,
714 1013 798 1050 cap.
821 1000 856 1039 3.

113 1224 222 1263 CAP.
245 1223 417 1263 XXXIII.
440 1226 498 1261 De
517 1233 724 1262 sanctorum
747 1224 924 1262 libr-orum
942 1225 1128 1276 obiterque
1144 1228 1192 1264 de
1211 1226 1506 1277 apocryphorum
1524 1239 1592 1263 usu
1619 1218 1622 1223 ¹

753 1288 951 1337 Sibyllino.

165 1397 277 1437 Nunc
297 1396 480 1436 exhausta
507 1410 615 1448 paene
634 1397 822 1449 Sibyllina
846 1398 1057 1449 theologia,
1080 1396 1348 1436 revertendum
1366 1405 1422 1436 est
1443 1396 1491 1436 ad
1510 1397 1591 1449 ejus

114 1458 315 1511 originem,
341 1458 607 1512 librorumque
626 1474 825 1499 sacrorum
845 1461 944 1500 ratio
964 1470 1020 1500 est
1039 1460 1215 1500 habenda
1233 1461 1374 1513 quibus
1387 1461 1593 1513 Sibyllistae

111 1524 171 1561 usi
189 1532 288 1562 sunt.
311 1524 385 1571 Qui
408 1525 564 1576 quidem
585 1525 673 1564 libri
702 1539 772 1576 pro
794 1526 981 1577 cujusque
1011 1527 1210 1578 scriptoris
1241 1535 1413 1578 tempore
1432 1534 1470 1565 et
1488 1534 1590 1564 secta
1653 1545 1656 1548 ⁴

110 1601 270 1627 numero
289 1589 429 1628 diversi
452 1590 618 1640 suerunt,
642 1591 689 1629 iis
707 1592 902 1643 praecipue
920 1592 1068 1630 saeculis
1083 1591 1226 1643 quibus
1256 1590 1428 1630 nondum
1451 1600 1590 1629 sanctae

108 1653 318 1704 Scripturae
338 1668 461 1692 canon
480 1654 655 1707 decretus
676 1665 712 1694 et
734 1657 965 1695 constitutus
984 1665 1080 1695 erat.

160 1718 277 1757 liber
298 1720 350 1758 III
367 1720 590 1770 Sibyllinus,
605 1720 644 1758 in
662 1721 706 1758 iis
723 1721 878 1771 quidem
893 1721 1066 1772 partibus
1085 1735 1170 1773 quae
1182 1735 1205 1760 a
1218 1721 1355 1760 Judaeo
1368 1720 1439 1759 sub
1452 1721 1589 1760 Philo·
1637 1770 1639 1773 Α

109 1792 255 1822 metore
275 1784 500 1836 conscriptae
522 1793 624 1834 sunt,
649 1785 771 1823 utitur
795 1799 873 1823 non
894 1786 1155 1824 Pentateucho
1183 1786 1280 1832 solo,
1312 1785 1378 1823 sed
1399 1784 1514 1823 etiam
1544 1784 1589 1822 li-

108 1847 187 1886 bris
215 1850 360 1901 Regum
387 1850 536 1899 (confer
557 1862 592 1888 v.
621 1851 710 1896 265,
738 1851 857 1901 sqq.),
879 1859 915 1888 et
937 1851 1068 1889 Esdrae
1099 1849 1201 1888 libro
1225 1850 1401 1901 l(confer
1434 1863 1472 1890 v.
1500 1850 1589 1896 286,

107 1919 217 1966 sqq),
232 1924 270 1953 et
286 1915 515 1967 prophetiiS,
533 1915 745 1966 praesertim
768 1917 874 1955 Isaiae
891 1917 1054 1969 (confer,
1072 1931 1106 1956 v.
1131 1918 1223 1963 616,
1245 1930 1350 1968 sqq.,
1374 1916 1464 1964 652,
1483 1928 1588 1967 sqq.,

109 1980 200 2031 787,
219 1981 340 2032 εφη,
369 1971 578 2019 Ezechielis
597 1980 748 2033 (confer
776 1995 810 2019 v.
840 1982 930 2032 512,
949 1984 1040 2032 649,
1061 1996 1166 2034 sqq.,
1186 1983 1274 2029 7¹28,
1294 1981 1411 2033 sqq.)‚
1436 1982 1588 2020 Zacha-

109 2045 174 2082 riae
194 2047 342 2092 (confer
378 2059 414 2085 v.
433 2046 522 2095 784,
544 2047 656 2097 sqq.).
683 2048 824 2084 Omnes
844 2046 962 2097 igitur
984 2047 1069 2085 illos
1091 2047 1210 2085 libros
1229 2060 1351 2098 graece
1372 2059 1500 2084 versos
1520 2046 1589 2084 ha-

110 2110 193 2148 buit
220 2110 380 2149 Judaeus
405 2119 537 2148 noster
561 2110 777 2159 hellenista,
802 2111 905 2162 quod
930 2126 1007 2150 non
1027 2122 1298 2150 annotaremus
1331 2111 1401 2149 nisi
1428 2110 1585 2162 quidam

107 2174 374 2212 contenderint
397 2175 674 2226 prophetarum
699 2176 1057 2227 interpretationem
1079 2189 1255 2227 graecam,
1283 2188 1368 2227 quae
1392 2175 1464 2213 sub
1483 2175 1585 2215 LXX

108 2240 276 2278 virorum
301 2240 455 2278 nomine
475 2239 610 2290 fertur,
631 2254 707 2278 non
731 2241 847 2279 niodo
867 2241 1127 2293 Philadelphi,
1150 2241 1216 2280 sed
1235 2241 1346 2279 etiam
1370 2240 1585 2291 Epiphania

109 2303 350 2355 temporibus
370 2317 451 2341 esse
474 2303 740 2355 posteriorem.

161 2368 265 2406 Sicut
277 2367 522 2418 verojuda'ici
538 2367 625 2406 libri
639 2368 840 2408 lectionem
856 2369 1183 2419 imitationemque
1191 2368 1338 2407 Veteris
1348 2368 1583 2407 Testamenti

107 2432 250 2483 ubique
274 2431 459 2484 produnt,
480 2432 530 2470 ita
547 2432 743 2471 christiani
764 2434 882 2471 multa
900 2447 946 2471 ex
962 2443 1126 2485 utroque
1138 2434 1383 2472 Testamento
1400 2432 1582 2484 decerpta

107 2497 279 2535 versibus
296 2496 374 2534 suis
397 2497 610 2550 includunt.
631 2497 745 2544 Quod
774 2498 822 2535 de
840 2497 946 2536 libris
966 2498 1161 2550 plerisque
1191 2498 1264 2535 sub
1285 2498 1482 2537 Antonino
1511 2498 1582 2536 Pio

106 2561 166 2598 vel
188 2569 275 2611 post
295 2561 402 2598 illum
421 2561 575 2612 scriptis
603 2575 649 2599 ne
674 2561 780 2600 dictu
799 2561 955 2613 quidem
987 2562 1144 2613 dignum
1171 2570 1283 2600 esset.
1313 2565 1361 2600 At
1393 2560 1490 2599 liber
1517 2561 1579 2608 IV,

106 2625 401 2662 christianorum
425 2624 702 2675 Sibyllinorum
724 2627 1026 2677 antiquissimus,
1049 2628 1214 2678 scriptus
1235 2639 1371 2677 nempe
1391 2625 1462 2663 sub
1491 2626 1580 2663 Tito

107 2690 164 2727 vel
185 2689 418 2736 Domitiano,
435 2690 529 2739 quid
550 2704 570 2727 e
591 2691 733 2728 nostris
753 2692 891 2729 sanctis
915 2692 1024 2729 libris
1049 2700 1115 2730 aut
1131 2705 1152 2730 a
1177 2690 1319 2742 quibus
1340 2690 1577 2742 potissimum
1596 2679 1601 2684 .

108 2754 295 2802 hauserit,
321 2754 511 2805 inquirere
531 2755 655 2793 forsan
676 2769 802 2807 opera:
826 2757 990 2806 pretium
1026 2756 1086 2796 sit.
1113 2756 1275 2794 Videtur
1295 2755 1358 2794 ille
1387 2754 1495 2793 nobis
1514 2754 1578 2792 vix

107 2817 152 2855 ad
173 2819 244 2856 alia
267 2819 361 2858 Novi
379 2820 613 2858 'I'estunicnti
634 2820 824 2859 volumina
857 2821 1044 2871 respicere
1063 2834 1177 2871 quam
1199 2821 1244 2858 ad
1266 2819 1434 2858 Matthaei
1458 2831 1576 2857 evan-
