1737 3495
166 230 256 276 302
560 199 565 206 ’
743 225 1046 271 APPENDIX

817 333 980 358 nasica.

215 384 372 424 -Sibitta
390 384 521 423 Persia
535 384 622 437 [sic]
642 384 777 423 vestita
797 392 897 422 veste
914 395 1027 420 aurea
1042 394 1128 420 curn
1143 381 1228 419 velo
1247 379 1336 419 albo
1355 381 1393 418 in
1413 383 1551 433 capite,
1571 384 1628 423 di—

163 467 179 485 ·
196 463 285 488 cens
305 463 315 487 ε
336 449 434 488 Ecce
454 448 575 488 bestia
595 446 904 493 conculcaberis,
918 454 990 486 etc.
1004 463 1020 479 ›-

108 503 116 511 ⁴
816 524 972 552 unates.

213 594 230 612 ι
247 576 380 616 Sibilln
404 575 535 619 Libica
551 576 634 628 [sic]
652 584 784 614 ornata
803 583 907 614 serto
922 574 1033 613 viridi
1049 582 1087 613 et
1106 573 1267 612 floribus
1283 574 1322 612 in
1342 573 1481 624 capite,
1499 576 1627 616 vestita

158 657 174 675 ι
191 642 306 692 pallio
319 641 483 679 honesto
501 649 539 679 et
555 654 630 678 non
649 640 809 677 multum
823 638 996 690 juvenis,
1012 639 1064 676 sic
1078 639 1154 677 ait:
1170 639 1266 677 Ecce
1278 637 1405 676 veniet
1422 638 1516 686 dies,
1530 647 1600 679 etc.
1613 659 1627 675 ·

213 705 328 743 vides
348 706 385 743 in
407 704 625 756 hujusmodi
643 703 790 741 schedis
805 703 977 741 delinitas
1005 703 1270 754 inscriptiones
1289 702 1425 752 etiam,
1444 715 1537 753 quas
1556 704 1628 742 sin-

160 769 260 820 gulis
282 769 410 820 liguris
429 767 516 806 addi
536 767 714 818 placeret.
731 768 856 817 Atque
875 780 928 805 eae
947 766 1184 818 potissimum
1205 765 1444 816 eligebantur
1471 779 1517 804 ex
1540 767 1628 817 ipsis

162 833 348 872 Lactantii
375 830 618 882 fragmentis,
651 837 790 868 temere
809 844 852 868 ac
872 844 942 881 pro
964 831 1149 881 cujusque
1171 830 1332 868 arbitrio
1353 831 1452 866 inter
1470 829 1628 880 Sibyllas

161 897 291 943 divisi,
315 904 448 934 contra
469 894 656 932 Lactantii
686 902 872 941 mentem,
895 894 960 945 qui
982 895 1038 932 vel
1061 894 1217 945 integris
1238 894 1344 931 libris
1371 907 1478 931 suam
1497 895 1628 945 cuique

161 961 341 1012 Sibyllam
360 958 543 1010 assignari
565 971 676 1009 posse
694 966 925 1010 negaverat,
944 958 1034 998 Div.
1061 959 1151 997 lnst.
1175 957 1243 997 lib.
1270 959 1304 1004 1,
1326 971 1410 1008 cap.
1432 960 1469 1005 6,
1493 971 1567 1008 qua
1586 960 1629 998 de

162 1039 203 1063 rc
224 1025 332 1076 plura
346 1036 415 1059 nos
432 1023 469 1059 in
493 1022 581 1061 Exc.
599 1022 642 1060 V.
663 1022 856 1060 Audacter
871 1022 945 1060 hoc
965 1023 1213 1060 nihilominus
1235 1030 1416 1059 tentatum
1434 1031 1491 1059 est
1509 1036 1529 1060 a
1551 1035 1628 1061 me-

161 1089 215 1127 dii
234 1088 304 1126 aevi
333 1087 406 1138 piis
434 1086 548 1133 viris,
578 1094 620 1123 ut
643 1085 819 1123 videlicet
849 1086 898 1123 ab
925 1095 1081 1123 auctore
1110 1098 1188 1136 prae
1219 1085 1356 1123 ceteris
1383 1085 1542 1135 antiquo
1563 1086 1629 1125 Se-

162 1153 333 1192 nensium
348 1150 654 1202 inscriptionum,
670 1164 756 1202 quae
774 1151 828 1189 sic
845 1159 1052 1201 utcumque
1072 1150 1284 1188 distributae
1301 1152 1503 1201 leguntur:

282 1222 285 1224 ’
819 1227 990 1252 pensum.

214 1299 229 1316 «
248 1279 417 1321 Panibus
433 1279 543 1317 simul
563 1278 733 1330 quinque
749 1287 786 1316 et
806 1279 957 1318 duobus
975 1277 1144 1330 piscibus
1161 1278 1360 1317 hominum
1383 1278 1500 1317 millia
1518 1279 1630 1318 multa

160 1366 177 1381 ι
193 1347 232 1385 in
251 1357 379 1383 eremo
397 1342 566 1381 satiabit.
583 1360 599 1377 ι
619 1345 725 1381 Lact.
742 1342 808 1389 lv,
838 1342 896 1380 15.

821 1420 974 1445 marm.

214 1473 286 1512 «In
311 1485 443 1510 manus
462 1471 705 1509 inimicorum
736 1471 884 1519 veniet3
917 1470 1067 1509 dabunt
1095 1472 1178 1510 Deo
1210 1471 1340 1521 alapas
1369 1470 1544 1509 manibus
1571 1475 1629 1509 in-

162 1555 178 1572 ·
191 1537 322 1581 cestis;
343 1535 570 1573 miserabilis
586 1543 622 1572 et
642 1535 919 1586 ignominiosus
940 1535 1156 1584 videbitur,
1177 1543 1214 1574 et
1232 1534 1515 1573 miserabilibus
1531 1549 1630 1587 spem

162 1619 178 1635 α
192 1599 394 1653 praebebit.
415 1616 430 1632 υ
449 1598 632 1642 1,act.1v,
661 1600 719 1637 18.

215 1664 262 1702 Et
277 1662 331 1701 sic
347 1663 383 1700 in
400 1662 556 1712 reliquis
577 1661 743 1712 Sibyllis.
768 1661 840 1700 Alii
862 1675 953 1700 vero
972 1662 1229 1701 Lactantianis
1249 1662 1474 1713 fragmentis
1493 1672 1630 1701 senten·

164 1728 236 1768 tias
263 1726 496 1765 recentiores
527 1727 801 1778 praetulerunt,
821 1726 901 1764 sive
923 1741 969 1765 ex
991 1728 1156 1765 oraculis
1178 1727 1539 1778 pseudo-Sibyllinis
1556 1741 1630 1766 me·

163 1793 227 1831 dio
248 1805 329 1830 aevo
354 1790 550 1837 confictis,
582 1804 747 1842 quorum
778 1804 893 1841 supra
931 1791 1194 1837 meminimus,
1219 1791 1299 1828 sive
1328 1791 1565 1830 diversorum
1588 1805 1630 1830 ex

163 1865 364 1896 auctorum
394 1855 526 1905 libris,
558 1857 636 1893 sive
663 1868 733 1893 suo
763 1855 837 1906 ipsi
870 1868 919 1893 ex
944 1856 1097 1907 ingenio
1117 1857 1357 1908 desumptas,
1387 1857 1518 1907 quales
1542 1858 1630 1895 Am-

163 1922 288 1961 bianae
317 1934 433 1973 supra
460 1921 572 1960 dictae
603 1920 757 1972 Sibyllae
783 1933 861 1972 prae
893 1934 931 1960 se
955 1921 1101 1968 serunt,
1121 1934 1309 1960 consonas
1330 1922 1408 1960 fere
1431 1935 1517 1960 curn
1537 1921 1630 1961 libro

166 1986 334 2038 Philippi
350 1985 397 2024 ‹lc
415 1984 603 2023 Barberiis
616 1987 693 2034 jam
712 1985 850 2024 citato:

822 2063 990 2088 parisien·

217 2134 232 2145 ··
253 2116 349 2154 Ecce
378 2113 497 2152 bestia
523 2113 833 2163 conculcaberis,
867 2122 905 2152 et
928 2115 1110 2165 gignetur
1133 2114 1318 2153 Dominus
1341 2114 1380 2153 in
1402 2114 1534 2153 orbem
1556 2112 1630 2166 [sic]

166 2198 181 2214 ·
197 2189 404 2226 terrarum,
428 2187 465 2216 et
485 2179 670 2229 gremium
692 2178 850 2229 virginis
866 2187 921 2216 est
941 2179 1040 2217 salus
1060 2179 1243 2229 gentium.
1263 2197 1278 2213 υ
1625 2188 1627 2191 ’

824 2255 978 2281 ιιιηόΛ.

218 2326 233 2343 ι
254 2309 351 2347 Ecce
367 2306 494 2344 veniet
517 2306 597 2345 dies
614 2305 719 2358 [sic].
739 2316 777 2345 et
795 2306 940 2345 tenebit
959 2307 1064 2344 illum
1083 2306 1122 2344 in
1143 2306 1288 2357 gremio
1305 2306 1412 2358 virgo
1433 2315 1469 2346 et
1486 2305 1632 2344 <lomina

166 2391 184 2409 α
200 2373 389 2424 gentium,
408 2380 445 2408 et
464 2370 639 2422 regnabit
656 2370 693 2408 in
715 2370 994 2417 misericordia,
1014 2379 1052 2408 et
1071 2380 1203 2409 uterus
1224 2371 1356 2409 matris
1375 2370 1456 2421 ejus
1471 2371 1541 2408 erit
1561 2377 1632 2407 sta-

166 2456 184 2472 κ
202 2446 283 2476 tera
310 2443 553 2475 cunctorum.
570 2454 583 2468 ·

236 2502 284 2540 Et
318 2500 470 2551 reliquae
496 2499 641 2538 ibidem
670 2499 826 2551 Sibyllae
856 2501 944 2539 talia
975 2500 1104 2538 ferunt
1135 2500 1281 2552 elogia,
1313 2500 1473 2552 insuper
1497 2497 1632 2551 gallicis

169 2579 277 2604 versa
296 2565 477 2615 numeris,
493 2577 591 2616 quos
608 2565 670 2603 hic
691 2564 947 2603 transcribere
966 2578 1041 2602 non
1063 2574 1182 2603 vacat.
1200 2566 1293 2604 Nam
1316 2575 1438 2616 poctae
1453 2565 1490 2602 in
1513 2562 1633 2613 liujus-

169 2630 275 2669 modi
311 2629 626 2679 inscriptionibus
661 2629 940 2681 componendis
963 2642 1118 2680 operam
1154 2630 1224 2680 ipsi
1255 2643 1410 2680 qnoque
1441 2643 1544 2667 suam
1570 2640 1632 2678 po·

169 2701 351 2740 suerunt,
377 2692 429 2730 uti
454 2692 580 2730 viderc
607 2702 665 2730 est
694 2707 771 2729 non
803 2694 842 2730 in
875 2693 949 2730 hoe
981 2693 1104 2730 solum
1125 2695 1285 2732 nostrati
1306 2694 1496 2744 exemplo,
1517 2691 1580 2730 sed
1598 2691 1633 2727 in

168 2758 298 2799 latinis
317 2756 429 2795 etiam
461 2756 776 2807 inscriptionibus
796 2757 963 2794 metricis
984 2756 1032 2794 ab
1061 2759 1252 2809 Opsopoeo
1270 2759 1430 2809 prolatis
1453 2772 1473 2795 e
1493 2755 1632 2798 codice,

170 2832 215 2862 ut
233 2823 314 2873 ipse
336 2821 411 2868 ait,
434 2820 704 2865 vetustissimo,
726 2820 825 2859 unde
853 2829 890 2858 ct
918 2821 955 2859 in
977 2822 1071 2860 ulios
1089 2822 1206 2860 libros
1226 2823 1443 2873 complures
1463 2830 1498 2860 et
1514 2821 1548 2857 iu
1576 2818 1634 2856 131-

169 2892 382 2931 bliothecas
400 2897 618 2928 sanctorum
635 2890 808 2938 Patrum,
831 2890 884 2928 sic
904 2889 1018 2941 vulgo
1036 2890 1173 2939 dietas,
1196 2891 1431 2929 transierunt
1449 2904 1455 2927 :
