1752 3495
661 194 978 239 Excusssus
1016 196 1048 240 1.
1104 254 1107 257 μ
1522 195 1581 241 73

118 320 133 336 οι
151 298 251 352 quod
273 310 341 349 per
360 304 479 333 terras
503 291 670 329 infusum
688 290 764 328 illic
784 290 943 341 emergit
949 318 1011 330 .....
1032 294 1060 329 Α
1080 292 1257 342 proximo
1278 293 1371 331 mari
1391 292 1584 344 sexaginta

118 384 132 399 «ι
156 375 284 415 passus
310 361 449 404 distat,
483 355 690 406 zephyrum
711 368 866 401 versus;
900 353 948 392 ab
980 363 1151 392 extremo
1182 360 1446 406 promontorio
1470 370 1582 395 ceux.

122 447 136 462 α
159 429 197 466 1„
221 431 374 463 summo·
399 433 515 471 supra
551 427 707 469 puteum
745 419 910 455 foramen
943 418 1148 456 rotundum
1180 421 1398 459 treslatum
1426 422 1584 472 palmos,

121 510 135 524 α
151 503 228 541 quo
246 503 291 526 ex
311 501 377 525 ore
411 483 589 521 vaticinia
627 483 785 520 fortasse
815 481 1087 520 fundebantur.
1111 472 1333 532 Quanquam
1357 484 1394 521 in
1417 494 1584 522 extrema

123 574 138 589 n
159 554 349 605 spelunca,
368 547 674 601 promontorium
704 560 848 594 νει-ως,
881 546 983 583 aliud
1003 547 1142 583 ostium
1170 547 1354 596 cernitur,
1379 547 1584 598 latitudinis

124 638 138 653 «ι
160 618 322 655 duorum
342 613 576 665 palmorum3
597 610 670 648 hoc
690 611 727 648 iu
749 610 921 648 abditum
943 610 1122 648 conclave
1140 624 1207 661 per
1227 610 1366 660 gradus
1388 624 1473 648 xxu
1493 625 1584 649 saxo

125 701 139 716 a
165 682 307 720 excisos
323 675 626 715 descendebatur
644 689 652 712 :
676 683 883 724 nostroque
900 688 980 711 aevo
1001 675 1073 711 ulia
1094 674 1141 712 ad
1166 666 1373 725 zephyrum
1395 676 1455 712 via
1475 685 1584 726 pate.-

123 764 138 779 «
160 746 256 782 sacta
283 750 362 786 est,
391 739 441 777 ob
469 740 699 790 populorum
720 739 939 777 conssuxum
967 738 1060 776 sesto
1081 738 1142 776 die
1160 739 1321 777 Joannis
1342 740 1583 790 Baptistae....

122 828 138 843 a
162 809 313 846 Manent
350 804 475 842 adhuc
505 803 794 855 magnificentiae
825 803 1008 853 vestigia:
1038 817 1122 840 nam
1146 804 1426 853 pavimentum,
1460 817 1585 854 quau-

82 875 86 878 ”
121 892 137 907 «ι
162 885 272 922 quam
301 869 416 907 hodie
445 869 607 906 maxima
645 882 690 905 ex
720 877 828 918 parte
853 877 1100 918 corruptum,
1125 882 1170 905 ex
1202 882 1318 918 opere
1342 868 1589 905 vermiculato

122 958 136 970 .-
156 943 235 973 erat
254 950 262 972 :
283 934 383 971 circa
411 941 567 982 puteum
587 932 713 983 plures
730 932 891 982 piscium
911 932 1042 968 formae
1062 938 1275 969 cernuntur
1296 945 1317 970 c
1337 932 1474 983 lapillis
1491 932 1587 969 varii

123 1020 137 1034 ιι
157 998 344 1037 coloris...
364 996 422 1034 Ad
447 997 683 1034 occidentem
705 1009 810 1044 vero,
826 1010 846 1032 e
882 997 1137 1046 promontorii
1161 997 1291 1042 latere,
1312 998 1490 1034 sacellum
1522 997 1589 1033 in—

121 1082 135 1098 «
161 1072 303 1101 trorsus
317 1061 486 1098 excisum
508 1061 546 1097 iu
570 1074 677 1111 saxo,
707 1060 784 1097 sere
804 1060 1049 1110 quadratum,
1067 1060 1175 1110 cujus
1191 1060 1326 1097 coelum
1363 1068 1400 1097 ct
1429 1060 1589 1110 parietes

122 1147 137 1162 «ι
162 1126 252 1178 picti
291 1125 479 1174 variisque
518 1124 666 1162 tabellis
697 1114 830 1170 divisi,
867 1125 904 1160 in
933 1123 1070 1174 quibus
1111 1132 1278 1161 monstra
1310 1125 1455 1162 marina
1492 1138 1589 1175 aegre

121 1208 136 1223 κ
155 1201 373 1240 cognoscas,
396 1188 607 1225 obscuratis
637 1188 863 1238 antiquitate
885 1187 1112 1239 imaginibus
1131 1201 1140 1228 ε
1165 1203 1242 1240 quo
1265 1189 1303 1226 in
1332 1189 1418 1226 loco
1437 1188 1597 1239 Sibyllae.

120 1272 134 1288 «
156 1253 368 1305 sepulcrum
395 1253 579 1291 exstitisse
601 1261 758 1304 putatur
761 1282 831 1292 .....
848 1253 905 1292 Ad
932 1254 1230 1305 septentrionem
1257 1253 1419 1292 tribunal
1462 1254 1590 1292 cerni-

120 1338 134 1353 «
160 1329 220 1356 tur
252 1319 364 1355 unico
398 1319 518 1370 gradu
554 1332 778 1369 suspensum
814 1332 834 1355 e
873 1319 978 1364 solo,
1021 1320 1233 1357 altitudinis
1263 1334 1320 1357 xit
1350 1320 1589 1370 palmorum,

118 1403 132 1415 υ
154 1398 176 1422 x
199 1397 290 1421 vero
315 1383 539 1432 latitudinis,
563 1382 630 1420 ubi
661 1383 776 1420 hodie
796 1383 914 1421 altare
934 1392 990 1421 est
1013 1383 1104 1421 divo
1124 1385 1265 1422 Joanni
1297 1386 1404 1435 Bapt.
1424 1397 1587 1422 sacrum.

116 1466 130 1480 «ι
150 1446 323 1498 Suspicio
351 1446 456 1483 subit
487 1460 590 1483 aram
623 1447 809 1497 Apollinis
846 1447 883 1484 in
925 1462 969 1485 eo
1002 1449 1091 1485 olim
1129 1449 1244 1486 fuisse
1249 1478 1321 1488 .....
1351 1450 1592 1500 Tempestate

116 1531 130 1544 «ι
149 1520 276 1548 nostra
305 1511 484 1562 spelunca
515 1510 690 1562 aedesque
709 1526 823 1561 supra
844 1513 1066 1563 speluncam
1084 1513 1175 1550 divo
1191 1514 1332 1551 Joanni
1354 1527 1472 1550 sacra.
1497 1531 1512 1546 ιο

168 1576 388 1613 Caietanum
414 1584 489 1612 tam
511 1576 653 1614 minute
675 1575 723 1612 de
746 1576 858 1627 hujus
878 1578 949 1614 loci
969 1578 1064 1624 situ,
1083 1579 1233 1628 qualem
1252 1592 1321 1615 suo
1341 1586 1511 1628 tempore
1527 1577 1592 1614 ‹lc-

119 1640 384 1690 preliemlerat,
406 1639 630 1687 tradentem,
651 1639 697 1676 de
714 1641 926 1690 superstitis
952 1640 1004 1678 ibi
1028 1642 1173 1678 oraculi
1200 1643 1298 1679 sama
1317 1641 1413 1680 nihil
1435 1640 1591 1685 addere,

117 1704 303 1741 hominem
318 1704 462 1754 quippe
479 1704 713 1754 religiosum,
732 1718 842 1742 nemo
863 1705 1021 1743 sortasse
1040 1705 1252 1744 mirabitur.
1269 1706 1340 1743 Sed
1363 1704 1594 1744 conserenda

122 1769 312 1805 viatorum
346 1768 600 1806 recentiorum
632 1769 870 1816 testimonia,
910 1782 996 1819 quae
1036 1770 1264 1808 Klausenius
1301 1770 1346 1807 ad
1380 1770 1478 1808 hanc
1513 1784 1590 1808 rem

123 1834 306 1884 protulit,
336 1834 485 1872 Orvillii
507 1834 738 1884 praesertim,
772 1835 948 1880 Sicul.1‚
973 1848 1013 1885 p.
1049 1837 1094 1882 57
1115 1851 1123 1873 :
1154 1853 1168 1867 τι
1189 1835 1422 1878 cavernam,
1455 1835 1592 1885 inquit,

123 1917 136 1931 n
160 1900 269 1947 juxta
298 1912 424 1944 mare,
452 1911 582 1935 versus
607 1898 859 1944 occidentem,
893 1898 1180 1936 subterraneam
1214 1899 1422 1945 adivimus,
1459 1898 1589 1936 decem

122 1981 135 1995 u
165 1963 319 2000 circiter
356 1962 520 2013 pedibus
549 1963 804 2013 undequaque
844 1971 1035 2013 patentem
1054 1995 1063 2011 ‚
1092 1964 1295 2014 figuraeque
1327 1963 1515 2001 rotundae.
1550 1964 1590 2014 lu

123 2047 138 2061 σι
167 2029 290 2067 medio
310 2028 390 2079 ejus
416 2038 471 2065 est
492 2037 629 2078 puteus
648 2041 746 2077 aqua
766 2028 990 2073 abundans3
1013 2029 1050 2066 iu
1077 2029 1193 2065 latere
1214 2042 1346 2065 saxum
1367 2036 1591 2065 excavatum

123 2114 136 2128 ιι
165 2103 218 2131 est
255 2094 291 2131 in
318 2093 402 2131 lecti
433 2093 491 2131 vel
529 2093 696 2145 sepulcri
727 2093 898 2131 sormam.
920 2093 1074 2131 Memini
1104 2105 1162 2130 me
1193 2092 1229 2129 in
1259 2100 1390 2143 crypta
1424 2092 1488 2129 illa
1515 2091 1594 2129 Cu-

123 2168 136 2191 ὰ
167 2172 277 2196 mana
307 2158 466 2196 similem
490 2167 646 2209 puteum
678 2166 715 2196 et
735 2166 969 2196 'cavaturam
995 2158 1108 2209 juxta
1141 2171 1216 2194 non
1251 2157 1441 2194 diversam
1462 2155 1593 2194 obser·

124 2242 138 2256 ιι
168 2237 270 2262 vare.
290 2223 494 2275 Templum
517 2223 579 2260 hic
599 2223 637 2260 in
658 2223 799 2261 vicinia
829 2223 942 2260 fuisse
970 2224 1228 2273 projectarum
1248 2235 1324 2259 non
1355 2222 1489 2273 procul
1521 2220 1592 2258 de-

122 2306 136 2320 «
167 2295 378 2324 monstrant
409 2286 612 2326 Numidico
642 2285 700 2324 vel
735 2286 847 2324 simili
873 2300 1062 2324 marmore
1079 2288 1341 2324 col¹.unnarum
1364 2286 1591 2336 fragmenta.

123 2370 136 2384 n
168 2353 212 2390 Et
228 2352 342 2390 hodie
360 2352 442 2403 ipsa
463 2365 596 2402 specus
618 2351 760 2390 Joanni
784 2352 960 2403 Baptistae
977 2352 1120 2390 dicitur
1145 2360 1291 2389 sacrata
1305 2381 1314 2399 ,
1331 2359 1370 2390 et
1390 2365 1485 2401 aqua
1514 2350 1590 2388 vim

122 2435 137 2449 «ι
165 2417 394 2454 vaticinandi
417 2416 795 2460 libantibusimlere,
817 2426 856 2454 ut
877 2417 990 2464 olim,
1013 2415 1194 2455 creditur.
1218 2416 1325 2466 Festo
1342 2428 1496 2466 quoque
1510 2414 1592 2465 ejus

122 2500 136 2514 ιι
165 2481 224 2519 die
244 2481 399 2519 modum
428 2482 465 2518 in
498 2481 846 2518 extraordinarimn
875 2481 956 2518 haec
988 2495 1087 2531 aqua
1113 2480 1311 2518 abundare
1336 2477 1593 2531 perliibetur3

122 2564 136 2578 c«
165 2546 472 2596 mulierculaeque
498 2545 725 2597 Lilybitanae
755 2546 913 2597 aliaeque
934 2560 981 2583 ex
1009 2545 1146 2583 vicinia
1171 2546 1247 2583 liuc
1271 2557 1485 2583 commeare
1512 2551 1591 2581 tum

121 2629 135 2643 u
164 2610 300 2656 solent,
322 2619 362 2647 ut
380 2610 427 2647 de
446 2609 518 2647 fide
536 2611 761 2648 maritorum
779 2619 972 2661 suspecta,
989 2618 1136 2660 gustata
1155 2623 1270 2660 aqua,
1289 2611 1469 2647 certiores
1484 2604 1590 2654 flant,

119 2693 135 2707 «ι
164 2683 201 2712 et
229 2675 315 2712 mali
345 2674 511 2712 remedia
542 2674 790 2712 edoceantur.
811 2693 826 2708 υ
857 2677 945 2713 llaec
976 2675 1194 2714 Orvillius:
1232 2688 1301 2712 nec
1331 2674 1491 2711 multum
1526 2672 1588 2710 di-

120 2752 225 2777 versa
246 2741 360 2779 refert
377 2739 425 2777 ab
440 2740 572 2778 eodem
593 2741 800 2778 Klausenio
817 2740 952 2778 citatus
968 2741 1088 2779 lloucl
1106 2769 1115 2787 ,
1136 2744 1427 2791 Voyagepittor.
1446 2740 1510 2774 des
1525 2740 1593 2775 fles

120 2805 297 2851 deSe’cile,
313 2815 396 2852 etc„
413 2805 528 2856 quiet
544 2805 697 2842 modum
714 2805 820 2842 addit
833 2805 977 2842 oraculi
994 2805 1237 2842 consulendi:
1254 2804 1430 2842 mulieres
1444 2815 1592 2852 nempe,

121 2876 250 2916 potata
272 2883 372 2920 aqua
401 2883 485 2922 quae
516 2883 583 2921 per
611 2870 780 2908 canalem
809 2870 1045 2921 cssumlstur,
1077 2870 1123 2907 ad
1153 2869 1293 2907 ostium
1314 2867 1432 2919 ipsius
1451 2865 1592 2905 canalis
