1686 3500
180 226 272 271 4¹8
561 226 637 271 AD
671 225 1018 272 SIBYLLINOS
1052 226 1260 272 LIBROS

173 324 310 364 sanctis
330 324 501 376 decerpit
525 324 733 378 historiis),
768 325 832 365 sed
874 326 983 365 unice
1015 325 1184 364 intentus
1214 325 1392 365 videatur
1421 326 1638 369 detexendo

172 401 292 440 penso
307 396 423 440 atque
443 388 684 429 absumenda:
705 390 890 439 materiae‚
918 397 1086 441 quaestus
1114 402 1246 438 causa,
1273 398 1316 428 ut
1339 388 1451 429 nobis
1474 391 1638 443 videtur,

168 465 282 504 quem
300 466 322 491 e
337 453 522 492 librorum
543 463 753 494 mercatura
773 453 961 506 sperabat.
975 454 1059 500 Qua
1074 467 1119 492 ex
1130 464 1239 506 parte
1256 455 1404 494 accedit
1422 456 1576 507 quidem
1591 460 1635 497 ad

166 517 255 557 libri
269 517 394 571 quinti
411 526 602 558 auctorem
607 519 740 571 ,longe
758 528 881 557 tamen
899 518 996 556 inl‘ra
1014 517 1298 570 deprimendus,
1312 519 1391 558 sive
1400 519 1451 558 ob
1469 521 1637 563 deterius

165 582 316 621 dicendi
332 596 466 634 genus,
487 596 554 622 seu
571 584 662 635 quia
689 583 855 634 scriptor
873 580 962 619 libri
983 582 1107 633 quinti
1134 592 1446 636 praeoccupatus,
1478 594 1518 623 ut
1545 587 1633 638 plu-

165 647 320 695 rimum,
341 647 493 687 videtur
517 648 748 699 argumentis
767 645 898 684 saltem
917 659 938 684 a
958 659 999 684 re
1015 659 1122 685 sacra
1142 660 1216 684 non
1238 646 1391 696 alienis,
1411 649 1634 691 Antichristi

161 711 343 762 adventu,
361 725 492 750 rerum
509 713 597 759 fine,
611 722 699 759 etc.;
721 710 782 748 hic
807 723 900 748 vero
916 711 1088 761 profanis
1105 712 1233 762 potius
1263 712 1454 751 vaticiniis
1476 715 1634 768 gaudet,

160 789 229 814 nec
248 777 359 815 linem
382 790 509 815 rerum
539 784 717 826 tanquam
752 774 1011 825 propinquum
1040 783 1262 826 exspectat,
1282 789 1354 814 nec
1380 777 1493 815 linem
1516 779 1634 830 ipsius

162 842 288 880 Romae
312 850 379 880 aut
406 841 566 879 ethnieae
583 838 883 890 superstitionis,
916 838 990 877 nisi
1017 848 1104 890 post
1126 840 1236 892 longa
1266 841 1403 880 saecula
1432 851 1470 880 et
1498 845 1633 883 multas

159 918 289 957 regum
310 905 572 956 generationes
602 903 748 954 (confer
765 902 906 940 librum
929 902 1015 941 XIV
1035 916 1143 954 paene
1162 904 1384 957 integrum).
1414 907 1631 947 Notandum

159 977 282 1007 tamen
301 968 444 1019 aliquid
465 967 554 1005 huic
583 979 669 1004 cum
695 974 852 1005 auctore
887 966 975 1005 libri
995 968 1121 1018 quinti
1142 982 1366 1017 commune,
1380 971 1484 1021 quod
1507 980 1631 1011 astro-

158 1034 264 1086 logiae
291 1033 470 1072 nonnulla
490 1032 628 1084 passim
646 1032 805 1083 vestigia
826 1031 1017 1084 praebeat,
1044 1034 1170 1085 qualia
1199 1044 1287 1073 sunt
1314 1034 1366 1073 lib
1387 1037 1460 1084 XI,
1479 1049 1516 1075 v.
1539 1039 1627 1086 126,

154 1099 243 1151 ὀλοῷ
263 1095 498 1151 κεκερασμένη
519 1095 637 1150 ἄστρῳ
651 1125 662 1143 ,
680 1104 718 1134 et
737 1095 803 1135 lib.
823 1095 933 1144 XIII,
956 1110 992 1137 v.
1011 1089 1077 1144 72,
1099 1098 1267 1151 ὼρονόμοι
1287 1098 1442 1152 ἀστέρες.

205 1163 380 1201 Ceterum
410 1161 440 1198 si
470 1160 555 1210 quis
581 1173 748 1211 unquam
772 1160 969 1211 Sibyllista
997 1161 1116 1199 libros
1149 1175 1238 1201 suos
1275 1164 1446 1214 priorum
1479 1168 1627 1206 exuviis

153 1226 321 1274 ornavit,
339 1226 370 1263 is
387 1238 478 1264 sane
495 1233 564 1265 est.
581 1225 620 1264 Si
645 1226 758 1274 euim,
785 1238 871 1276 quae
894 1226 1032 1276 passim
1057 1239 1077 1264 e
1097 1228 1233 1265 ceteris
1254 1227 1361 1266 libris
1381 1231 1625 1282 compilavit,

152 1291 186 1329 ei
210 1290 362 1329 demere
382 1291 487 1338 velis,
516 1289 714 1328 dimidiam
741 1289 819 1328 sere
845 1290 959 1328 totius
983 1293 1111 1342 operis
1139 1300 1287 1342 partem
1317 1292 1531 1335 subtrahas.
1554 1297 1626 1335 Nec

153 1355 231 1394 fere
249 1364 304 1394 est
325 1355 399 1394 ulla
421 1368 506 1406 pars
534 1354 813 1406 Sibyllinorum
845 1355 1127 1406 antiquiorum,
1157 1357 1259 1395 unde
1291 1370 1367 1395 non
1389 1358 1535 1409 aliquid
1560 1359 1626 1398 de-

152 1421 355 1472 cerpserit,
378 1428 493 1471 atque
512 1433 532 1458 e
555 1419 834 1458 recentioribus
852 1419 965 1457 etiam
984 1428 1050 1458 aut
1067 1420 1186 1458 aetatis
1220 1430 1405 1473 suspectae
1426 1423 1548 1462 libris.
1574 1425 1624 1463 Ita

152 1498 173 1521 e
191 1483 290 1521 libro
311 1483 375 1530 ΙΙΙ,
403 1487 422 1530 S
444 1485 480 1534 3,
502 1483 716 1535 complures
747 1482 862 1521 habet
886 1484 1014 1531 locos,
1045 1485 1109 1530 xl,
1138 1485 1201 1532 48,
1229 1486 1292 1532 56,
1321 1488 1405 1534 106,
1432 1488 1524 1536 125,
1545 1501 1623 1540 sqq.

158 1549 244 1594 138,
279 1553 362 1595 140,
383 1549 469 1596 163,
487 1561 569 1599 sqq.
592 1549 679 1599 198,
696 1562 776 1600 sqq.
794 1562 882 1596 217,
907 1548 997 1596 245,
1017 1551 1105 1596 250,
1127 1563 1212 1600 sqq.
1238 1553 1337 1601 3073
1357 1551 1439 1602 XII,
1455 1553 1518 1602 38,
1542 1554 1622 1600 152,

151 1628 208 1664 sq.
251 1627 337 1661 172,
369 1617 462 1663 1943
486 1612 588 1659 XIII,
629 1614 692 1659 50,
728 1625 812 1660 120,
847 1613 1051 1663 sq.;x1v‚
1080 1614 1166 1658 245.
1204 1614 1232 1652 Ε
1273 1614 1374 1652 libro
1399 1617 1468 1654 VII
1494 1627 1622 1667 aperte

149 1677 264 1715 ducta
285 1685 374 1715 sunt
394 1676 488 1728 haec,
510 1678 577 1724 XI,
601 1677 687 1723 185,
709 1678 809 1724 223;
831 1677 916 1727 XII,
935 1689 1008 1724 227
1030 1678 1167 1724 ,xlm
1194 1692 1277 1728 ¹19·
1312 1680 1338 1718 E
1366 1679 1464 1718 libro
1486 1681 1515 1728 1,
1538 1681 1620 1719 licet

148 1750 227 1779 tum
260 1740 443 1792 temporis
476 1739 684 1778 admodum
717 1741 882 1788 recenti,
912 1741 1030 1779 multa
1061 1754 1238 1792 quoque,
1274 1744 1338 1789 XI,
1373 1745 1409 1792 8,
1439 1757 1521 1796 sqq.
1553 1758 1592 1783 11
1610 1774 1619 1792 ,

148 1806 356 1857 sqq.3Xll,
380 1811 464 1853 104,
493 1811 577 1853 142,
598 1805 698 1853 XIV,
723 1806 758 1853 5,
781 1805 845 1852 55,
867 1805 933 1855 86,
955 1818 1011 1859 sq.
1032 1819 1122 1856 229,
1153 1808 1241 1851 284.
1261 1807 1292 1845 Ε
1313 1807 1414 1846 libio
1445 1809 1494 1855 II,
1523 1811 1621 1861 pari-

149 1879 207 1909 ter
239 1871 372 1918 multa,
391 1871 455 1918 XI
485 1871 550 1921 36,
569 1883 670 1921 sqq:
644 1899 671 1921 .,
692 1870 775 1917 XII,
803 1872 904 1922 2953
932 1871 1041 1919 XIV,
1071 1877 1106 1919 4,
1135 1885 1181 1919 7,
1206 1872 1293 1920 108,
1314 1874 1410 1925 260,
1429 1874 1518 1921 356,
1535 1875 1617 1913 358.

147 1936 224 1976 Sed
237 1936 374 1987 dignus
389 1949 494 1987 paene
508 1935 619 1974 venia
631 1944 702 1986 est,
715 1948 833 1986 quum
849 1935 990 1987 scripta
1009 1936 1193 1987 compilat
1203 1937 1326 1975 aliena
1338 1967 1348 1985 ‚
1362 1938 1428 1988 qui
1446 1939 1523 1977 suis
1539 1940 1617 1991 ipse

149 2014 226 2040 non
248 2009 388 2052 parcat.
410 2000 563 2052 Quippe
584 1999 729 2038 infinita
747 2008 836 2038 sunt
854 2000 937 2038 loca
954 2000 992 2037 in
1012 2000 1154 2051 quibus
1172 2001 1294 2039 ultimi
1316 2002 1379 2039 isti
1398 2001 1502 2050 libri,
1525 2003 1616 2040 invi-

149 2079 230 2104 cem
249 2079 290 2103 se
309 2065 617 2114 transcribentes,
634 2078 817 2121 versuum
839 2073 877 2103 et
893 2064 1225 2122 hemistichiorum
1246 2075 1382 2105 mutuo
1399 2075 1547 2105 certant
1568 2069 1616 2106 ln-

147 2132 424 2182 trociniozquae
433 2131 463 2170 si
476 2131 562 2182 quis
576 2144 734 2170 noscere
753 2131 859 2183 velit,
876 2131 987 2170 adeat
1003 2141 1177 2170 nostrum
1193 2131 1241 2171 ad
1256 2133 1360 2184 ipsos
1380 2133 1499 2171 libros
1519 2147 1614 2171 corn·

147 2198 388 2236 mentm-ium.
417 2197 474 2235 lta
505 2209 636 2234 verum
667 2206 724 2235 est
758 2197 862 2248 quod
891 2197 971 2246 jam
1009 2196 1101 2235 alibi
1125 2198 1361 2249 notavimus,
1389 2198 1612 2249 Sibyllistas,

144 2261 355 2313 praesertim
381 2260 612 2299 recentiores
638 2261 718 2312 (qui
747 2270 785 2299 et
810 2261 1036 2313 plerumque
1064 2261 1271 2301 deteriores
1302 2263 1428 2315 sunt),
1460 2263 1611 2301 festina-

147 2327 248 2364 tione
267 2324 460 2364 scribendi
477 2332 515 2362 et
534 2338 654 2376 prava
687 2325 926 2363 versificandi
956 2325 1135 2364 facilitate
1167 2334 1309 2377 raptos,
1338 2340 1386 2364 ex
1427 2336 1613 2377 tempore,

145 2404 191 2428 ex
215 2404 254 2429 re
274 2399 373 2438 nata,
393 2403 436 2428 ac
453 2389 588 2441 saepius
605 2403 626 2428 e
643 2390 824 2429 memoria
855 2403 970 2441 quam
994 2390 1163 2442 ingenio,
1184 2390 1374 2442 quidquid
1390 2390 1463 2429 sibi
1483 2402 1611 2429 occur-

146 2463 244 2492 reret
262 2455 318 2493 vel
339 2467 448 2492 suum
465 2454 524 2493 vel
541 2454 722 2501 alienum,
739 2454 855 2493 modo
875 2454 1058 2492 ornandis
1079 2463 1116 2493 et
1133 2454 1316 2506 augendis
1335 2455 1524 2494 vaticiniis
1539 2453 1609 2492 suis

144 2519 384 2558 commodum
400 2548 411 2570 ‚
428 2519 466 2557 in
487 2518 638 2557 chartas
659 2519 790 2558 inanes
815 2518 1065 2571 congessisse.
