1686 3500
634 134 937 196 EXCURSUS
973 152 1053 198 v1.
1135 170 1137 173 -
1388 163 1397 173 ·
1483 136 1578 199 44'5

109 259 196 305 post
215 263 344 290 eversa
367 251 535 290 Romana
563 254 670 289 s'acra
703 251 742 290 in
771 251 883 290 terris
899 251 1176 290 dominantium
1192 266 1203 297 ·,
1222 265 1382 304 eamque
1407 265 1496 291 mox
1523 253 1580 292 af-

109 317 300 363 sore,imo
315 314 393 366 jam
407 315 598 366 inceptam
619 327 715 364 esse,
737 315 840 367 quod
858 316 1012 354 minime
1031 314 1134 354 dictu
1152 314 1338 355 absonum
1357 316 1445 366 fuit,
1463 318 1579 356 tertio

108 380 246 419 saeculo
268 393 375 431 paene
403 379 450 417 nd
471 379 638 418 medium
667 393 887 431 progresso.
910 380 1110 419 Consentit
1138 393 1230 431 ergo
1249 382 1386 420 Noster
1404 395 1490 420 cum
1512 395 1577 421 ce-

109 446 200 485 teris
221 444 429 497 Sibyllistis
448 443 497 482 de
519 457 680 483 numero
701 445 786 496 ipso
815 445 1129 497 generationum,
1154 443 1284 483 decem
1318 446 1464 498 quippe
1497 445 1580 484 illas

106 522 307 549 recensens
323 539 334 560 ‚
363 509 449 546 licet
469 508 622 547 diverso
644 510 733 546 satis
764 517 807 547 et-
826 509 986 561 proprio
1015 507 1089 548 sibi
1122 508 1249 548 modo,
1270 509 1422 561 Quippe
1442 509 1578 548 memi-

107 574 208 613 neris
228 575 353 626 primo
386 573 506 620 libro,
535 572 582 612 ab
611 573 781 624 ejusdem
801 574 972 612 auctoris
994 587 1108 612 manu
1130 573 1325 625 profect0‚
1350 581 1478 613 aetates
1493 584 1580 613 ante

106 639 292 677 diluvium
320 638 494 690 quinque
519 636 739 689 designatas
775 638 890 676 fuisse
911 652 919 676 :
943 651 1044 677 nunc
1074 638 1156 679 aliae
1192 637 1354 677 totidem
1375 646 1461 691 post
1485 638 1583 677 dilu-

109 704 210 742 vium
231 711 445 755 sequuntur
467 702 542 740 hoc
561 703 696 741 ordine
718 718 727 741 t

159 769 273 808 Sexta
296 767 330 821 (a
348 767 494 806 diluvio
513 767 674 820 prima),
694 781 851 820 prorsus
870 781 1008 819 aurea,·
1021 767 1371 815 caelicolarum,lib.
1400 768 1428 814 l,
1442 780 1476 806 v.
1494 767 1582 815 283,

107 846 203 883 sqq.;

159 897 327 947 Septima
351 897 387 947 (a
417 896 563 934 diluvio
584 897 787 949 secunda),
807 898 1012 946 Titanum,
1033 897 1099 949 qui
1119 896 1255 935 turrim
1277 895 1492 935 Babelicam
1513 911 1581 935 cx-

106 968 347 1004 struxerunt.
371 975 410 1001 v.
430 961 517 1010 307,
534 974 618 1013 sqq.
636 974 647 1007 ς

158 1026 301 1064 Octava
317 1025 424 1064 deest
442 1040 452 1073 ;

159 1090 264 1129 Nona
290 1089 415 1137 deest,
431 1089 494 1128 sed
511 1099 642 1143 aperte
656 1090 846 1130 censenda
860 1090 1086 1131 Graecorum
1105 1099 1143 1130 et
1163 1090 1435 1141 Romanorum,
1450 1089 1582 1131 eadem

106 1169 190 1207 quae
210 1155 311 1194 libro
336 1156 383 1194 lV
400 1155 545 1195 decima
569 1164 672 1203 erat;

161 1221 312 1259 Decima
334 1221 372 1273 (a
395 1221 540 1260 diluvio
560 1221 706 1273 quinta,
721 1219 769 1260 ab
789 1220 885 1261 orbe
902 1221 1061 1260 condito
1081 1221 1259 1273 decima,)
1277 1221 1583 1261 Christianorum

107 1287 197 1333 erit,
218 1295 256 1324 et
281 1288 318 1325 in
336 1286 529 1338 judicium
551 1300 772 1339 supremum
792 1286 961 1336 desinet,
984 1286 1051 1326 lib.
1074 1287 1126 1335 ll,
1147 1301 1183 1328 v.
1208 1287 1268 1336 ¹5,
1287 1301 1373 1340 sqq.

159 1351 203 1390 In
224 1351 331 1391 libris
351 1352 516 1404 denique
540 1353 712 1402 xl-XW,
733 1353 903 1391 omnium
924 1352 1142 1392 novissimis
1160 1361 1197 1391 et
1217 1352 1450 1404 deterrimis,
1468 1365 1584 1391 unum

107 1417 276 1455 occurrit
297 1416 345 1456 de
366 1430 409 1456 ea
427 1431 469 1456 re
489 1417 769 1466 testimonium,
790 1417 901 1456 initio
919 1431 1057 1470 nempe
1074 1417 1161 1456 libri
1182 1418 1255 1465 xl,
1274 1431 1309 1458 v.
1336 1423 1396 1466 14,
1415 1430 1498 1469 sqq.
1520 1429 1529 1456 t

263 1483 315 1530 Δὴ
335 1484 414 1522 τότε
435 1483 494 1521 καὶ
516 1481 642 1531 δεκάτη
659 1482 759 1534 γενεὴ
781 1482 943 1536 μερόπων
968 1483 1181 1536 ἀνθρώπων,

267 1546 329 1594 Ἐξ
350 1542 387 1587 οὗ
405 1548 501 1588 ταῦτ’
519 1548 695 1601 ἐγένοντο,
718 1548 876 1602 μερίζει-ο
897 1553 980 1601 γαῖα
998 1547 1028 1586 δ’
1044 1547 1166 1587 ἅπασα

268 1612 488 1651 Ἀλλοδαπῶν
508 1613 660 1666 ἀνδρῶν,
680 1628 714 1653 κ.
732 1628 763 1652 τ.
783 1613 816 1652 λ.

108 1677 174 1717 ubi
203 1677 360 1717 decimae
386 1678 646 1729 generationis
665 1678 817 1716 initium
840 1691 916 1716 non
936 1677 984 1717 ab
1004 1677 1098 1717 orbe
1114 1677 1271 1717 condito
1292 1679 1350 1717 vel
1374 1677 1587 1726 submerso,

109 1742 175 1782 sed
194 1742 242 1782 ab
262 1756 394 1782 eversa
417 1743 651 1794 Babylonica
667 1744 764 1782 turri
786 1743 957 1790 ducitur,
993 1756 1151 1794 prorsus
1177 1752 1216 1781 nt
1241 1742 1340 1781 libro
1370 1743 1441 1791 ΙΙΙ,
1470 1755 1585 1794 quem

107 1817 241 1860 aperte
261 1808 414 1846 videtur
438 1808 507 1846 iste
533 1807 585 1845 ob
612 1809 743 1846 oeulos
764 1807 955 1846 habuisse.
975 1808 1029 1846 lta
1049 1807 1168 1846 libros
1184 1820 1315 1845 omncs
1326 1806 1534 1859 Sibyllinos
1546 1808 1585 1846 in

109 1874 269 1911 denario
291 1886 450 1910 numero
473 1874 696 1923 conspirare
731 1886 860 1910 verum
893 1881 969 1919 est,
997 1886 1208 1923 omnesque
1240 1881 1463 1923 praesentem
1486 1872 1587 1911 hanc

109 1938 295 1977 decimam
331 1947 367 1975 et
400 1936 572 1975 ultimam
593 1937 737 1984 facere,
764 1936 940 1987 quamvis
961 1949 1030 1974 suo
1050 1949 1243 1987 quemque
1264 1936 1380 1974 modo
1399 1936 1586 1975 calculum

109 2003 392 2042 subducentes:
417 2016 515 2053 quos
536 2001 675 2040 deinde
696 2014 829 2052 parum
857 2002 973 2038 refert
1003 2001 1258 2052 interrogare,
1286 2001 1387 2040 uude
1417 2001 1492 2040 hoc
1513 2014 1586 2053 pe-

108 2068 257 2113 tierint,
279 2076 407 2105 utrum
425 2067 473 2105 ab
490 2066 618 2118 aliqua
636 2066 851 2117 antiquiore
866 2065 1022 2117 judaica
1044 2065 1270 2113 traditione,
1285 2078 1333 2104 an
1353 2065 1403 2104 ab
1424 2065 1588 2105 etruscis

111 2132 168 2171 vel
184 2132 329 2185 graecis,
348 2132 395 2170 de
414 2130 557 2183 quibus
577 2144 692 2182 supra
714 2130 859 2169 dictum
878 2138 957 2178 est,
978 2129 1243 2182 opinionibus.

163 2198 205 2236 ln
229 2206 333 2235 tanto
354 2197 471 2248 igitur
495 2196 634 2233 horum
666 2195 854 2233 librorum
876 2209 1062 2234 consensu
1084 2195 1219 2233 mirum
1242 2195 1370 2232 forsan
1395 2194 1589 2244 videatur,

110 2260 158 2299 de
177 2261 262 2312 ipso
283 2260 443 2298 denario
460 2273 622 2299 numero
651 2259 809 2297 differre
829 2273 850 2298 a
870 2260 1008 2298 nostris
1029 2260 1168 2298 librum
1191 2260 1239 2298 lv
1264 2258 1394 2298 Esdrae
1414 2273 1588 2312 apocry-

112 2325 250 2376 phum,
271 2325 440 2363 secundo
462 2326 600 2363 saeculo
627 2325 839 2375 iisdemque
860 2325 939 2363 sere
961 2323 1198 2375 temporibus
1216 2323 1429 2375 scriptum,
1448 2324 1589 2376 quibus

110 2390 200 2428 libri
231 2390 413 2442 prodiere
440 2388 620 2441 Sibyllini
654 2390 686 2427 V
717 2398 755 2427 et
780 2389 928 2439 vlll,§
953 2403 986 2429 1.
1015 2388 1073 2427 lbi
1105 2389 1206 2426 enim
1230 2382 1316 2426 non*
1334 2388 1488 2437 decem,
1521 2389 1588 2428 sed

110 2456 312 2494 duodecim
333 2456 599 2507 generationes
628 2463 880 2492 numerantur
901 2454 961 2492 liis
983 2453 1124 2501 verbis,
1153 2467 1239 2504 cup.
1268 2459 1326 2500 14,
1347 2467 1383 2492 v.
1414 2467 1472 2502 ιι,
1493 2467 1553 2506 sq.
1576 2468 1584 2493 :

110 2539 124 2554 ι
141 2520 352 2559 Duodecim
374 2521 475 2558 enim
498 2518 673 2570 partibus
693 2519 858 2557 divisum
887 2527 943 2556 est
969 2518 1148 2556 saeculum
1164 2546 1174 2563 ‚
1192 2526 1230 2555 et
1251 2519 1483 2556 transierunt
1508 2518 1590 2569 ejus

110 2603 124 2620 n
141 2586 287 2624 decima
304 2593 339 2622 et
361 2584 562 2622 dimidium
584 2583 741 2623 decimae
762 2583 903 2634 partis;
922 2591 1126 2634 supersunt
1145 2591 1272 2620 autem
1298 2582 1380 2633 ejus
1397 2590 1482 2633 post
1509 2595 1589 2621 me·

110 2667 125 2684 n
142 2650 248 2688 dium
265 2649 432 2688 dimidiae
453 2650 583 2700 partis.
602 2666 617 2682 υ
631 2652 688 2688 Au
704 2661 796 2699 ergo
815 2647 1054 2686 undecimam
1072 2646 1274 2694 intellexit,
1288 2660 1364 2698 qua
1381 2647 1535 2685 Messias
1550 2648 1588 2685 in
1646 2677 1652 2683 .

114 2717 226 2754 terris
241 2724 470 2767 regnaturus
490 2709 610 2763 esset3
631 2713 896 2752 duodecimam
920 2726 1028 2763 vero,
1046 2722 1130 2764 post
1146 2712 1336 2764 judicium
1352 2713 1589 2751 extremum?

112 2781 194 2819 lmo
216 2779 397 2818 libentius
431 2779 621 2818 credimus
648 2779 776 2817 la'tinae
806 2777 1133 2830 interpretationis
1167 2777 1359 2829 vulgarem
1382 2785 1524 2815 textum
1547 2776 1585 2815 in

114 2843 252 2882 mendo
282 2842 424 2881 cubare
455 2855 690 2893 prorsusque
718 2856 737 2880 a
762 2856 856 2881 vero
896 2842 1046 2880 distare.
1076 2842 1137 2880 list
1174 2842 1273 2879 enim
1306 2841 1455 2880 diversa
1473 2841 1587 2879 lectio
