1752 3495
101 219 194 264 2⁴16
485 220 561 263 AD
594 220 938 265 SIBYLLINOS
972 219 1184 264 LIBROS

100 315 235 356 Dionis
250 312 374 354 verbis
391 329 400 354 ε
413 313 559 362 Ἐπειδὴ
570 314 637 368 γὰρ
652 315 803 369 τάχιστα
825 318 929 359 avon<
941 317 1010 354 τῶν
1024 316 1115 354 ἐπῶν
1140 314 1377 368 διεθρυλλήθη,
1394 321 1570 373 colligere

99 379 172 418 sibi
186 380 287 418 visus
308 387 384 429 est,
402 393 477 418 non
496 380 580 431 ipsa
598 381 742 419 oraculi
762 378 877 418 verba
890 408 902 427 ,
926 380 991 418 sed
1010 379 1233 418 sententiam
1255 379 1388 429 solam,
1408 381 1466 421 τὸν
1480 387 1570 435 νοῦν,

98 444 244 496 populo
258 444 406 482 solitam
421 457 502 482 esse
514 444 740 484 denuntiari.
754 443 843 483 Vult
856 443 954 481 enim
968 443 1040 481 Dio
1059 443 1202 494 aliquid
1220 442 1268 480 de
1279 447 1466 485 sententia
1484 462 1568 488 ora-

97 509 173 547 culi
189 509 227 546 in
254 509 392 560 vulgus
412 522 605 547 emanasse
625 516 826 559 antequam
843 508 1164 559 promulgaretur.
1190 508 1236 546 Et
1258 507 1351 558 quid
1376 517 1452 548 tum
1468 513 1566 552 aliud

95 575 191 614 Cato
208 574 397 622 studebat,
419 574 491 612 nisi
520 582 562 612 ut
581 573 800 621 oraculum,
820 572 932 623 quale
957 572 1132 620 exiisset,
1156 568 1302 624 publici
1320 573 1419 626 juris
1441 576 1569 617 fieret?

96 641 173 680 Nec
195 639 402 678 verisimile
417 647 473 678 est
493 638 607 676 latine
630 646 778 675 tantum
798 637 1082 688 promulgatum
1103 638 1238 685 fuisse3
1259 639 1331 676 nisi
1358 640 1458 678 enim
1478 642 1567 693 ipsae

95 704 240 742 oraculi
254 717 365 742 voces
382 716 428 741 ac
442 701 593 753 syllabae
610 703 890 753 proferrentur,
914 702 1075 740 multum
1091 702 1140 741 de
1162 703 1243 752 ejus
1260 704 1485 744 auctoritate
1500 707 1565 747 de-

96 767 330 807 trahebatur.
360 768 528 818 Utraque
547 766 664 818 igitur
683 767 811 818 lingua
837 766 998 805 relatum
1019 766 1114 804 illud
1141 768 1178 805 in
1201 773 1333 807 senatu
1363 776 1401 807 et
1419 770 1466 808 ad
1484 772 1565 822 ple-

95 830 183 869 bem
200 832 387 883 prolatum
400 840 597 882 putamus;
615 839 777 881 utraque
791 831 904 869 etiam
919 831 1047 882 lingua
1058 831 1178 870 literis
1189 831 1353 883 publicis
1367 833 1565 882 insertum

95 898 197 936 unde
214 898 356 948 integra
379 905 417 935 et
436 897 565 947 graecis
581 896 672 947 ipsis
690 897 907 948 conscripta
930 896 1104 935 versibus
1120 897 1168 936 ad
1191 911 1258 936 nos
1278 899 1481 950 pervenire
1499 914 1565 952 po-

97 971 248 1000 tuerunt
280 961 358 999 duo
392 960 612 1012 hujusmodi
648 968 891 999 monumenta
906 990 916 1008 ‚
954 974 1070 999 unum
1105 962 1376 1014 certissimum,
1408 964 1563 1005 alterum

96 1025 273 1075 dubium,
301 1025 413 1063 ambo
442 1026 479 1063 in
500 1025 614 1075 liujus
633 1025 827 1064 Excursus
850 1025 925 1064 fine
946 1025 1157 1077 proditura.

95 1258 201 1296 CAP.
227 1256 305 1295 XV.
333 1255 528 1306 Sibyllinis
557 1262 744 1307 responsis
770 1271 949 1308 qua-nam
971 1262 1204 1308 poee‘ssimum
1225 1257 1356 1306 juberi
1385 1260 1556 1309 solerem,

327 1320 514 1370 obiterque
527 1322 575 1358 de
592 1323 691 1359 ludis
710 1320 997 1372 Apollt'naribus
1009 1330 1048 1360 et
1059 1321 1328 1362 Saeculartbus.

146 1424 397 1476 promulgato
423 1438 607 1476 responso
621 1455 631 1474 ‚
650 1433 688 1464 et
709 1432 751 1464 ut
771 1425 833 1474 fit,
854 1425 982 1464 multis
1003 1425 1199 1464 hominum
1220 1424 1462 1464 sermonibus
1486 1427 1561 1479 agi-

94 1498 195 1538 tato,
224 1489 400 1528 conversi
422 1489 537 1527 animi
565 1489 613 1528 ad
638 1489 880 1541 exsequenda
904 1491 1021 1539 jussa.
1044 1491 1136 1531 Eam
1174 1490 1340 1529 diximus
1370 1493 1560 1544 propriam

93 1555 331 1595 XVvirorum
353 1555 468 1593 fuisse
495 1568 638 1594 curam.
661 1555 736 1594 Sed
765 1554 979 1607 cujusmodi
996 1569 1041 1595 ea
1060 1564 1186 1595 essent
1205 1569 1289 1608 quae
1308 1569 1356 1595 ex
1377 1556 1482 1595 libris
1496 1556 1559 1609 ju-

94 1619 177 1659 beri
193 1619 430 1671 potissimum
450 1618 628 1667 solerent,
643 1633 744 1657 nunc
764 1619 1052 1672 estdiligentius
1071 1621 1360 1672 inquirendum..

145 1684 329 1736 Sibyllina
341 1684 449 1736 jussa
469 1683 632 1735 duplicis
651 1684 800 1735 generis
816 1684 992 1733 fuerunt,
1009 1698 1174 1736 quorum
1192 1686 1311 1724 altera
1332 1684 1381 1724 ad
1409 1699 1560 1738 rempu-

93 1749 248 1797 blicam,
264 1749 381 1788 altera
397 1748 444 1788 ad
459 1762 539 1788 rem
557 1748 725 1787 divinam
746 1748 1004 1801 pertinebant.
1027 1750 1124 1788 Rara
1139 1749 1295 1788 omnino
1314 1763 1398 1801 quae
1415 1750 1464 1790 ad
1485 1764 1559 1790 rem

95 1824 238 1854 tantum
258 1814 464 1867 publicam,
485 1822 527 1852 ut
546 1813 655 1863 illud,
672 1827 773 1852 anno
791 1823 878 1866 post
894 1814 1026 1854 urbem
1041 1814 1234 1853 conditam
1252 1830 1422 1864 ccxcm,
1443 1834 1458 1851 «
1470 1816 1560 1855 sedi-

95 1881 264 1920 tionibus
279 1880 560 1920 abstinendum.
572 1881 595 1914 4»ι
613 1881 720 1920 Nova
736 1888 825 1919 tunc
837 1889 918 1919 erat
934 1894 976 1919 ea
995 1880 1150 1932 religi0;
1170 1881 1333 1920 necdum
1350 1890 1477 1933 patres
1493 1895 1558 1920 usu

92 1954 372 1999 compererant,
385 1945 541 1997 infringi
559 1944 742 1983 librorum
764 1946 1040 1995 auctoritatem,
1053 1945 1084 1984 si
1104 1946 1214 1984 nimis
1236 1954 1366 1997 aperte
1377 1946 1426 1985 ad
1442 1947 1559 1986 studia

93 2012 257 2064 partium
279 2010 535 2049 traherentur.
559 2011 691 2061 ltaque
713 2019 840 2061 postea
853 2010 1039 2049 similibus
1051 2011 1233 2063 exemplis
1258 2012 1337 2050 fere
1350 2011 1557 2051 abstentum

91 2085 160 2126 est,
173 2077 244 2115 nisi
260 2076 377 2128 quod,
398 2076 583 2114 incertum
603 2075 847 2127 quando,sed
863 2074 965 2114 haud
981 2075 1097 2114 dubie
1117 2084 1204 2127 post
1223 2076 1383 2116 Galliam
1403 2077 1556 2128 Cisalpi-

91 2155 176 2179 nam
187 2141 299 2179 armis
312 2139 522 2187 subactam,
539 2139 766 2191 Eporediam
782 2139 952 2178 videmus
969 2139 1165 2191 Sibyllinis
1178 2141 1331 2179 monitis
1344 2140 1393 2178 ad
1407 2140 1556 2192 Alpium

93 2206 256 2244 radicem
272 2205 476 2255 conditam,
490 2205 588 2244 Plin.
604 2203 951 2257 lib.ll!,§21(01im
969 2205 1041 2255 17);
1061 2205 1149 2242 item
1169 2205 1268 2244 cirea
1287 2219 1427 2243 annum
1444 2218 1555 2243 anw

90 2271 226 2309 vetitos
237 2270 446 2308 invenimus
462 2270 653 2308 Romanos
669 2270 861 2308 “Taurum
877 2275 1046 2309 montem
1060 2270 1311 2321 transgredi,»
1324 2283 1408 2321 quae
1421 2270 1555 2308 sisravs

91 2336 180 2383 suit,
196 2336 386 2374 bonorum
407 2344 508 2374 certe
524 2335 664 2374 civium
684 2344 721 2374 et
740 2335 963 2387 reipublicae
982 2336 1079 2374 bene
1098 2337 1376 2375 consulentium
1397 2337 1476 2375 suit.
1488 2335 1555 2375 Sed

91 2410 177 2452 post
192 2402 386 2439 incensum
406 2401 635 2452 Capitolium
648 2431 658 2449 ,
679 2400 872 2452 librosque
889 2415 965 2440 non
981 2401 1061 2440 sine
1081 2415 1217 2453 magno
1235 2401 1400 2453 publieae
1418 2401 1555 2439 [iduciae

90 2466 319 2505 detrimento
349 2466 563 2513 restitutos,
588 2466 770 2504 inclinata
785 2466 864 2518 jam
886 2466 1107 2518 republica,
1130 2467 1330 2505 imminuta
1351 2466 1553 2518 praesertim

90 2544 177 2582 erga
193 2531 284 2569 deos
301 2530 441 2583 pietate
453 2559 464 2575 .
481 2530 635 2569 videtur
651 2530 829 2569 civilibus
850 2531 1020 2569 consiliis
1039 2532 1204 2582 patuisse
1222 2544 1351 2570 rursus
1366 2531 1553 2582 Sibyllinae

42 2609 46 2612 ·
89 2596 282 2647 religionis
307 2610 499 2634 arcanum.
538 2597 649 2634 Anno
677 2610 894 2642 ncxcxvui,
919 2597 1120 2642 monitum,
1148 2606 1191 2635 ut
1211 2597 1394 2646 diximus,
1417 2611 1464 2635 ne
1490 2609 1553 2634 rex

89 2661 239 2712 AEgypti
258 2674 342 2699 cum
361 2662 480 2713 copiis
501 2662 757 2700 reduceretur.
774 2663 884 2699 Anno
901 2675 1018 2708 ncex,
1033 2676 1109 2699 non
1131 2675 1242 2713 posse
1263 2662 1425 2702 Parthos
1445 2661 1512 2700 nisi
1533 2673 1552 2698 a

89 2739 178 2776 rege
196 2725 352 2764 devinci.
378 2726 471 2772 Quae
494 2726 571 2764 duo
595 2735 785 2777 praecepta
815 2726 924 2765 nimis
941 2740 1029 2765 sane
1045 2727 1243 2766 bominum
1270 2727 1552 2765 ambitiosorum

88 2791 246 2829 consilia
265 2800 301 2830 et
320 2792 484 2842 partium
506 2791 667 2829 affectus
679 2790 858 2842 produnt.
883 2792 939 2830 De
960 2792 1148 2843 responsis
1163 2793 1283 2830 multo
1304 2793 1437 2837 serius,
1452 2788 1552 2829 annis

88 2868 223 2907 nempe
239 2864 323 2906 post
337 2855 526 2894 Christum
546 2865 672 2894 natum
687 2856 759 2894 312
777 2865 812 2895 et
828 2858 915 2904 363,
932 2857 1125 2896 Maxentio
1142 2866 1177 2896 et
1197 2858 1349 2896 Juliano
1368 2857 1476 2906 datis,
1493 2854 1549 2891 vix
