1686 3500
959 30 982 60 Χ

126 193 221 240 416
498 189 577 234 AD
610 188 960 234 SlBYLLlNOS
999 187 1209 233 LIBROS

125 295 255 339 postea
274 283 397 338 pergit
416 282 569 336 quidem
592 281 929 335 pseudopropheta
949 281 1144 319 nominum
1160 280 1266 318 initia
1287 280 1504 333 designare,
1526 286 1592 324 sed

126 362 268 389 temere
294 357 333 387 et
362 355 496 386 contra
525 360 676 385 omnem
704 346 873 385 historiae
903 345 1036 391 fidem,
1070 344 1172 382 nulla
1203 358 1249 383 ex
1283 345 1366 384 istis
1397 346 1517 386 literis
1546 349 1594 387 ad

115 423 269 460 ,certum
287 421 498 464 notumque
517 425 657 450 nomen
679 412 917 464 pertinente3
950 422 994 446 ac
1021 408 1093 446 sub
1113 409 1194 447 istis
1217 409 1383 448 fortuitis
1403 410 1595 463 principi-

124 478 195 517 bus
213 477 281 530 qui
297 490 493 528 nunquam
518 477 712 528 regnaturi
731 484 850 522 erant,
867 473 984 513 multa
1005 483 1164 511 ventura
1191 473 1294 512 canit
1317 487 1402 525 quae
1420 488 1491 513 nec
1512 489 1598 515 eve-

121 550 260 582 nerunt
273 554 457 593 unquam,
474 554 546 579 nec
565 541 730 579 evenire'
743 545 955 591 potuerunt
977 552 985 574 τ
1010 536 1048 575 id
1067 536 1172 588 qnod
1192 538 1405 576 necessario
1422 539 1596 580 accidere

121 607 254 646 debuit
277 606 462 646 audacter
481 597 703 644 vaticinanti
723 617 806 655 quae
827 601 1044 653 nesciebat,
1064 610 1102 639 et
1120 602 1157 640 in
1184 601 1387 641 obscuram
1413 605 1597 656 temporis

121 673 242 712 futuri
261 680 428 722 noctem,
457 671 566 723 quasi
596 669 770 721 obnupto
792 667 938 718 capite,
961 679 1001 706 se
1021 666 1254 716 conjicienti.

172 739 262 777 naec
281 749 402 789 usque
430 736 479 774 ad
504 747 653 774 versum
673 732 787 783 hujus
806 730 895 770 libri
929 744 1026 782 279,
1053 731 1091 769 id
1110 739 1180 779 est,
1206 731 1305 770 ultra
1320 731 1521 772 dimidium
1549 733 1599 773 li-

122 801 246 842 brum.
263 801 335 841 Hic
366 813 460 840 vero
481 798 652 852 praedicit
675 798 813 837 Noster
841 795 993 847 imperii
1015 796 1175 835 Romani
1201 797 1338 846 finem,
1360 810 1396 836 v.
1426 799 1525 847 280,
1560 807 1599 838 et

121 875 253 920 postea
273 879 429 913 novam,
445 866 631 903 incertum
646 876 760 914 quam
773 891 783 910 ,
805 861 1030 914 progeniem
1050 862 1087 900 in
1112 861 1207 901 orbe
1222 870 1425 911 terrarum,
1445 863 1598 915 auspice

121 933 204 972 Deo
222 940 480 984 regnaturam,
496 927 730 980 perlongum
752 935 904 979 patrum
918 940 962 965 ac
981 926 1147 965 liliorum
1167 927 1321 979 seriem,
1343 941 1381 969 v.
1404 929 1493 976 281,
1513 942 1597 981 sqq.

173 998 324 1037 Interea
343 1007 484 1034 novum
503 993 543 1031 in
570 995 740 1044 AEgypto
760 991 910 1030 florebit
935 991 1156 1042 imperium,
1184 1005 1222 1032 v.
1245 993 1337 1041 284,
1358 1006 1458 1044 sqq.,
1488 994 1596 1044 quod

122 1071 248 1100 tamen
268 1074 290 1100 a
306 1059 439 1098 vicinis
452 1057 558 1109 Syris
575 1056 677 1096 bello
695 1064 897 1104 tentatum,
912 1069 1026 1108 opem
1043 1055 1092 1093 ab
1109 1056 1217 1095 ltalia
1234 1056 1405 1109 flagitare
1421 1066 1595 1108 cogetur,

120 1141 156 1166 v.
175 1127 269 1174 287,
286 1137 397 1176 sqq.;
418 1136 462 1162 ac
489 1122 669 1173 deinceps
698 1121 778 1159 duo
800 1134 936 1172 regna,
972 1121 1125 1173 AEgypti
1156 1134 1294 1172 nempe
1317 1130 1355 1160 et
1384 1122 1524 1171 Italiae,
1559 1124 1597 1161 in

121 1204 238 1230 unum
258 1180 491 1235 coalescent,
509 1200 548 1227 v.
567 1186 658 1236 ²95·

171 1255 264 1295 Inde
292 1253 418 1305 pergit
454 1260 559 1290 vates
595 1251 726 1289 futura
759 1250 913 1302 AEgypti
942 1258 979 1288 et
1011 1250 1251 1289 Alexandriae
1285 1251 1359 1289 fata
1393 1251 1573 1290 detexere
1587 1281 1598 1300 ,

117 1334 155 1361 v.
175 1319 262 1371 296,
287 1331 390 1370 sqq.,
420 1316 539 1355 multa
552 1314 774 1371 ‘praesertim
792 1313 894 1352 bella
913 1313 1127 1366 praedicens
1142 1315 1369 1353 Judaeorum
1385 1329 1473 1361 pum
1489 1317 1599 1368 AEgy-

118 1381 225 1434 ptiis,
244 1381 414 1419 variante
441 1388 604 1426 eventu,
632 1378 757 1417 donec
779 1391 915 1429 magna
940 1379 1147 1417 multitudo
1171 1379 1399 1418 Judaeorum
1421 1380 1534 1419 cadat
1550 1380 1598 1419 ab

119 1445 305 1498 AEgyptiis
322 1445 361 1483 in
379 1443 494 1483 litore
515 1443 628 1482 maris
649 1444 851 1482 interfecta
867 1472 877 1491 ,
899 1457 933 1483 v.
958 1443 1050 1491 345,
1068 1456 1153 1496 sqq.
1172 1446 1264 1484 Post
1281 1458 1367 1496 quae
1382 1445 1521 1497 raptim
1538 1459 1601 1484 ca·
1633 1496 1635 1500 Ι

70 1532 73 1535 Δ
117 1509 194 1556 nit,
224 1509 355 1562 paucis
385 1508 558 1547 versibus
582 1517 620 1547 et
648 1507 844 1556 obscuris,
863 1508 985 1547 foedus
1005 1509 1106 1547 inter
1137 1509 1234 1547 duos
1264 1510 1431 1561 populos
1451 1510 1595 1559 ictum,

120 1587 158 1614 v.
174 1575 263 1622 347,
275 1573 413 1611 moenia
425 1572 531 1612 urbis
548 1573 694 1611 miserae
712 1571 774 1627 (an
793 1573 1192 1626 Hierosolymorumi)
1207 1575 1430 1623 instaurata,
1447 1589 1483 1614 v.
1503 1577 1597 1627 349,

119 1652 218 1690 sqq.,
240 1637 427 1677 redditam
456 1637 567 1676 terris
586 1637 805 1676 felicitatem
828 1637 1166 1689 appropinquante
1188 1652 1313 1677 rerum
1334 1640 1421 1687 fine,
1447 1654 1482 1678 v.
1505 1641 1597 1690 351,

117 1716 199 1755 sqq.
221 1703 393 1755 Denique
407 1702 530 1741 saneti
546 1702 748 1754 cujusdam
766 1698 901 1754 populi
921 1702 1175 1754 (Judaeorum,
1192 1718 1239 1742 an
1259 1703 1598 1745 Judaeo-Christia-

118 1765 292 1816 norum?)
310 1773 490 1803 aeternam
507 1763 546 1802 in
568 1763 682 1802 terris
701 1763 1001 1802 dominationem
1014 1793 1025 1812 ‚
1044 1777 1084 1804 v.
1107 1765 1197 1813 360,
1219 1778 1279 1816 sq.
1598 1810 1601 1815 ¹

172 1830 260 1867 Haec
276 1827 324 1867 de
343 1836 509 1880 quatuor
525 1827 714 1867 librorum
738 1837 967 1880 argumento
985 1828 1139 1868 abunde
1156 1829 1257 1868 dicta
1276 1830 1352 1869 sint
1375 1831 1422 1869 ad
1449 1832 1597 1870 firman-

118 1894 205 1933 dam
224 1907 357 1933 eorum
376 1902 543 1934 aetatem:
564 1902 669 1946 patet
686 1894 789 1932 enim
808 1902 884 1933 tres
901 1895 1048 1947 priores
1069 1903 1147 1934 tum
1169 1896 1334 1948 scriptos
1352 1909 1432 1935 esse
1445 1926 1454 1944 ,
1477 1911 1594 1949 quum

117 1960 157 1999 in
170 1959 327 1999 Oriente
342 1959 464 1998 victor
484 1967 661 2011 regnaret
678 1959 877 2000 Odenatus
890 1989 902 2007 ,
925 1973 1019 2012 ergo
1038 1960 1137 1998 inter
1158 1974 1281 1999 annos
1297 1970 1383 2013 post
1398 1962 1594 2001 Christum

117 2034 248 2063 natum
275 2025 350 2063 263
367 2033 406 2063 et
425 2026 515 2073 267.
537 2025 704 2065 Ultimus
726 2025 843 2077 paulo
863 2034 951 2078 post
970 2034 1117 2064 ceteros
1137 2026 1388 2079 compositus,
1413 2029 1594 2080 quoniam

117 2088 259 2127 ducere
277 2088 431 2128 videtur
452 2089 602 2127 initium
626 2088 675 2128 ab
691 2090 848 2142 indigna
867 2099 991 2129 morte
1012 2091 1196 2130 tanti'viri
1213 2121 1223 2139 ,
1240 2105 1276 2130 v.
1295 2105 1337 2140 17
1358 2107 1367 2130 :

273 2152 345 2191 Τὸν
365 2152 401 2191 δὲ
420 2151 529 2190 λέοντ’
547 2151 664 2197 ἐδίωξε
679 2152 770 2192 κύων
786 2153 951 2192 ὀλέκοντα
968 2156 1116 2206 νομῆας.
1597 2207 1600 2211 ,

115 2216 234 2255 Simul
250 2246 261 2265 ,
279 2217 344 2255 sed
361 2216 399 2254 id
413 2230 570 2268 quoque
582 2218 776 2270 ambigue,
793 2217 1014 2269 designatur
1032 2218 1113 2269 ejus
1129 2233 1336 2268 successor,
1363 2220 1430 2271 qui
1451 2223 1596 2259 Aureo·

117 2281 189 2332 lus,
210 2294 288 2320 non
317 2281 546 2320 Aurelianus
574 2281 843 2334 intelligendus
867 2291 947 2334 est,
977 2292 1020 2321 ut
1033 2283 1114 2334 jam
1140 2283 1321 2325 diximus.
1350 2285 1531 2324 Ceterum
1547 2285 1594 2324 de

117 2345 281 2383 Zenobia
299 2359 346 2384 ne
376 2345 537 2384 verbum
564 2347 745 2397 quidem,
768 2355 811 2385 ut
829 2360 912 2385 eam
929 2348 1015 2386 viro
1042 2362 1300 2388 successuram
1329 2349 1505 2389 videatur
1525 2363 1594 2388 nec

119 2410 230 2447 scisse
248 2423 318 2448 nec
336 2409 577 2462 praesensisse
603 2411 753 2461 Noster,
775 2419 892 2464 atque
911 2411 1000 2451 ideo
1017 2413 1214 2465 scripsisse
1233 2414 1339 2452 illum
1365 2428 1516 2453 necesse
1538 2422 1593 2452 est

118 2475 300 2513 continuo
319 2484 406 2526 post
425 2475 593 2513 auditam
611 2476 776 2515 Odenati
795 2486 971 2529 mortem,
985 2491 1088 2516 anno
1108 2480 1180 2526 267
1197 2479 1408 2528 desinente,
1425 2480 1472 2518 ad
1494 2494 1594 2518 sum-

120 2552 224 2577 mum
246 2539 321 2577 268
342 2539 567 2591 incipiente.
590 2540 718 2579 Fuisse
750 2542 855 2580 illum
876 2543 1027 2594 origine
1046 2544 1244 2591 Judaeum,
1273 2545 1395 2595 patria
1427 2558 1493 2583 seu
1522 2545 1593 2582 do·-

119 2603 260 2641 micilio
273 2603 586 2653 Alexandrinum,
603 2619 715 2644 nemo
730 2605 999 2657 dubitabitqui
1017 2607 1150 2645 ultima
1164 2607 1252 2646 libri
1269 2610 1368 2660 XIV,
1385 2611 1591 2661 praesertim

60 2671 69 2680 ⁶
117 2677 204 2719 post
224 2682 263 2707 v.
285 2668 375 2714 284,
394 2669 600 2719 relegerit,
620 2671 658 2708 in
679 2671 820 2722 quibus
837 2681 913 2710 tam
933 2671 1065 2711 crebra
1088 2681 1242 2724 tamque
1257 2674 1409 2725 prolixa
1432 2676 1473 2712 fit
1492 2688 1590 2713 men-

115 2733 168 2771 tio
197 2731 427 2770 seditionum
447 2733 485 2770 in
504 2746 547 2771 ea
563 2734 658 2772 urbe
675 2744 896 2774 exortarum
917 2736 1016 2775 inter
1032 2738 1227 2788 [Egyptios
1245 2746 1284 2776 et
1299 2739 1321 2777 J
1327 2739 1467 2780 udaeos.
1598 2782 1601 2787 ,

165 2795 239 2834 Sed
271 2795 318 2834 de
347 2795 429 2847 ejus
450 2797 634 2848 religione
668 2798 810 2851 ambigi
842 2809 991 2851 potest;
1011 2815 1089 2839 non
1110 2802 1217 2853 quod
1243 2802 1523 2842 immorandum
1544 2803 1591 2841 sit

111 2874 244 2900 eorum
264 2860 497 2911 conjecturae
515 2863 580 2913 qui
602 2864 779 2915 gentilem
797 2878 883 2904 eum
902 2875 1131 2918 putaverunt
1149 2877 1309 2920 propter
1326 2868 1464 2920 saepius
1482 2881 1589 2907 usur-
