1686 3500
588 236 592 240 *
634 216 938 261 EXCURSUS
972 217 1029 262 V.
1400 240 1408 252 ι
1458 215 1550 262 363

84 319 191 371 Quod
210 328 336 357 tamen
354 315 386 354 si
411 313 484 354 sub
514 314 749 365 Vespasiano
783 326 915 352 verum
943 313 1033 360 suit,
1051 322 1089 351 at
1108 316 1221 353 etiam
1246 323 1330 366 post
1353 314 1568 366 Vespasia·

84 399 184 427 num.
217 380 434 421 Videndum
472 380 592 430 igitur
613 392 660 416 ne
689 378 810 417 serius
839 391 993 429 quoque
1014 377 1096 415 haec
1120 379 1258 429 scripta
1289 380 1386 425 sint,
1409 392 1506 417 neve
1531 392 1552 416 a

85 446 297 500 Vespasiani
325 442 563 496 temporibus
596 444 695 482 ultra
726 442 1048 495 progrediendum
1082 441 1130 480 sit
1149 442 1197 480 ad
1214 444 1369 492 Trajani
1395 444 1452 482 vel
1471 444 1552 482 Ha-

87 498 203 554 driani
222 519 289 549 aut
308 509 421 548 etiam
438 508 485 546 ad
506 508 791 548 Antoninorum
817 516 1009 558 tempora,
1028 505 1169 558 quibus
1192 506 1363 557 plerique
1377 507 1551 559 Sibyllini

87 578 170 617 libri
195 573 397 624 conscripti
416 581 517 611 sunt.
543 571 618 610 Sed
647 571 733 616 hoc,
753 579 796 608 ut
823 571 1009 608 hactenus
1037 570 1340 624 conjectancum‚
1361 571 1400 608 in
1427 571 1553 610 medio

89 641 268 692 tantisper
296 638 559 688 relinquatur,
593 635 715 674 donec
737 635 961 687 particulam
990 633 1103 686 hujus
1133 634 1221 673 libri
1243 643 1280 673 et
1307 636 1464 674 sortasse
1491 636 1552 676 Si-

87 707 313 758 byllinorum
335 702 506 740 omnium
531 701 794 739 difficillimam
817 700 1126 747 tractaverimus,
1147 713 1230 750 quae
1250 700 1384 751 incipit
1400 714 1421 738 a
1441 714 1551 738 versu

88 773 153 810 381
182 778 217 807 et
240 766 381 805 desinit
398 766 436 803 in
460 778 610 803 versum
631 771 724 811 4003
741 778 854 816 quam
874 764 975 802 circa
995 777 1096 802 nune
1116 764 1354 815 aliquantum
1381 763 1554 802 insistere

89 848 150 874 nos
170 841 284 883 atque
307 830 511 871 immorari
535 842 688 867 necesse
707 837 775 867 est.

135 898 206 936 Sed
237 905 348 935 antea
370 896 561 946 relegatur
588 895 803 946 praemissus
835 894 925 932 huic
946 894 1043 932 alter
1074 893 1180 932 locus
1205 894 1307 932 haud
1338 893 1553 944 inelegans,

87 979 121 1006 ν,
153 961 341 1010 367-380,
371 960 417 998 ‹le
437 972 530 1010 pace
554 973 621 1010 per
649 958 782 997 orbem
817 967 1030 1006 terrarum,
1062 975 1077 991 α
1100 971 1168 1009 per
1191 959 1409 1009 Europam,
1432 958 1556 1009 inquit
1603 972 1607 975 ·

87 1048 100 1062 ι,
124 1036 239 1071 vate5‚
264 1034 377 1076 atque
399 1026 548 1071 Asiam,
563 1042 579 1058 υ
598 1023 806 1074 aliquando
822 1032 1041 1074 regnatura,
1059 1036 1104 1060 m:
1124 1023 1172 1060 (le
1194 1035 1308 1060 aurea
1329 1032 1406 1060 tum
1430 1023 1556 1061 sutura

88 1091 230 1143 generis
260 1090 414 1128 humani
447 1089 638 1127 felicitate.
661 1089 753 1135 Quae
787 1088 970 1138 quoniam
997 1087 1176 1125 videntur
1203 1102 1289 1126 cum
1310 1086 1557 1139 sequentibus

88 1157 293 1203 eoliaerere,
311 1155 457 1206 aliquid
477 1162 638 1206 possunt
654 1153 699 1192 ad
715 1167 795 1191 rem
816 1162 984 1191 nostram
1004 1153 1152 1204 faceret,
1170 1153 1271 1191 baud
1291 1153 1415 1204 magni
1433 1162 1555 1192 tannen

90 1223 146 1261 illa
162 1220 365 1268 momenti,
385 1220 531 1272 quippe
546 1232 631 1270 quae,
647 1219 807 1257 fortasse
826 1218 865 1256 id
882 1227 1028 1256 tantum
1047 1227 1163 1270 agant
1193 1228 1233 1256 ut
1256 1219 1456 1257 transitum
1487 1232 1555 1269 pa-

91 1296 168 1326 rent
193 1285 241 1323 acl
270 1285 466 1324 ulteriora.
494 1285 589 1323 Tam
621 1283 703 1321 laeta
725 1283 824 1322 euim
858 1292 1010 1334 tamque
1040 1297 1243 1335 prospera,
1271 1285 1367 1322 male
1393 1284 1558 1323 delinitis

92 1353 345 1406 temporibus,
377 1353 494 1404 gratis
523 1353 682 1390 sortasse
708 1352 941 1403 excogitavit
976 1361 1113 1403 poeta,
1142 1367 1220 1403 quo
1255 1353 1439 1391 secuturis
1475 1354 1558 1391 sor-

92 1419 185 1458 mido
207 1417 328 1468 major
347 1417 579 1464 adderetur3
599 1417 669 1454 etsi
693 1430 824 1454 verum
845 1425 902 1454 est
921 1430 1117 1467 nunquam
1147 1417 1335 1455 feliciores
1357 1418 1471 1455 fuisse
1489 1418 1558 1456 Ju-

90 1484 184 1521 ‹laeos
210 1496 323 1533 quam
352 1481 425 1520 sub
453 1483 653 1520 Persarum
676 1495 808 1533 regum
837 1481 1069 1520 auctoritate
1094 1491 1182 1520 ante
1209 1482 1464 1520 Macedonum
1486 1476 1558 1520 adss

92 1555 252 1585 ventum.

138 1611 287 1648 Diutius
310 1619 435 1648 autem
459 1610 616 1649 felicitas
643 1610 707 1648 illa
732 1612 949 1657 mansisset,
970 1611 1117 1662 inquit,
1138 1611 1208 1649 nisi
1227 1610 1450 1649 Macedonia
1469 1625 1560 1662 gra-

91 1688 167 1713 vem
188 1674 286 1712 Asiae
302 1674 472 1712 dolorem
495 1675 721 1726 peperisset,
738 1688 772 1712 v.
794 1675 864 1713 381
889 1688 897 1713 ε

295 1737 399 1777 Ἀλλὰ
421 1738 628 1786 Μακηδονίη
650 1736 739 1790 βαρὺ
758 1738 890 1783 τέξεται
907 1737 1038 1777 Ἀσσίδι
1060 1741 1182 1789 πῆμα,

90 1817 128 1841 ac
147 1803 216 1841 uisi
242 1803 448 1841 maximum
469 1803 633 1854 Europae
659 1803 799 1841 malum
822 1803 914 1854 (sive
934 1802 1133 1849 damnum,
1148 1804 1227 1842 sive
1242 1803 1358 1855 ulcus)
1382 1804 1559 1842 increvis-

91 1877 158 1915 set,
187 1867 303 1918 idque
333 1881 400 1919 per
428 1868 588 1906 nothum
618 1868 772 1907 Saturni
804 1870 885 1918 (seu
914 1867 1220 1920 Saturnidarum)
1248 1882 1392 1920 genus,
1416 1881 1561 1920 perque

91 1932 252 1971 sobolem
280 1932 484 1983 quamdam
509 1946 530 1970 e
549 1932 669 1971 servis
687 1941 931 1984 prognatam,
950 1946 986 1970 v.
1005 1933 1093 1979 382,
1113 1946 1168 1982 sq.
1187 1946 1196 1969 t

193 1995 362 2049 Εὐρώπης
379 2012 416 2035 τε
432 1996 594 2048 μέγιστον
611 1995 920 2049 ἀνασταχυώσεται
937 1996 1039 2047 ἄλγος
1059 1997 1152 2043 (sive
1169 1995 1279 2046 ἕλκος)

192 2061 258 2101 Ἐκ
274 2063 412 2112 γενετῆς
432 2061 610 2114 Κρονιδῶν
627 2076 665 2098 τε
684 2061 790 2099 νόθων
803 2090 814 2110 ,
840 2050 1026 2098 δούλων-τε
1043 2059 1217 2110 γενέθλης.

94 2127 166 2164 sive
184 2127 222 2164 ἐκ
241 2127 384 2176 γενετῆς
401 2124 574 2178 Κρονίδαο
593 2124 690 2163 νόθου
711 2138 720 2162 :
745 2124 791 2162 ‹le
817 2138 904 2172 vera
934 2125 1034 2162 enim
1056 2124 1219 2162 lectione
1250 2124 1408 2162 multum
1429 2132 1564 2162 aestua·
1605 2123 1608 2126 ’

95 2198 223 2228 verunt
241 2191 481 2241 interpretes.
511 2190 586 2236 Qui
607 2190 782 2241 plerique
796 2218 807 2237 ,
831 2188 1004 2242 Κρονίδαο
1025 2203 1143 2240 quum
1173 2190 1359 2240 legerent,
1394 2189 1463 2227 bos
1484 2189 1563 2227 duo

95 2266 238 2301 versus,
261 2255 359 2292 sicut
381 2253 548 2304 priorem
569 2267 699 2305 supra,
717 2253 765 2292 ad
783 2253 1043 2292 Macedoniam
1065 2253 1294 2299 retulerunt;
1315 2261 1354 2291 et
1368 2252 1422 2291 sic
1442 2253 1561 2290 visum

96 2319 236 2357 auctori
257 2318 438 2369 Sibyllini
456 2318 542 2356 libri
559 2319 625 2365 xl,
645 2332 680 2360 v.
703 2320 790 2369 198,
807 2331 904 2369 sqq..
926 2319 980 2356 uti
999 2318 1037 2355 in
1057 2319 1159 2356 notis
1176 2317 1222 2355 ad
1243 2317 1317 2356 h.1.
1337 2316 1563 2355 monuimus.

95 2382 220 2433 ltaque
241 2383 290 2421 ad
321 2384 481 2422 istorum
510 2391 674 2421 mentem
696 2383 815 2421 notha
841 2383 904 2421 illa
929 2382 1131 2433 progenies
1146 2383 1317 2427 Saturni,
1349 2382 1564 2422 Alexander

95 2446 169 2496 ipse
188 2456 259 2496 est,
281 2448 451 2499 spuriam
469 2445 518 2485 ab
536 2448 633 2485 Jove
645 2447 794 2497 jactans
811 2447 1019 2497 originenu
1039 2445 1148 2496 cujus
1177 2446 1365 2485 mendacii
1384 2460 1460 2485 non
1483 2460 1563 2485 uno

96 2510 174 2548 loco
194 2520 322 2550 taxant
341 2511 448 2549 illum
467 2510 690 2562 Sibyllistoe‚
713 2513 906 2563 praecipue
924 2510 987 2549 lib.
1006 2512 1051 2559 V,
1070 2524 1110 2550 v.
1133 2524 1152 2558 7
1172 2525 1180 2548 e

297 2575 351 2614 Οὐ
372 2574 472 2623 Διὸς,
491 2576 553 2614 οὐκ
569 2574 753 2626 Ἄμμωνος
770 2574 902 2622 ἀληθέα
922 2575 1159 2628 φημιχθέντα,

96 2637 235 2689 (confer
250 2638 319 2676 lib.
338 2640 403 2685 xl,
426 2652 512 2688 197,
533 2652 607 2689 sq.‚
623 2648 661 2677 et
682 2640 766 2686 XII,
789 2640 842 2690 7).
868 2638 996 2678 Probe
1012 2652 1104 2677 sano
1123 2653 1130 2677 :
1156 2639 1221 2677 sed
1246 2639 1312 2690 qui
1333 2640 1453 2690 possit
1472 2639 1562 2678 Ale-

96 2700 231 2739 xander
257 2700 387 2740 δούλων
406 2702 548 2751 γενέθλη
579 2703 677 2751 dici,
712 2716 822 2741 nemo
842 2704 1094 2752 excogitavit,
1124 2716 1247 2753 neque
1266 2717 1431 2753 unquam
1448 2716 1564 2741 exco-
1621 2750 1627 2756 ,

96 2763 233 2813 gitabit.
259 2766 390 2817 ltaque
423 2766 515 2803 illud
542 2766 824 2805 hemistichium
852 2766 1062 2818 prudenter
1081 2767 1261 2804 omissum
1285 2775 1342 2804 est
1366 2765 1467 2804 libro
1489 2767 1560 2814 xl,

97 2825 159 2864 ubi
177 2828 434 2867 Alexandrum
454 2830 576 2880 palam
595 2839 706 2868 vocat
723 2839 837 2881 poeta
857 2829 1028 2881 Κρονίδαο
1047 2829 1158 2876 νόθον,
1173 2830 1238 2867 scd
1261 2829 1414 2868 minime
1434 2828 1564 2867 δούλων

96 2890 265 2940 γενέθλην.
283 2896 330 2933 At
351 2894 522 2949 sagacius
544 2903 765 2934 nostrorum
790 2895 1064 2945 Sibyllinorum
1092 2894 1236 2945 primus
1264 2895 1451 2945 interpres
1468 2893 1560 2932 Cas-
