1686 3500
668 193 973 241 Excusssus
1007 196 1094 242 v.·.
1156 218 1157 222 =
1375 252 1383 263 ³
1493 194 1588 243 425

113 291 216 344 apud
246 292 486 330 Lactantium
512 290 807 343 superstitibus3
827 303 913 343 quae
936 291 1066 330 omnia
1089 291 1243 343 quando
1260 292 1402 345 scripta
1421 285 1586 341 suerint,

113 362 314 408 perspecta
337 368 470 394 eorum
496 354 645 405 origine
673 368 960 406 cognoscemus.
986 354 1082 393 Nam
1106 353 1273 407 primum
1303 357 1498 407 catalogus
1522 356 1588 395 ille

113 418 342 470 Sibyllarum
362 419 494 470 (Praef.
511 423 531 465 S
552 419 604 469 3),
623 432 737 470 quem
758 419 931 470 plerique
950 419 1076 458 Suidae
1096 416 1265 458 tribuere
1282 420 1425 472 solent,
1443 419 1589 472 quippe

110 484 148 522 in
170 481 254 533 ejus
278 483 402 522 lexico
427 482 560 522 iisdem
587 496 695 535 paene
721 482 868 532 verbis,
886 483 1025 534 quibus
1049 482 1152 535 apud
1170 496 1257 529 nos,
1286 484 1449 532 editum,
1469 483 1588 524 Suida

110 548 234 599 ipsum
252 548 392 586 citante
413 547 516 585 haud
539 548 656 598 paulo
673 547 866 600 antiquior
884 556 967 597 est„
980 547 1118 586 obvius
1133 548 1279 599 quippe
1296 557 1334 586 et
1349 549 1453 600 apud
1469 549 1586 589 Scho-

109 611 258 650 liastam
280 612 452 652 Platonis
475 611 523 650 ad
543 611 772 664 Phaedrum,
797 621 834 651 et
851 611 955 663 quod
976 613 1099 650 multo
1117 611 1341 659 notabilius,
1362 612 1465 663 apud
1484 613 1588 653 Pho·

110 675 204 713 tium
231 675 271 713 in
292 676 590 727 Amphilochus,
617 685 753 728 quaest.
776 676 837 714 60.
856 677 1078 716 Omittimus
1097 675 1497 728 pseudo-Hesychium
1514 678 1587 716 Mi·

109 739 265 789 lesium,
282 740 393 792 cujus
412 741 638 792 opusculum
660 755 681 779 e
703 741 830 780 Suidae
849 741 997 780 laciniis
1022 749 1224 780 consutum
1249 740 1442 792 plerisque
1465 740 1586 780 doctis

110 804 276 854 videtur,
295 813 332 843 et
351 805 542 856 Anonymi
560 804 814 857 fragmentum
841 805 888 844 de
916 805 1094 857 sibyllis,
1113 806 1202 843 item
1230 818 1279 843 ex
1305 804 1422 844 Suida
1447 802 1585 842 decer-

45 910 51 916 ,
111 877 237 920 ptum,
253 869 357 920 quod
377 879 464 908 ante
485 869 555 908 hos
581 883 726 921 paucos
756 883 879 909 annos
907 870 1054 909 editum
1081 878 1138 908 est
1165 883 1188 908 a
1212 870 1395 909 Cramcro
1418 882 1439 907 e
1465 869 1586 920 Regio

109 933 242 972 codice
266 934 363 982 854,
379 935 417 972 in
438 934 581 974 Anecd.
597 935 734 984 Paris„
755 944 782 976 t.
806 936 834 982 l,
854 949 890 987 p.
913 936 1000 984 332,
1015 949 1097 987 sqq.
1120 935 1369 988 Negligantur
1389 933 1479 982 haee,
1495 933 1584 985 quia

107 998 156 1037 de
179 999 397 1037 recentibus
412 1009 477 1038 aut
493 1000 699 1039 admodum
722 1001 906 1053 suspectis
923 1014 1001 1039 non
1017 1014 1208 1041 curamus.
1226 999 1301 1039 Sed
1326 1009 1459 1052 aperte
1478 999 1587 1038 Pho-

109 1062 183 1102 tius
215 1064 372 1102 Suidam
396 1064 516 1104 tribus
546 1065 676 1102 saltem
706 1073 772 1103 aut
799 1073 964 1116 quatuor
995 1065 1142 1106 saeculis
1170 1073 1436 1116 praecesserat3
1460 1063 1584 1112 Scho-

107 1128 254 1166 liastam
277 1142 371 1167 vero
395 1128 579 1178 Platonis,
614 1129 692 1167 sive
721 1129 893 1179 ignotum
922 1128 1163 1168 scholiorum
1194 1128 1509 1180 interpolatorem
1528 1127 1586 1166 vi·

109 1193 223 1231 detur
249 1193 412 1233 Photius
430 1194 672 1245 expressisse,
689 1194 779 1244 quia
807 1193 890 1244 ejus
910 1193 1028 1232 verba
1051 1202 1225 1232 truncata
1252 1193 1400 1239 reddit,
1420 1192 1586 1243 ideoque

109 1257 300 1310 posterior
324 1257 525 1297 habendus
549 1266 625 1305 est,
657 1258 712 1297 uti
729 1272 819 1297 mox
845 1258 1104 1298 ostendemus.
1128 1260 1227 1298 Fons
1258 1265 1384 1296 autem
1414 1255 1584 1297 omnium

107 1322 350 1372 Lactantius,
382 1336 427 1360 ex
456 1336 533 1374 quo
559 1322 718 1361 defluxit
740 1336 877 1374 magna
906 1337 953 1362 ex
977 1333 1084 1375 parte
1109 1323 1303 1375 catalogus
1327 1323 1396 1360 iste
1419 1320 1585 1372 Sibylla-

104 1399 189 1424 rum
213 1401 221 1424 ε
251 1387 319 1438 qui
345 1387 542 1438 quomodo
570 1387 608 1425 in
643 1388 772 1438 plures
793 1388 921 1426 alveos
940 1387 1137 1426 derivatus
1156 1387 1224 1435 sit,
1245 1400 1322 1438 quo
1351 1385 1490 1424 certius
1523 1386 1584 1423 in-

106 1451 295 1503 vestigare
325 1452 536 1504 possimus,
555 1460 724 1503 quatuor
747 1452 919 1504 ejusdem
949 1452 1147 1504 fragmenti
1167 1451 1350 1490 lectiones
1377 1463 1452 1489 uno
1473 1449 1583 1501 quasi

104 1515 244 1553 intuitu
260 1516 482 1566 spectandas
506 1517 570 1555 hic
588 1530 864 1568 proponemus.

155 1580 331 1627 Quatuor
349 1595 503 1633 nempe,
523 1594 601 1619 non
621 1581 775 1633 plures,
798 1582 889 1633 quia
917 1581 1077 1622 Pliotius
1103 1590 1139 1619 ct
1163 1580 1373 1620 Scholiasta
1401 1578 1465 1618 vix
1493 1592 1515 1617 a
1542 1591 1582 1616 se

102 1643 267 1682 invicem
285 1645 417 1696 paucis
438 1645 577 1684 alicubi
599 1646 744 1684 voculis
769 1645 934 1692 distant,
965 1659 1061 1698 quas
1088 1658 1157 1684 nos
1177 1645 1254 1684 suis
1274 1644 1366 1684 locis
1389 1651 1580 1682 annotan-

103 1707 171 1747 das
192 1709 426 1750 curabimus,

107 1851 319 1888 Scholiasta
335 1851 508 1890 Platonis
522 1853 577 1888 acl
586 1852 804 1902 Phaedrum,
1036 1855 1064 1891 S
1067 1855 1176 1890 aidus
1203 1857 1241 1890 in
1265 1853 1401 1890 Lexico
1419 1880 1430 1898 ,

202 1922 241 1950 et
253 1915 422 1963 photius,
445 1915 631 1964 Amphil„
651 1916 712 1956 60.
1076 1931 1118 1957 υ.
1155 1916 1342 1957 Σίὸυλλαι.

156 1976 329 2016 Σίὸυλλαι
351 1976 414 2029 μὲν
433 1976 595 2030 γεγόνασι
615 1978 713 2028 δέκα,
931 1981 1105 2021 Σίὸυλλαι
1130 1980 1312 2033 γεγόνασιν
1340 1982 1376 2019 ἐν
1408 1978 1580 2033 διαφόροις

875 2044 994 2089 τόποις
1012 2044 1071 2084 καὶ
1087 2044 1224 2098 χρόνοις
1242 2043 1300 2083 τὸν
1315 2042 1461 2098 ἀριθμὸν
1479 2042 1577 2082 δέκα.

155 2232 319 2288 [Desunt
337 2235 465 2284 verba,
488 2235 644 2275 Σίὸυλλα
660 2234 697 2274 δὲ
713 2234 806 2276 Ῥω·
927 2236 1084 2277 Σίδυλλα
1113 2235 1209 2292 [haec
1237 2249 1394 2289 quoque
1417 2235 1594 2285 Suidas„

100 2299 228 2351 μαϊκὴ,
242 2314 274 2339 κ.
282 2314 313 2339 τ.
322 2300 354 2339 λ.
367 2301 468 2353 apud
485 2300 599 2341 Phot.
611 2300 785 2340 etSchol.
789 2299 804 2353 J
873 2300 940 2340 sed
968 2301 1082 2353 paulo
1101 2301 1214 2347 infra,
1234 2310 1321 2353 post
1343 2299 1574 2352 Sibyllarum

874 2367 1103 2419 catalogum]
1137 2364 1324 2418 Ῥωμαϊχὴ
1351 2364 1443 2411 λέξις
1467 2364 1575 2416 ἐστὶν,

873 2433 1001 2485 ἓρμηνε
1004 2429 1133 2483 υομένη
1153 2433 1340 2484 προφῆτις,
1355 2430 1460 2483 ἤγουν
1480 2429 1574 2483 μάν-

870 2510 921 2539 τις
934 2508 943 2518 ·
959 2494 1034 2533 ὅθεν
1046 2494 1096 2533 ἑνὶ
1106 2494 1252 2545 ὀνόματι
1264 2496 1300 2533 αἱ
1314 2494 1449 2542 θήλειαι
1460 2494 1576 2546 μάντι·

872 2561 925 2605 δες
935 2559 1192 2612 ὠνομάσθησαν
1205 2558 1388 2599 Σίὲυλλαι.
1403 2559 1575 2601 Σίὸυλλαι

870 2623 982 2663 τοίνυν
994 2654 1004 2673 ,
1025 2626 1071 2668 ὡς
1090 2623 1212 2663 πολλοὶ
1231 2623 1385 2680 ἔγραψαν
1397 2652 1407 2672 ,
1430 2622 1574 2676 γεγόνα-

872 2702 927 2725 σιν
952 2689 988 2726 ἐν
1009 2687 1182 2742 διαφόροις
1208 2684 1326 2733 τόποις
1354 2688 1413 2727 καὶ
1438 2687 1572 2742 χρόνοις

871 2751 955 2791 δέκα
974 2752 1032 2792 τὸν
1052 2752 1210 2806 ἀριθμόν.

149 2878 216 2924 Ὧν
232 2885 354 2940 πρώτῃ
373 2885 504 2939 [Phot.
528 2873 666 2940 πρώτὴ]
687 2884 797 2939 ὄνομα
921 2881 1051 2937 Πρώτη
1066 2875 1125 2922 οὖν
1143 2885 1164 2931 ἡ
1179 2881 1350 2933 Χαλδαῖοι,
1369 2883 1391 2930 ἡ
1406 2879 1464 2921 καὶ
1480 2879 1568 2934 Περ·
