1752 3495
242 283 331 330 168
614 279 694 324 AD
729 276 1087 332 SlssYLLtNOS,
1107 274 1310 320 LIBROS

238 379 335 417 libro
364 377 410 416 de
436 376 601 416 Ostentis
617 404 627 423 ,
646 375 750 414 edito
770 376 868 414 curis
887 375 1085 414 clarissimi
1106 374 1176 412 viri
1196 373 1281 411 (Iar.
1303 368 1440 409 Bened.
1465 371 1580 420 llase,
1600 386 1680 424 post

235 443 422 480 Valerium
444 441 672 486 Maximum,
691 440 754 480 ed.
781 441 973 489 Lemaire,
993 440 1081 478 Par.
1109 438 1218 474 1823.
1242 435 1392 474 Primus
1410 441 1448 472 et
1469 435 1680 486 antiquissi-

235 520 315 545 mus
334 519 462 544 eorum
485 503 669 542 librorum
688 503 911 550 habebatur,
931 505 994 554 qui
1014 500 1221 541 Tarchonti
1241 513 1261 536 a
1281 498 1507 549 quibusdam
1525 529 1536 547 ‚
1555 502 1679 553 Tageti

236 585 256 608 a
275 569 447 621 pluribus
471 568 724 615 tribuebatur,
750 570 885 620 partim
910 568 1055 614 latinis,
1079 566 1215 616 pat-tim
1233 563 1347 601 tuscis
1371 563 1488 600 literis
1505 565 1678 615 scriptus,

235 634 282 672 de
300 647 375 684 quo
396 634 507 684 plura
528 633 679 683 Lydus,
698 632 792 671 ibid.
811 633 832 682 §
852 645 887 680 2,
907 645 988 682 sqq.
1011 631 1064 668 Ex
1087 628 1167 666 istis
1192 627 1463 678 superstitiosae
1486 627 1680 670 literaturae

235 696 405 747 reliquiis
423 696 545 734 discas
564 695 657 747 quid
674 696 746 734 sibi
768 694 1036 732 velitauditutn
1057 692 1213 737 tonitru,
1228 690 1322 741 'luna
1338 690 1600 741 capricornum
1619 693 1680 731 ol>-

236 761 378 798 tinente
408 760 465 798 vel
490 760 686 810 aquarium
708 759 764 796 vel
788 759 906 810 pisces
932 757 988 794 vel
1015 754 1115 792 aliud
1136 755 1282 803 signum
1297 781 1307 800 ‚
1331 753 1431 803 Lyd.
1452 752 1566 801 ibid„
1589 758 1678 806 §39,

234 838 335 876 sqq.;
354 825 447 876 quid
469 824 609 862 fulmen
630 824 698 861 hac
722 823 776 861 vel
797 823 860 860 illa
879 821 966 858 anui
992 827 1212 870 tempestate
1233 818 1281 856 de
1303 819 1393 856 caelo
1412 818 1575 869 cadens,
1593 820 1679 860 ibid.

232 891 254 939 5
274 891 339 937 43,
359 902 439 941 sqq.
457 890 527 928 Sed
551 889 644 926 nihil
663 889 714 926 ibi
732 888 776 926 de
797 885 1044 938 procurandis
1062 883 1279 936 hujusmodi
1302 885 1471 932 ostentis,
1489 886 1591 935 quod
1613 887 1677 924 sul-

234 955 420 1006 guralium
444 955 569 1006 potius
593 954 773 992 librorum
799 965 893 1003 opus
913 950 994 989 suit.

287 1019 390 1057 Inter
407 1018 608 1069 fulgurales
625 1017 852 1068 praecipuum
871 1016 994 1052 locum
1011 1013 1162 1051 videtui·
1179 1013 1390 1051 obtinuisse
1409 1014 1554 1065 Bego'e's
1576 1028 1678 1065 nym-

237 1083 322 1133 phae
341 1083 451 1130 liber,
472 1084 586 1120 latine
604 1096 649 1119 an
672 1091 771 1118 tusce
789 1080 971 1130 scriptus,
989 1079 1175 1116 incertum
1192 1087 1270 1124 est3
1287 1078 1441 1116 latinam
1468 1077 1550 1129 ejus
1574 1079 1679 1118 intel·-

238 1148 498 1199 pretationcm,
518 1147 574 1185 vel
599 1157 782 1185 etruscum
806 1145 1002 1183 lectionem
1024 1157 1108 1181 cum
1130 1144 1244 1181 latina
1267 1142 1532 1194 conjunctam,
1551 1144 1588 1182 in
1609 1145 1678 1182 Ca-

237 1212 369 1264 pitolio
396 1221 546 1250 senatus
564 1212 671 1263 jussu
697 1212 949 1249 consecratam
980 1209 1112 1256 fuisse,
1139 1208 1318 1246 libentius
1346 1209 1550 1260 opinamur
1572 1222 1677 1259 quam

238 1288 378 1316 tuscam
395 1278 524 1323 solam,
542 1278 628 1328 quia
646 1276 692 1314 de
714 1286 817 1314 tusco
836 1275 947 1322 libro,
966 1282 1125 1325 propter
1142 1274 1414 1312 obscuritatem
1432 1275 1513 1324 ejus
1537 1274 1679 1326 linguae,

237 1341 436 1380 deliberari
463 1342 498 1379 in
517 1350 647 1380 senatu
666 1355 762 1392 aegre
781 1341 924 1390 potuit3
944 1339 1014 1376 etsi
1041 1352 1118 1376 non
1143 1340 1362 1389 ignoramus
1386 1339 1544 1386 juvenes
1564 1340 1677 1388 patri—

237 1407 315 1444 cios
336 1408 372 1444 in
393 1394 577 1445 Etruriam
607 1406 699 1443 mitti
726 1405 856 1443 solitos
882 1405 971 1441 olim
995 1404 1122 1450 fuisse,
1144 1404 1280 1454 linguae
1302 1403 1412 1441 simul
1434 1411 1471 1440 et
1493 1402 1680 1453 religionis

237 1471 442 1509 ediscendae
458 1485 579 1518 causa,
593 1470 700 1521 juxta
715 1469 901 1507 Valerium
924 1469 1140 1515 Maximum,
1158 1468 1224 1507 lib.
1245 1470 1272 1515 l,
1288 1482 1371 1519 cap.
1395 1482 1426 1515 1,
1443 1468 1567 1514 initio,
1586 1471 1679 1518 quod

238 1546 359 1574 tamen
378 1537 425 1574 ad
445 1551 580 1588 paucos
596 1536 845 1573 adolescentes
866 1535 1091 1585 pertinuisse
1108 1534 1296 1571 credimus
1314 1534 1457 1584 (decem
1478 1534 1540 1570 ille
1558 1534 1681 1571 missos

235 1602 309 1649 ait,
331 1601 394 1638 sed
416 1602 544 1652 utique
563 1615 635 1638 non
655 1596 885 1651 quotannis),
914 1607 951 1636 et
976 1599 1019 1636 iis
1042 1599 1250 1649 praesertim
1279 1606 1385 1635 ortos
1411 1596 1584 1648 gentibus
1604 1612 1680 1648 quae

234 1663 440 1701 sacerdotia
460 1663 606 1714 publica
626 1662 765 1699 ambire
785 1671 898 1713 atque
917 1661 1092 1699 obtinere
1111 1676 1232 1713 prope
1248 1661 1581 1712 liereditariojut·e
1598 1676 1681 1699 con-

235 1728 449 1765 suevissent.
473 1729 592 1765 Porro
613 1741 694 1778 quae
715 1727 832 1764 sot-ma
853 1727 967 1765 fuerit
986 1727 1114 1777 operis
1133 1741 1154 1764 a
1175 1729 1300 1778 Begot'}
1320 1727 1468 1778 scripti,
1489 1727 1602 1764 hodie
1623 1728 1680 1765 vix

235 1791 369 1840 conjici
392 1799 525 1842 potest,
549 1805 759 1842 quanquam
779 1799 970 1842 superstes
990 1791 1070 1841 ejus
1094 1791 1346 1841 fragmentum
1369 1799 1504 1839 exstat,
1524 1790 1593 1828 sub
1613 1791 1679 1829 Ye-

234 1855 497 1906 goiaequidem
519 1857 688 1901 nomine;
714 1855 778 1893 sed
801 1855 898 1892 idem
921 1856 1014 1893 illud
1040 1869 1121 1894 esse
1147 1856 1251 1907 quod
1273 1858 1417 1907 Begoes
1438 1870 1503 1894 seu
1530 1857 1679 1906 Bego'iz,

231 1934 251 1958 e
276 1920 387 1957 tuscis
405 1919 443 1956 in
465 1920 594 1957 latinas
617 1920 744 1958 literas
766 1929 974 1971 utcumque
997 1918 1244 1967 translatum,
1266 1934 1378 1959 nemo
1397 1934 1510 1958 sanus
1529 1920 1679 1959 dubitet.

235 1983 338 2023 Unde
353 1983 491 2022 etillud
510 1983 644 2033 conjici
658 1993 795 2034 potest,
810 1992 1000 2022 servatum
1017 1985 1173 2036 quidem
1189 1985 1225 2022 in
1241 1985 1430 2035 Capitolio
1442 1986 1556 2024 fuisse
1572 1999 1678 2022 unum

232 2047 311 2097 ejus
329 2048 413 2085 libri
431 2048 634 2098 exemplar,
652 2049 753 2086 etsie
768 2048 1160 2099 publicaauctoritatc
1176 2050 1363 2087 sancitum
1388 2048 1524 2087 librum
1547 2050 1676 2101 ipsum,

234 2126 308 2150 non
335 2121 455 2151 tamen
472 2142 482 2159 ,
516 2112 829 2164 quemadmodum
858 2113 1086 2164 Sibyllinos,
1112 2128 1133 2152 a
1157 2114 1305 2165 vulgari
1331 2128 1397 2152 usu
1420 2114 1653 2166 prohibitum
1670 2144 1679 2162 ,

235 2176 536 2227 quandoquidem
554 2187 735 2228 excerptae
753 2192 798 2216 ex
818 2193 863 2216 eo
883 2180 1029 2230 paginae
1049 2180 1205 2232 impune
1226 2179 1504 2218 discurrebant.
1530 2181 1594 2219 Est
1613 2194 1678 2218 au-

239 2248 310 2277 tem
331 2240 571 2292 fragmentum
587 2243 685 2280 istud
708 2244 803 2281 inter
820 2253 993 2281 auctores
1013 2245 1059 2282 de
1080 2245 1133 2283 Re
1149 2245 1310 2295 agraria,
1327 2259 1425 2296 pag„
1446 2246 1533 2290 258,
1548 2259 1615 2296 sq„
1628 2245 1679 2282 ed.

235 2305 334 2342 Goes.
356 2304 427 2341 hoc
447 2305 578 2342 titulo:
600 2307 724 2345 tuEM
746 2308 966 2347 VEGOIAE
984 2309 1209 2348 ARRUNTI
1230 2310 1563 2359 VELTuUMNO,
1586 2308 1680 2360 quod

235 2366 473 2418 interpretari
494 2369 599 2407 facile
615 2379 669 2407 cst
687 2386 695 2408 :
715 2372 807 2408 ltcm
824 2386 869 2409 cx
887 2373 1036 2423 Vegoiae
1055 2387 1119 2411 seu
1143 2374 1294 2424 Begoiae
1310 2373 1410 2411 libro
1426 2375 1583 2412 Arrunti
1603 2374 1681 2411 Vel-

237 2431 394 2468 thumno
416 2431 513 2485 (libri
533 2434 625 2471 male
643 2435 882 2486 Velthymno)
896 2467 905 2484 ‚
926 2439 1088 2476 Etrusco
1117 2439 1232 2476 alicui
1258 2439 1369 2486 duci,
1389 2440 1600 2490 inscript03
1623 2438 1681 2475 ubi

234 2495 382 2531 Goesius
400 2495 595 2545 legendum
617 2498 790 2536 censebat
812 2502 988 2538 Arruntio
1008 2503 1174 2546 Eutycho
1189 2532 1200 2551 ‚
1223 2516 1335 2553 quam
1363 2502 1413 2539 ob
1437 2517 1586 2540 causam
1608 2502 1680 2553 ipse

236 2572 312 2595 non
332 2559 450 2596 dixit:
470 2569 568 2598 certe
586 2566 726 2599 Arruns
742 2565 819 2602 sive
836 2569 960 2602 Aruns
978 2576 1109 2604 notum
1128 2576 1183 2604 est
1202 2567 1304 2618 apud
1330 2569 1511 2606 Etruscos
1529 2582 1681 2612 nomem

238 2622 432 2671 Eutychus
465 2637 622 2673 gi-aecuin
659 2626 772 2675 magis·
800 2638 854 2665 est
883 2642 994 2679 quam
1028 2639 1236 2669 etruscum.
1273 2631 1393 2668 Totus
1425 2631 1552 2681 itaque
1585 2631 1681 2667 locus

233 2686 287 2723 ita
320 2699 357 2724 se
385 2685 521 2734 habet,
545 2697 582 2724 et
602 2698 656 2726 est
682 2689 728 2726 ad
754 2691 839 2728 vitae
860 2693 987 2742 potius
1018 2707 1131 2744 quam
1163 2693 1211 2731 ad
1245 2694 1514 2744 fulguritorum
1548 2693 1682 2731 doctri-

232 2763 320 2788 nam
347 2750 536 2801 pertinens
554 2763 563 2789 :
584 2767 599 2784 a
615 2752 760 2803 Vegoiae
786 2756 939 2793 Arrunti
957 2757 1203 2808 Velthymno.
1225 2757 1328 2795 Scias
1356 2771 1459 2794 mare
1485 2771 1529 2795 ex
1551 2757 1682 2795 aetlicre

233 2832 248 2847 ι
268 2823 467 2852 remotum.
482 2814 574 2852 Cum
591 2825 714 2853 autem
729 2818 901 2868 Juppiter
920 2828 1052 2858 terram
1070 2822 1256 2860 nen-uriae
1271 2821 1343 2858 sibi
1362 2822 1582 2868 vindicavit,
1598 2835 1679 2858 cou-

232 2897 246 2908 ··
267 2878 388 2915 stituit
408 2878 594 2930 jussitque
622 2881 744 2918 metiri
773 2896 922 2933 campos
950 2885 1166 2938 signarique
1188 2900 1322 2937 agros:
1343 2886 1465 2924 sciens
1489 2887 1679 2924 hominum

237 2959 251 2975 a
273 2942 465 2980 avaritiam
495 2945 550 2981 vvl
580 2953 763 2982 tvi-renam
793 2948 1034 3001 cupidini-m,
1065 2951 1234 2988 terminis
1256 2952 1380 2988 onmia
1403 2951 1494 2988 scita
1517 2965 1595 2989 esse
1616 2963 1680 2985 vn-
