1752 3495
152 241 215 287 26
539 242 620 286 AD
653 242 993 289 SlBYLLlNOS
1024 242 1228 287 LIBROS

153 336 289 386 innuit,
310 345 558 388 posterosque
575 337 630 378 ibi
656 341 763 392 regni
782 351 1012 378 successores
1039 337 1216 376 habuisse
1234 339 1365 376 saltem
1385 338 1433 376 ad
1454 341 1605 378 Homeri

156 409 346 452 tempora,
365 400 468 439 unde
485 410 617 441 notum
636 405 738 455 apud
763 411 913 455 poetam
933 402 1150 440 vaticinium
1164 431 1175 451 ,
1196 401 1302 441 lliad.
1317 417 1351 450 u,
1371 403 1442 450 307
1471 417 1480 440 ι

413 466 486 504 Νῦν
506 466 541 505 δὲ
561 466 602 513 δὴ
624 467 764 507 Αἰνείαο
784 466 841 518 βίη
863 465 1041 518 Τρώεσσιν
1056 466 1193 516 ἀνάξει,

415 529 486 567 Καὶ
508 531 630 575 παῖδες
645 531 792 578 παίδων,
812 530 865 568 τοί
880 545 938 569 κεν
956 531 1161 582 μετόπισθεν
1176 529 1310 568 ἔσονται
1325 560 1336 578 ,

139 586 202 632 ⁸de
224 605 303 643 quo
334 593 468 631 confer
501 596 619 633 multa
647 596 880 647 disputantes
909 596 1155 647 interpretes,
1193 594 1380 645 Heynium
1412 593 1450 631 in
1479 594 1612 645 primis

150 656 200 694 ad
215 655 433 704 AEneidem‚
453 657 612 710 disquis,
636 661 684 708 11,
703 659 751 696 de
768 672 894 696 rerum
914 659 949 696 in
962 660 1047 699 AEn.
1066 667 1308 697 tractatarum
1328 657 1559 696 inventione.

202 721 356 759 Certum
373 730 430 759 est
453 735 474 759 e
499 722 710 772 Strabone,
730 722 796 763 lib.
817 723 880 763 cit.
900 736 938 774 p.
960 723 1047 771 607,
1076 723 1143 760 diu
1167 723 1268 774 apud
1285 722 1448 773 ‘Scepsin
1478 720 1611 759 urbem

150 785 190 823 in
209 784 375 835 Troade,
393 786 485 835 regii
503 787 654 836 generis
673 786 895 836 dignitatem
915 786 1114 824 retinuisse
1132 787 1198 837 qui
1215 799 1253 823 se
1271 786 1422 825 Ascanii
1438 794 1613 837 posteros

150 849 339 900 dicerent3
357 857 394 886 et
409 848 622 886 Demetrius
633 849 808 900 Scepsius
821 849 963 903 (Strab.
978 850 1088 900 ibid.)
1108 849 1268 900 patriam
1287 864 1391 888 suam
1413 849 1538 887 AEneae
1555 863 1613 887 re-

151 915 249 965 giam
278 917 412 962 fuisse,
434 914 616 965 scriptum
637 914 863 965 reliquerat,
893 913 1024 958 urbem
1052 927 1189 964 nempe
1209 913 1508 964 Palae-Scepsim
1530 926 1614 963 quae

152 979 252 1017 haud
281 981 443 1017 multum
472 992 494 1016 a
524 979 730 1017 Mermesso
747 978 934 1017 distabat:
955 977 1080 1017 Οἴεται
1097 977 1126 1015 δ’
1142 980 1160 1016 ὁ
1179 977 1336 1029 Σκήψιος
1353 977 1414 1016 καὶ
1440 977 1610 1028 βασίλειον

151 1042 288 1082 Αἰνείου
310 1042 486 1095 γεγονέναι
509 1041 571 1088 τὴν
599 1044 748 1095 Σκῆψιν.
766 1043 967 1100 Gergitlias
987 1056 1143 1094 quoqne
1161 1056 1226 1080 seu
1248 1042 1487 1093 Gergitltios,
1507 1042 1612 1080 Mer-

150 1121 272 1147 messo
289 1108 498 1160 proximos,
512 1108 751 1146 Teucrorum
766 1108 946 1158 reliquias
959 1108 1100 1145 diserte
1115 1116 1222 1145 vocat
1234 1105 1463 1157 Herodotus,
1479 1105 1545 1143 lib.
1566 1106 1611 1154 V,

103 1191 112 1200 ·
152 1176 172 1219 S
196 1186 265 1210 ευ
288 1186 297 1209 :
326 1172 491 1223 Γέργιθας
520 1171 597 1215 τοὺς
629 1170 892 1225 ὑπολειφθέντας
910 1174 980 1210 τῶν
1007 1171 1163 1223 ἀρχαίων
1189 1172 1371 1223 Τευκρῶν,
1387 1179 1425 1208 et
1442 1169 1507 1208 lib.
1525 1168 1614 1218 Vll,

149 1240 170 1283 S
189 1237 254 1284 43,
271 1235 437 1289 Γέργιθας
461 1234 635 1288 Τευκρούς
652 1248 661 1274 :
685 1249 849 1286 quorum
867 1236 1053 1273 diversam
1073 1234 1277 1285 originem,
1307 1234 1374 1272 scd
1396 1236 1561 1285 ineptam
1577 1240 1614 1271 et

148 1300 320 1348 stultam,
340 1299 469 1337 vidore
483 1309 552 1348 ¹est
574 1299 805 1353 alClearclio
833 1300 988 1338 Solense
1008 1298 1223 1350 proditam,
1242 1298 1344 1349 apud
1370 1298 1613 1342 Athenaeum,

148 1363 213 1402 lib.
238 1364 310 1410 Vl,
343 1368 362 1411 S
396 1365 457 1402 68.
489 1364 759 1414 Antiquissima
796 1364 867 1401 suit
902 1363 965 1401 illa
1001 1363 1288 1413 civitas,quam
1318 1362 1396 1399 noli
1414 1375 1502 1399 cum
1532 1362 1615 1399 aliis

147 1428 317 1480 ejusdem
338 1429 502 1466 nominis
521 1428 767 1479 ejusdemque
787 1428 946 1466 sortasse
965 1427 1122 1478 originis
1137 1428 1370 1465 confundere
1390 1426 1491 1476 apud
1512 1426 1615 1464 Stra-

147 1489 286 1529 bonem
306 1501 343 1530 et
363 1493 606 1538 Atlienaeum3
624 1505 836 1543 numosque
851 1505 940 1530 suos
957 1492 1113 1542 reliquit
1128 1504 1213 1529 cum
1236 1491 1347 1528 titulo
1375 1490 1610 1529 ΣΚΗΨΙΩΝ

147 1558 204 1595 vel
223 1557 469 1604 ΣΚΑΨῙΩΝ,
487 1555 590 1607 apud
606 1556 751 1596 iilionn.
770 1565 796 1596 t.
814 1557 863 1606 ll,
882 1570 922 1607 p.
945 1557 1019 1593 668
1036 1569 1107 1607 sq„
1124 1556 1162 1593 in
1177 1568 1339 1607 quorum
1359 1568 1450 1600 uno,
1464 1552 1507 1591 n⁰
1527 1553 1615 1601 505,

147 1621 289 1671 efligies
323 1628 470 1671 prostat
498 1621 624 1658 AEneae
651 1634 738 1657 cum
767 1621 834 1671 pio
862 1633 977 1658 onere
1003 1620 1191 1672 fugientis.
1219 1619 1404 1657 vivebant
1433 1632 1544 1669 ergo,
1575 1627 1615 1655 ut

148 1684 334 1731 diximus,
357 1685 457 1722 circa
477 1698 519 1722 ea
537 1685 620 1722 loca
638 1684 815 1736 Trojanae
839 1684 1081 1731 traditiones,
1105 1697 1198 1735 quas
1218 1683 1266 1721 ab
1288 1685 1453 1722 llomero
1479 1691 1515 1720 et
1535 1681 1615 1732 Cy-

147 1748 254 1786 clicis
282 1748 486 1799 diligenter
518 1748 751 1799 conquisitas
779 1748 892 1786 fnisse
923 1749 1048 1799 palam
1074 1748 1309 1785 demonstrat
1339 1759 1474 1798 magna
1511 1745 1612 1796 apud

148 1813 324 1864 antiquos
352 1822 484 1864 poetas
502 1813 682 1864 Trojanae
701 1813 962 1864 topographiae
982 1813 1151 1852 scientia.

202 1878 312 1916 Enim
330 1887 445 1916 totam
464 1878 568 1916 illam
596 1879 836 1917 Homericam
860 1887 898 1917 et
917 1878 1106 1930 Cyclicam
1128 1877 1273 1929 poesim
1294 1877 1334 1915 in
1354 1877 1441 1915 Asia
1469 1876 1615 1914 minore

148 1950 294 1990 ortam,
317 1950 355 1980 et
385 1942 579 1980 elementis
598 1943 736 1993 partim
768 1933 928 1992 Ionicis,
955 1943 1093 1994 partim
1117 1942 1272 1981 AEolicis
1290 1942 1493 1979 conflatam
1517 1953 1615 1987 esse,

148 2009 208 2048 vel
228 2010 311 2060 ipsa
331 2009 579 2047 dialectorum
599 2010 774 2048 confusio
794 2010 882 2049 satis
898 2010 1021 2049 docet.
1037 2010 1094 2049 Ad
1110 2011 1294 2050 AEolicam
1316 2022 1407 2047 vero
1424 2008 1616 2060 pertinere

148 2074 333 2125 originem
362 2087 404 2111 ea
426 2087 510 2124 quae
542 2074 590 2112 de
623 2074 767 2125 Sibylla
799 2084 1002 2113 narrantur
1024 2076 1082 2112 vel
1101 2076 1225 2126 ipsum
1244 2073 1324 2125 ejus
1345 2086 1483 2110 nomen
1505 2072 1614 2120 satis,

148 2147 190 2175 ut
208 2150 323 2189 supra
342 2138 593 2186 ostendimus,
613 2138 765 2178 indicat.
792 2140 840 2178 Et
859 2139 1014 2190 quidem
1036 2152 1242 2190 possessam
1263 2139 1351 2176 olim
1371 2136 1419 2174 ab
1446 2136 1616 2174 AEolibus

148 2202 263 2241 fuisse
296 2210 412 2241 totam
436 2203 538 2240 illam
559 2204 753 2254 regionem
776 2217 861 2255 qnae
898 2204 994 2242 circa
1028 2204 1183 2242 montis*
1201 2202 1277 2241 ldae
1314 2201 1460 2239 radices
1490 2208 1615 2251 patet,-

149 2267 320 2305 omnium
340 2267 541 2305 doctorum
569 2268 693 2305 firmat
713 2268 867 2320 opinio,
892 2268 986 2306 freta
1013 2268 1219 2320 praesertim
1245 2266 1429 2306 llerodoti
1448 2265 1616 2303 testimo-

150 2331 230 2380 nio,
250 2330 315 2370 lib.
338 2331 380 2378 V,
396 2331 480 2369 loco
501 2345 615 2384 snpra
630 2333 745 2371 citato
765 2346 774 2372 :
796 2326 880 2372 Ῑίἷλε
899 2332 961 2384 μὲν
976 2331 1122 2376 Αἰολέας
1140 2331 1293 2379 πάντας,
1312 2330 1385 2369 ὅσοι
1403 2327 1465 2377 τὴν
1486 2327 1615 2367 Ἰλιάδα

149 2395 313 2447 νέμονται
328 2426 338 2445 ,
359 2390 428 2434 εἷλε
447 2395 483 2434 δὲ
506 2397 691 2449 Γέργιθας,
710 2412 743 2436 κ.
758 2412 794 2438 τ.
811 2398 845 2436 λ.

203 2461 244 2498 ln
276 2461 322 2498 iis
355 2474 447 2512 ergo
478 2461 570 2499 locis
601 2463 659 2499 vel
696 2462 796 2500 circa
832 2475 876 2500 ea
910 2462 992 2500 loca
1029 2461 1178 2499 initium
1213 2459 1391 2498 habuisse
1427 2458 1616 2496 credImus

151 2538 269 2576 quum
301 2525 423 2576 ipsum
444 2525 600 2576 Sibyllae
627 2539 790 2575 nomen,
819 2535 898 2564 tum
928 2527 1031 2565 illam
1052 2526 1099 2564 de
1127 2525 1272 2576 Sibylla
1303 2523 1519 2563 Mei-messia
1542 2531 1616 2560 tra-

151 2587 335 2624 ditionem
363 2601 447 2638 quae
475 2597 607 2639 postea
636 2590 674 2627 in
695 2591 844 2641 epicum
874 2590 1032 2641 Cyclum
1058 2589 1229 2636 transiit,
1249 2597 1327 2626 tum
1356 2588 1467 2626 etiam
1487 2586 1615 2636 Sibyl-

150 2650 227 2687 lina
253 2649 335 2700 ipsa
360 2653 527 2690 carmina
552 2654 612 2691 vel
641 2667 713 2705 pro
735 2656 927 2706 Sibyllinis
953 2655 1119 2706 vulgata.
1151 2654 1302 2705 Quippe
1328 2653 1388 2691 vir
1407 2652 1544 2703 aliquis
1569 2665 1613 2689 ex

151 2727 196 2752 ea
227 2714 400 2764 regione,
429 2725 542 2766 poeta
574 2731 652 2756 non
682 2719 824 2767 malus,
848 2728 1022 2771 apertam
1043 2732 1065 2757 a
1088 2719 1244 2769 Cyclicis
1269 2718 1371 2756 viam
1402 2718 1612 2767 ingressus,

152 2778 306 2816 oracula
327 2779 392 2817 illa
420 2783 701 2832 composuerit,
730 2796 815 2834 quae
833 2783 970 2822 deinde
995 2796 1081 2820 cum
1103 2783 1184 2835 ipsa
1200 2783 1352 2834 Sibyllae
1368 2782 1548 2820 memoria
1566 2780 1633 2818 ad.

152 2842 371 2894 Erythraeos
387 2852 425 2882 et
438 2845 477 2883 in
498 2853 614 2883 totam
633 2846 818 2885 Graeciam
839 2847 1070 2888 transierint.

202 2907 372 2957 Septimo
391 2908 463 2960 vel,
484 2917 526 2947 ut
545 2910 718 2960 primum,
742 2921 876 2950 octavo
893 2912 1030 2950 saeculo
1045 2912 1183 2964 scripta
1201 2912 1391 2952 inaruisse
1407 2922 1616 2955 censemus,
