1686 3500
133 128 227 177 562
493 95 597 172 ju)
630 126 969 172 menelaos
995 128 1210 172 meaos

128 239 270 273 sumus,
284 239 331 264 nn
350 234 473 264 tamen
490 225 727 276 aliquatenus
742 238 926 264 excusare
941 234 980 264 et
991 233 1188 263 attenuare
1205 224 1328 270 liceat,
1345 238 1456 276 aequo
1474 227 1605 264 animo

124 290 373 342 quaerendum
394 289 650 341 arbitramur-3
672 289 853 340 quonium
874 303 945 329 nos
972 289 1073 341 piget
1102 302 1166 327 eos
1197 288 1370 327 homines
1393 290 1459 340 qui
1489 303 1602 329 suum

124 355 404 407 ‹pmlecumque
429 354 625 405 ingenium
652 353 699 391 nd
727 353 922 405 religionis
937 361 975 393 et
997 365 1146 390 morum
1174 361 1366 404 praecepta
1394 354 1603 393 lectoribus

123 419 348 458 inculcanda
374 431 482 469 paene
506 418 615 456 unice
636 418 886 465 contulerint,
911 427 1088 468 tanquam
1114 417 1289 455 falsarios
1316 417 1491 467 infames,
1512 419 1601 470 palo

125 493 165 522 et
183 483 301 534 virgis
321 482 510 521 addicere.

190 548 361 587 Primum
387 547 506 598 igitur
530 546 724 585 fatendum
746 555 803 586 est
831 545 1178 598 pseudonymorum
1211 544 1396 583 librorum
1417 547 1600 598 scriptio-

117 624 202 649 nem
223 611 325 661 apnd
345 612 525 662 antiquos
549 612 670 648 multo
697 610 929 649 crebriorem
950 609 1065 646 fuisse
1093 622 1208 659 quam
1236 609 1338 660 apud
1368 622 1454 656 nOS,
1475 622 1602 661 eoque

115 673 415 713 tolerabiliorem
434 674 569 712 visam.
582 675 737 725 Quippe
755 672 1104 723 manuscriptorum
1120 672 1393 723 exemplarium
1411 673 1545 711 raritas
1560 682 1598 711 et

114 752 162 776 ex
177 751 221 776 ea
245 739 434 789 pretium;
465 752 610 776 sinuum
640 739 794 789 insuper
823 736 1029 775 difficultas
1059 735 1333 787 investigandae
1357 736 1597 787 singulorum

113 802 289 840 codicum
310 802 499 853 origini53
531 811 718 852 praeterea
750 801 891 839 criticae
916 801 1009 839 artis
1044 800 1188 851 iuopia,
1221 813 1304 851 quae
1333 799 1425 837 salsa
1451 813 1473 838 a
1494 801 1596 839 veris

112 879 201 904 raro
219 859 298 904 tum
322 866 539 905 discernere
555 866 736 913 callebat3
758 874 812 903 tot
828 879 919 904 sane
932 878 1054 903 eausae
1076 865 1249 903 falsarios
1268 864 1405 902 multos
1422 864 1469 903 ad
1488 877 1596 915 qua}-

109 940 208 968 stum
227 931 339 969 facile
352 940 467 982 atque
480 931 635 982 impune
654 930 869 969 faciendum
886 930 1048 968 invitare
1066 937 1289 981 potuerunt.
1305 929 1349 967 tit
1363 928 1424 966 isti
1439 929 1594 979 quidem

108 994 265 1032 omnino
287 994 536 1046 reprobandi.
565 996 686 1046 Magis
715 1003 837 1032 tamen
866 994 1112 1032 excusatione
1131 1006 1197 1031 seu
1226 992 1339 1030 venia
1362 993 1470 1044 digni
1505 1001 1594 1031 sunt

111 1057 299 1105 homines,
313 1071 478 1109 quorum
499 1072 656 1108 magnus
672 1059 744 1096 suit
763 1071 958 1104 numerus,
982 1058 1140 1109 quinon
1164 1057 1262 1095 lueri
1282 1070 1412 1104 cansa,
1434 1056 1499 1095 sed
1521 1058 1594 1095 lec-

108 1130 236 1160 torum
267 1122 581 1160 inveniendorum
601 1135 670 1172 spe
688 1131 805 1172 atque
825 1122 1025 1173 cupidine,
1049 1135 1170 1158 novos
1189 1120 1310 1158 libros
1327 1120 1400 1158 sub
1428 1121 1595 1171 antiquis

113 1186 332 1223 nominibus
361 1186 420 1222 vel
439 1194 619 1235 tanquam
642 1186 823 1236 antiquos
839 1186 887 1225 de
912 1186 1028 1224 rebus
1048 1186 1216 1236 antiquis
1235 1186 1398 1237 scriptos
1420 1186 1592 1236 protule-

110 1260 210 1288 runt.
225 1250 444 1289 Memineris
461 1249 643 1287 scribenti
658 1250 798 1300 cuique
817 1251 982 1300 primum
1003 1258 1090 1288 nntc
1110 1250 1235 1288 omnia
1251 1250 1490 1301 propositum
1510 1263 1596 1288 esse

107 1323 148 1366 ut
180 1314 338 1364 legatur.
373 1314 495 1352 l'orro
523 1326 566 1351 ea
601 1313 671 1351 suit
703 1312 957 1364 quorumdam
980 1314 1038 1351 vel
1073 1322 1291 1364 temporum
1322 1313 1379 1351 vel
1416 1314 1592 1351 locorum

105 1377 290 1424 conditio,
322 1386 362 1414 nt
395 1376 481 1415 libri
503 1377 567 1415 vix
595 1376 667 1427 legi
696 1385 846 1427 possent
865 1377 931 1427 qui
961 1390 1039 1414 non
1065 1377 1225 1428 aliquod
1246 1377 1395 1428 insigne
1416 1385 1507 1416 tunc
1526 1385 1591 1415 aut

105 1450 278 1480 sanctum
298 1454 438 1479 nomen
460 1441 496 1478 iu
519 1442 645 1479 fronte
665 1441 909 1492 praeferrent.

158 1505 199 1544 ld
220 1506 430 1557 praesertim
453 1505 500 1543 de
518 1505 665 1544 Judoeis
695 1505 840 1543 dictum
867 1505 1038 1553 velimus,
1060 1505 1108 1543 nd
1128 1518 1227 1556 quos
1244 1505 1408 1544 maxime
1432 1519 1502 1543 nos
1528 1519 1590 1544 re-

104 1570 248 1621 spicere
265 1583 416 1621 aeqnum
437 1570 620 1620 est„quia
640 1578 780 1608 nostrae
794 1569 1161 1621 pseudo-Sibyllinae
1181 1570 1467 1608 vaticinationis
1487 1570 1590 1608 viam

103 1649 124 1675 a
155 1637 302 1676 Judaeis
327 1638 496 1690 primum
527 1645 708 1676 tentatam
735 1646 850 1689 atque
876 1647 1046 1690 apertam
1080 1639 1196 1677 fuisse
1221 1639 1520 1677 monstravimus
1548 1640 1589 1677 in

109 1704 198 1742 Exc.
218 1704 261 1752 V,
277 1716 365 1755 cap.
391 1717 426 1742 1.
444 1704 472 1742 li
490 1717 583 1754 ergo
601 1705 658 1742 vel
679 1705 744 1755 qui
764 1705 896 1742 saltem
918 1717 966 1742 ex
986 1704 1032 1742 iis
1048 1705 1210 1756 patriam
1228 1704 1400 1743 indolem
1420 1705 1590 1744 retinue-

105 1780 203 1818 rant,
217 1772 501 1823 nullaunquam
519 1772 714 1816 literatura
728 1773 848 1824 gavisi
869 1781 959 1810 sunt
976 1772 1048 1810 nisi
1066 1785 1192 1821 sacra,
1216 1782 1281 1811 aut
1296 1786 1315 1810 a
1336 1774 1476 1811 sanctis
1495 1759 1608 1812 viris·

105 1826 287 1874 eorumre
312 1836 467 1874 nomine
496 1836 652 1887 scripta,
671 1836 720 1874 ad
751 1849 878 1874 sacras
908 1849 970 1874 res
995 1845 1194 1874 sanctosve
1226 1838 1330 1874 viros
1350 1837 1584 1888 pertinente,

104 1900 200 1938 Inde
214 1900 428 1938 necessario
447 1895 575 1939 evenit
599 1909 640 1938 ut
656 1909 762 1938 extra
785 1900 904 1938 divini
926 1901 1084 1938 canonis
1107 1900 1222 1939 libros
1237 1901 1364 1939 nullus
1387 1902 1464 1939 sere
1480 1900 1586 1952 apud

105 1977 172 2002 eos
191 1964 262 2002 nisi
277 1963 562 2015 pseudonymus
575 1973 642 2002 aut
662 1964 1019 2016 pseudepigraplius
1035 1965 1073 2003 in
1091 1965 1214 2003 lucem
1232 1965 1434 2016 prodierit.
1455 1966 1589 2016 Neque

105 2042 236 2067 recens
257 2029 289 2067 is
318 2042 399 2067 mos
427 2043 491 2067 seu
516 2030 644 2067 verius
666 2044 709 2067 ea
732 2030 792 2067 lex
822 2031 907 2069 suit.
942 2031 1035 2069 Nam
1063 2030 1179 2081 paulo
1203 2039 1290 2081 post
1314 2029 1584 2080 Babylonia-am

103 2094 376 2145 captivitatem,
395 2094 546 2141 Esdras,
564 2094 737 2132 Juda'icae
753 2094 919 2132 civitatis
932 2095 1144 2141 restitutor,
1167 2108 1286 2145 quum
1306 2095 1435 2132 titulos
1453 2108 1584 2132 omnes

101 2171 181 2196 suae
210 2159 333 2209 gentis
364 2158 559 2209 dispersos
594 2167 809 2210 temporum
842 2159 1059 2197 calamitate
1086 2160 1301 2210 colligeret,
1328 2159 1446 2198 libros
1476 2173 1584 2197 com·-

103 2236 254 2273 pnrasse
274 2223 395 2261 fertur
415 2236 517 2270 xciv,
533 2224 772 2261 authenticos
799 2237 936 2274 nempe
952 2237 1035 2261 xxu
1048 2255 1060 2273 ‚
1081 2224 1326 2276 apocryphos
1345 2238 1438 2262 vero
1457 2238 1582 2270 Lxxn,

101 2299 200 2336 quos
222 2300 354 2324 omnes
367 2287 416 2325 ad
443 2287 1006 2339 Ptolemaeum‘Philadelphum
1030 2289 1162 2326 missos
1185 2303 1205 2326 a
1227 2289 1370 2328 Judaeis
1386 2291 1500 2328 fuisse
1530 2290 1583 2327 ait

101 2351 356 2401 Epiphanius,
378 2352 427 2389 de
454 2352 577 2391 Mens.
603 2361 640 2390 et
668 2352 807 2398 I'ond„
831 2357 849 2399 S
869 2367 926 2391 10.
948 2353 1005 2391 Ex
1030 2353 1109 2391 istis
1135 2367 1262 2401 Lxxn,
1280 2354 1338 2391 vel
1363 2355 1429 2404 qui
1449 2363 1580 2405 postea

99 2414 147 2452 iis
166 2415 304 2466 adjecti
336 2424 447 2464 sunt,
468 2430 566 2468 quos
588 2417 728 2455 multos
759 2417 873 2454 fuisse
904 2430 981 2454 non
1012 2411 1257 2467 dubitamus,
1298 2417 1409 2468 pauci
1429 2418 1476 2455 ad
1511 2431 1580 2455 nos

97 2489 356 2530 pervenerunt
374 2489 462 2519 ante
488 2481 632 2519 Christi
653 2481 796 2519 natales
823 2481 1050 2532 compositi;
1080 2481 1256 2533 plerique
1281 2481 1400 2519 titulis
1432 2490 1578 2520 tantum

98 2544 320 2595 superstites
346 2554 512 2593 manent,
529 2555 572 2584 ut
591 2545 769 2585 videlicet
789 2546 927 2585 Adami
952 2546 1050 2596 Vita,
1069 2559 1134 2584 seu
1153 2559 1239 2597 quae
1260 2545 1420 2584 sortasse
1445 2547 1578 2584 eadem

100 2617 172 2656 est,
196 2609 425 2648 Poenitentia
457 2609 609 2657 Adami,
633 2610 859 2648 vra-dicatio
875 2611 1025 2658 Νοὲιηί,
1044 2612 1331 2650 Testamentum
1364 2611 1478 2648 trium
1513 2625 1578 2663 pa·

100 2673 372 2723 trial-charum,
393 2674 572 2713 Precatio
596 2675 771 2725 Josephi,
790 2675 907 2713 Mosis
925 2676 1150 2726 assumptio,
1165 2684 1256 2723 etc„
1276 2679 1346 2714 e'tc.
1367 2676 1466 2714 lllud
1486 2689 1578 2714 vero

95 2737 199 2776 circa
232 2736 455 2789 apocrypha
484 2738 666 2784 studium,
686 2752 804 2790 quum
826 2753 1021 2791 nunquam
1041 2740 1272 2788 refrixisset,
1302 2740 1428 2791 primo
1447 2749 1483 2778 et
1512 2754 1574 2778 se-

67 2802 222 2840 ‘cundo
243 2812 330 2853 post
352 2803 546 2842 Christum
577 2804 725 2842 saeculis
760 2805 924 2844 maxime
958 2805 1117 2844 incaluit
1141 2805 1244 2856 apud
1280 2819 1347 2844 cos
1383 2807 1578 2857 praecipue
