1686 3500
670 181 976 230 EXCURSUS
1014 181 1066 226 V.
1194 204 1197 207 ·
1292 205 1294 207 ·
1381 223 1389 235 .
1509 181 1598 227 401

128 287 261 340 aliquis
279 286 440 336 ingene,
457 290 496 321 et
515 281 684 332 Marsyas
705 288 886 332 tanquam
907 291 1063 331 magnus
1090 277 1213 317 amnis
1237 277 1465 329 celebretur,
1486 278 1553 319 lib.
1572 280 1607 327 l,

131 367 164 392 v.
183 351 274 398 26¹,
293 361 392 399 sqq.;
415 346 520 398 quod
542 353 774 395 utrumque,
802 344 901 383 dicet
932 343 1083 396 aliquis,
1115 342 1289 395 Phryges
1306 357 1439 383 omnes
1471 343 1609 383 salsum

129 428 210 456 esse
241 420 395 459 non-ant,
425 424 549 463 eoque
578 409 705 449 minus
729 408 846 460 aequis
871 407 1031 447 auribus
1051 406 1247 459 accepturi
1265 415 1386 446 erant.
1409 409 1489 447 lmo
1509 408 1612 448 favet

130 482 203 519 hoc
231 487 373 516 nostrae
405 475 658 527 conjecturae,
686 474 777 524 quia
807 480 1034 510 consuetum
1071 478 1128 509 est
1159 470 1370 522 unicuique
1397 471 1544 510 nationi
1571 479 1611 510 et

131 542 275 583 civitati
310 554 377 580 sua
413 539 563 587 mirari,
591 537 773 584 laudare,
796 537 1066 588 laudandoque
1085 535 1317 588 amplificare
1346 549 1355 573 ε
1389 535 1490 574 unde
1522 536 1613 589 ipsis

130 607 366 647 Celaenarum
397 604 533 644 incolis
564 611 713 654 gratum
747 602 828 639 sore
857 615 936 639 non
963 600 1154 638 dubitavit
1188 599 1263 637 Dio
1288 599 1486 651 Chrysost.
1516 609 1613 640 orat.

132 671 282 719 XXXV,
300 679 390 709 tom.
406 669 454 716 ll,
474 682 512 719 p.
535 668 601 716 68,
620 666 680 706 ed.
698 666 848 711 Reisk„
866 666 911 711 si,
933 664 1185 716 praesentibus
1204 664 1249 702 iis
1268 664 1613 716 audientibusque,

133 737 301 787 Marsyas
325 734 424 772 idem
446 733 507 771 ille
525 740 563 770 et
592 739 777 783 cognatus
799 731 835 769 ei
854 727 1216 776 Maeantler„ambo
1246 742 1294 767 ex
1321 729 1494 781 ipsorum
1517 729 1615 768 urbe

132 800 298 844 oriundi,
318 798 478 850 pusillus
498 797 596 835 ulter
619 804 790 834 etcursu
813 795 1075 840 brevissimus,
1094 794 1191 832 alter
1209 806 1396 844 uquarum
1417 794 1518 832 mole
1541 794 1611 832 mi-

132 865 232 903 nime
254 862 457 912 notandus,
478 870 657 913 tanquam
677 860 832 898 maximi
851 873 980 898 amnes
996 857 1313 911 praedicarentur,
1329 860 1398 897 τῶν
1415 860 1610 910 ποταμῶν,

134 929 277 981 inquit,
296 930 328 967 οἱ
355 926 513 979 μέγιστοι
532 924 592 964 καὶ
613 924 952 978 πολυωφελέστατοι.

832 1089 920 1098 —-

137 1194 246 1235 CAP.
264 1194 336 1234 Xl.
356 1197 414 1232 De
433 1193 604 1232 versc’bus
631 1193 886 1242 Plzocylidee's
881 1193 1056 1230 secundo
1073 1191 1168 1230 libro
1190 1197 1353 1241 Insertt‘s,
1373 1192 1558 1244 obiterque
1577 1195 1625 1232 de

611 1262 689 1309 ipso
713 1258 945 1306 Plcocylt’deo
969 1259 1146 1297 carmine.
1425 1271 1433 1280 ⁴

189 1383 332 1433 Modo,
353 1396 440 1434 cap.
469 1396 530 1431 10,
544 1396 662 1434 quum
692 1382 740 1421 de
757 1381 895 1421 librisl
920 1390 957 1420 et
977 1382 1011 1421 ll
1036 1381 1340 1433 disputaremus,
1361 1382 1566 1435 multaque*
1583 1383 1622 1423 in

139 1450 184 1490 ils
203 1464 224 1489 e
252 1449 388 1489 ceteris
414 1447 612 1499 Sibyllinis
631 1448 861 1501 compilata,
880 1448 1057 1500 quaedam
1079 1448 1192 1486 etiam
1212 1462 1259 1487 ex
1289 1448 1480 1498 Hesiodo,
1507 1458 1625 1502 atque

140 1517 224 1555 aliis
243 1513 466 1554 auctoribus
479 1514 680 1566 desumpta
693 1522 930 1562 notaremus,
947 1513 1222 1565 Phocylideum
1238 1513 1624 1566 fragmentum,quod

141 1580 239 1619 libro
262 1580 299 1620 11
321 1588 406 1632 post
425 1592 576 1618 versum
605 1579 651 1618 55
674 1579 860 1617 insertum
882 1579 1036 1630 legitur,
1056 1578 1238 1616 omissum
1259 1578 1307 1617 ad
1339 1587 1512 1631 tempus,
1531 1579 1622 1654 quia
1665 1581 1669 1585 '

142 1646 311 1698 longiore
327 1644 591 1684 eontroversia
611 1658 655 1681 e«
635 1642 764 1696 t;,cbat
782 1643 820 1681 in
838 1643 913 1681 hoc
930 1651 1048 1695 caput
1064 1644 1354 1684 reservavimus.

192 1711 351 1750 Constat
368 1708 463 1748 illud
479 1709 734 1761 fragmentum
753 1709 927 1747 versibus
942 1722 1042 1746 xcm
1055 1737 1065 1757 ,
1086 1709 1272 1760 gnomicis
1290 1707 1469 1748 omnibns
1482 1723 1527 1749 ac
1542 1710 1626 1763 ple·

143 1776 266 1828 risque
294 1774 561 1825 Phoeylideis,
597 1787 666 1812 nec
686 1774 842 1825 passim,
871 1773 938 1812 scd
959 1787 1003 1812 ex
1028 1773 1140 1811 initio
1162 1773 1402 1825 potissimum
1431 1774 1624 1831 decerptis

140 1846 314 1885 carminis
330 1845 432 1884 illius
452 1843 614 1882 suasorii
626 1845 864 1891 ,vononem-mov,
881 1843 985 1894 quod
1002 1843 1073 1881 sub
1090 1843 1247 1881 nomine
1267 1843 1502 1895 Pliocylidis,
1520 1845 1624 1884 anti-

141 1910 309 1963 quissimi
327 1918 468 1961 poetae,
498 1917 606 1947 sexto
626 1917 713 1946 ante
733 1908 931 1946 Christum
952 1908 1091 1947 saeculo
1117 1908 1302 1956 viventis,
1322 1909 1440 1948 hodie
1455 1910 1623 1949 circnm-

141 1977 278 2016 sertur.
296 1976 420 2014 Porro
440 1973 543 2025 apud
566 1972 749 2024 Sibyllam
768 1973 1078 2024 interpolationis
1105 1972 1323 2023 suspicione
1353 1973 1503 2011 laborat
1518 1974 1623 2026 apud

143 2040 279 2078 multos
310 2039 484 2090 gnomica
515 2038 580 2076 illa
600 2037 809 2089 digressio,
844 2048 1024 2088 tanquam
1058 2050 1137 2074 non
1162 2050 1183 2074 a
1215 2037 1391 2087 primarii
1419 2036 1623 2088 Sibyllistae

142 2118 253 2142 manu
269 2104 463 2155 profecta,
479 2102 545 2141 sed
561 2102 714 2140 aliunde
729 2103 806 2140 huc
821 2103 991 2153 invecta,
1015 2100 1052 2139 1⁰
1065 2101 1169 2153 quod
1186 2110 1320 2153 aperte
1335 2101 1624 2152 Phocdeeam,

142 2183 215 2207 non
241 2168 468 2220 Sibyllinam
490 2168 630 2219 prodat
645 2167 855 2219 originem3
885 2165 926 2204 2⁰
954 2167 1061 2218 quod
1081 2166 1217 2205 seriem
1240 2167 1534 2218 praedictionum
1557 2169 1622 2208 Si-

141 2234 370 2285 byllinarum
390 2233 486 2271 male
505 2232 735 2284 abrumpere
758 2233 952 2279 videatur3
977 2231 1019 2270 3⁰
1043 2232 1146 2283 quod
1167 2232 1293 2270 necin
1310 2231 1489 2271 omnibus
1511 2233 1624 2272 codi-

143 2299 248 2337 cibus
266 2299 418 2350 scriptis
441 2311 511 2336 uec
531 2299 568 2335 in
592 2298 703 2336 editis
723 2297 904 2336 omnibus
923 2298 1072 2348 legatur
1123 2297 1257 2336 deerat
1275 2297 1375 2335 enim
1397 2297 1434 2335 in
1460 2298 1622 2336 Betuleii

143 2373 180 2402 et
206 2364 433 2403 Cas-talionis
461 2363 722 2412 editionibus,
750 2363 797 2402 ab
828 2364 1023 2415 Opsopoeo
1052 2363 1217 2414 primum
1247 2372 1399 2415 reperta
1433 2363 1471 2401 in
1503 2364 1620 2416 Regio

143 2430 290 2476 codice,
319 2429 367 2467 ab
384 2442 508 2481 eoque
526 2430 651 2480 primo
674 2428 817 2480 publici
835 2429 932 2480 juris
954 2429 1073 2477 sucta,
1093 2442 1163 2467 nec
1184 2437 1308 2465 tamen
1328 2427 1454 2465 statim
1474 2428 1513 2465 in
1534 2428 1622 2480 ipso

142 2493 327 2544 Sibyllino
358 2503 483 2543 textu,
511 2494 576 2532 sed
612 2502 698 2544 post
736 2502 877 2532 textum
905 2493 1131 2544 separatim3
1165 2505 1186 2530 a
1212 2493 1356 2545 Gullaeo
1388 2491 1542 2530 demum
1580 2493 1620 2531 in

143 2568 283 2597 textum
304 2568 456 2611 recepta
480 2567 594 2611 atque
617 2559 654 2596 in
674 2572 777 2609 eum,
800 2572 913 2610 quem
933 2571 1036 2596 nunc
1055 2557 1187 2606 habet,
1207 2571 1400 2609 quemque
1428 2557 1466 2595 in
1487 2557 1620 2596 codice

144 2624 287 2672 babuit,
304 2624 429 2663 locum
448 2625 635 2663 restituta.

195 2688 269 2727 Sed
303 2689 386 2728 leve
405 2698 462 2728 est
487 2687 673 2727 indicium
696 2688 802 2740 quod
828 2702 848 2727 e
878 2687 1135 2740 quorumdam
1163 2687 1339 2726 codicum
1369 2687 1505 2725 lacuna
1533 2686 1642 2743 duci·

143 2761 291 2804 potest,
319 2768 438 2806 quum
469 2754 625 2794 eosdem
653 2768 785 2793 versus
808 2755 980 2806 integros
1016 2768 1085 2792 suo
1112 2755 1199 2791 loco
1234 2752 1441 2791 exhibeant
1468 2752 1621 2792 codices

142 2831 220 2855 non
246 2831 336 2856 sane
355 2819 581 2867 deteriores,
603 2820 647 2858 R.
679 2819 721 2857 L.
743 2820 782 2859 F.
806 2819 880 2866 Qui
903 2828 1027 2857 tamen
1059 2831 1192 2856 omnes
1211 2818 1259 2856 ad
1283 2817 1491 2868 marginem
1515 2818 1621 2856 indi-

144 2881 456 2933 czinsssmgmenti
476 2884 685 2937 originem,
710 2883 840 2923 addito
864 2883 1017 2922 nomine
1048 2882 1266 2922 ψωκυλίδιω
1295 2882 1354 2921 vel
1379 2881 1614 2921 Φωκυλίδουι

309 2949 382 2993 ΙΙΙ.
858 2980 860 2982 -
1294 2946 1302 2953 ’
1367 2944 1426 2993 26
