1752 3495
90 202 187 248 236
462 199 545 245 AD
578 198 920 245 SlBYLLINOS
957 197 1161 243 LIBROS

90 297 227 336 animis
249 296 450 345 insideret,
467 305 504 334 et
521 296 685 336 Romani
701 296 940 349 de-Cumano
969 308 1060 346 agro
1081 307 1146 333 seu
1164 307 1232 347 per
1251 307 1291 333 se
1309 295 1382 346 ipsi
1401 310 1463 336 seu
1482 314 1547 351 per

92 361 287 400 insulanos
309 361 432 400 socios
452 361 676 413 occupando
698 362 932 411 cogitarent:
959 373 1044 410 quae
1061 359 1187 397 omnia
1212 371 1370 409 prorsus
1387 374 1408 400 a
1432 363 1551 403 Grac-

90 425 252 463 chorum
270 423 504 475 temporibus
522 425 644 463 aliena
661 433 760 468 sunt,
771 423 966 473 multoque
983 423 1059 461 sint
1079 423 1297 473 antiquiora
1316 436 1466 464 necesse
1482 438 1548 468 est.

92 488 142 527 Et
163 501 264 527 anno
286 488 439 539 quidem
468 497 554 540 post
576 488 718 529 Urbem
739 476 932 524 conditam
956 500 1119 534 cnxvnr,
1138 487 1309 526 Romana
1336 488 1463 538 civitas
1482 493 1553 531 Cu.

91 553 211 590 manis
226 565 403 590 concessa
423 561 499 599 est,
516 561 608 590 teste
627 551 756 601 Livio,
775 551 878 597 vm,
900 555 919 598 ς
937 557 994 599 14,
1013 564 1093 602 quae
1118 540 1422 602 postea-hostilis
1453 562 1550 594 terra

90 616 166 654 ‹lici
193 616 345 654 minime
365 617 505 666 potuit.
526 612 702 653 'Anterius
726 628 819 665 ergo
844 614 1063 652 habendum
1084 623 1139 652 est
1155 615 1228 652 lioc
1247 616 1459 656 oraculum.
1478 620 1548 658 Ve-

91 692 175 718 rum
193 690 302 718 antea
324 681 426 718 nulla
441 692 547 730 paene
565 692 622 716 res
639 679 816 717 Romanis
830 692 916 716 cum
931 679 1072 718 Graecis
1095 678 1344 726 interfuerat,
1365 680 1434 717 nisi
1453 684 1550 732 quod

90 756 192 782 anno
209 758 298 792 cnx,
318 757 384 782 ora
405 743 498 781 Latii
515 755 536 780 a
555 742 695 781 Graecis
715 742 844 792 piratis
858 742 1015 794 impune
1035 742 1183 793 direpta
1202 742 1349 789 suerat,
1372 743 1453 785 Liv,
1470 747 1548 795 Vll,

91 808 154 855 25,
172 821 229 858 sq.
246 807 338 846 Inde
352 820 426 844 non
449 807 543 844 male
560 806 783 856 conjicimus
803 806 903 844 circa
919 806 1014 844 illud
1033 816 1200 857 tempus,
1217 806 1441 857 Sibylliuuiu
1462 822 1550 859 pro-

91 873 297 923 mulgatum
314 871 426 908 fuisse
441 884 672 922 responsum.
688 872 809 910 Porro
828 872 960 909 tertius
979 871 1026 909 ab
1047 872 1112 909 illo
1126 884 1245 908 annus
1261 885 1370 908 covn
1384 876 1550 913 consules

91 937 256 976 ostendit
274 937 316 976 C.
334 937 524 975 Plautium
546 938 746 988 llypsaeum
771 938 1012 984 Vennonem,
1026 938 1070 976 T.
1091 937 1276 975 Manlium
1296 937 1549 989 Torquatum,

91 1003 259 1040 diversos
287 1015 376 1040 sane
404 1017 423 1040 a
448 1003 671 1054 Phlegontis
696 1002 862 1050 indicio,
891 1004 942 1040 ita
973 1012 1098 1040 tamen
1130 1011 1170 1040 ut
1201 1003 1374 1040 Plautius
1403 1003 1549 1053 quidam

91 1068 275 1118 Hypsaeus
293 1067 495 1118 utrobique
512 1068 736 1118 reperiatur.
756 1067 856 1113 Quid
874 1067 906 1106 si
921 1067 1401 1117 Carminius,Phlegontis
1414 1077 1551 1116 auctor,

89 1131 286 1169 oraculum
305 1131 589 1180 hoc,incertum
608 1130 674 1168 ubi
694 1131 978 1181 autquomon
998 1140 1191 1182 repererat
1203 1144 1286 1168 cum
1304 1133 1458 1181 praefixo
1476 1142 1551 1171 tau—

88 1199 170 1234 tum
187 1195 326 1234 Plautii
347 1196 496 1245 Hypsaei
515 1195 688 1242 nomine,
710 1196 790 1239 cui,
809 1195 899 1233 dum
923 1195 1143 1245 diligentior
1159 1208 1241 1232 esse
1255 1195 1352 1242 vult,
1375 1196 1547 1246 collegam

92 1258 249 1296 fortasse
264 1258 311 1296 de
330 1271 398 1296 suo
415 1258 562 1296 dederit
579 1258 692 1295 alium
708 1272 819 1309 quam
840 1257 1054 1309 oportebat,
1072 1258 1211 1309 rejecta
1232 1259 1284 1295 sic
1306 1259 1418 1307 hujus
1443 1263 1549 1301 totius

90 1321 231 1372 negotii
251 1323 442 1360 mentione
458 1321 506 1359 ab
526 1336 625 1359 anno
641 1335 751 1359 cnvu
768 1322 814 1359 ad
836 1335 976 1360 annum
997 1322 1281 1369 ncxxix?Quid
1300 1322 1330 1360 si
1353 1324 1490 1362 XVviri
1504 1325 1547 1364 ab

91 1389 259 1437 Augusto
275 1387 458 1432 consulti,
479 1400 525 1424 ex
542 1386 725 1424 industria
741 1387 1003 1424 confusionem
1023 1386 1121 1424 hanc
1141 1387 1338 1424 nominum
1355 1396 1391 1424 et
1409 1396 1548 1440 tempo-

89 1463 172 1488 rum
196 1451 445 1498 invexerunt,
470 1460 511 1489 ut
533 1451 697 1502 principi
717 1459 1000 1489 assentarentur
1019 1451 1128 1488 ludos
1143 1451 1350 1490 Saeculares
1373 1465 1549 1490 renovare

91 1517 259 1554 molienti
274 1530 375 1554 anno
393 1526 478 1567 post
493 1516 636 1556 Urbem
652 1516 843 1554 conditam
859 1516 1270 1554 nccxxxv11?1t1ulu=m
1287 1515 1388 1554 enim
1406 1516 1547 1555 illorum

90 1581 279 1620 referebat
306 1581 453 1633 priores
489 1581 597 1619 ludos
622 1581 723 1619 circa
753 1594 894 1619 annum
922 1594 1080 1618 ncxxvu
1102 1580 1311 1618 celebratos
1345 1581 1478 1629 fuisse,
1511 1591 1549 1620 ut

88 1645 252 1697 spatium
270 1645 348 1683 sere
369 1659 417 1683 cx
437 1658 624 1683 annorum
644 1646 745 1683 inter
764 1654 947 1696 utrosque
972 1645 1181 1684 interesset.
1204 1645 1252 1683 Et
1269 1645 1427 1684 fortasse
1442 1646 1547 1685 Phle-

88 1722 165 1760 gon
184 1709 282 1760 ipse,
302 1709 559 1760 chronologias
575 1709 841 1760 peritissimus,
864 1722 1032 1748 errorem
1050 1708 1306 1747 subodoratus
1324 1719 1420 1756 erat,
1438 1724 1545 1761 quum

88 1782 282 1812 auctorem
302 1773 350 1812 de
369 1787 412 1811 ca
434 1787 475 1812 re
499 1786 609 1812 suum
627 1773 838 1821 indicaret,
858 1787 934 1812 non
951 1773 1032 1812 sine
1052 1774 1181 1825 aliqua
1201 1774 1429 1825 suspicionis
1442 1785 1546 1821 nota,

89 1837 179 1877 κατὰ
196 1837 321 1884 Σέξτον
339 1839 542 1891 Καρμίνιον.

142 1904 219 1944 Nos
244 1903 396 1955 quidem
426 1903 491 1942 illo
517 1917 617 1942 anno
644 1917 754 1942 cnvu
783 1903 914 1942 datum
936 1903 1007 1942 hoc
1026 1917 1251 1955 responsum
1276 1905 1544 1952 existimamus,

61 1964 205 2020 'quum
224 1969 395 2015 Romani,
419 1968 588 2006 nondum
608 1978 649 2007 ut
670 1969 903 2008 Gracchanis
930 1970 1165 2019 temporibus
1191 1978 1460 2021 praepotentes,
1477 1971 1546 2008 imo

88 2047 137 2071 ne
152 2034 261 2072 Latio
277 2033 429 2084 quidem
450 2033 609 2071 multum
623 2033 777 2085 egressi,
789 2033 931 2072 Latinis
953 2042 1075 2071 tamen
1091 2024 1399 2085 Volscisque-jam
1417 2035 1547 2086 perdo-

89 2098 203 2144 mitis,
222 2098 496 2149 Campanisque
515 2099 552 2137 in
572 2098 685 2136 fidem
705 2112 769 2137 seu
790 2099 916 2150 potius
930 2098 1114 2137 ditionem
1135 2113 1238 2137 suam
1262 2100 1437 2150 receptis,
1459 2100 1547 2137 ultra

84 2161 163 2213 jam
192 2162 365 2214 proferre
389 2163 636 2213 cupiditatem
661 2171 698 2200 et
733 2163 1007 2201 maritimarum
1029 2163 1128 2201 circa
1145 2164 1387 2215 Campaniam
1407 2163 1547 2202 urbium

89 2227 317 2265 commercio
351 2235 465 2278 atque
497 2226 636 2279 opibus
674 2227 844 2267 invidere
881 2236 1087 2279 coeperant.
1129 2228 1215 2273 Quo
1247 2236 1418 2279 tempore
1451 2240 1548 2277 quae-

88 2305 176 2331 nam
208 2293 320 2331 suerit
345 2294 601 2331 Cumanorum
623 2293 789 2332 conditio
819 2307 894 2331 non
921 2294 1010 2332 satis
1037 2302 1143 2331 certo
1164 2293 1360 2341 novimus3
1387 2293 1546 2330 divinare

90 2365 217 2395 tamen
241 2371 454 2408 possumus.
475 2360 568 2397 Nam
592 2371 708 2410 quum
738 2358 803 2396 diu
822 2359 861 2396 in
891 2372 958 2397 ora
986 2359 1100 2396 maris
1128 2358 1208 2410 ejus
1229 2358 1333 2409 quod
1360 2358 1547 2404 accolunt,

89 2421 249 2459 multum
266 2421 382 2460 classe
401 2424 624 2473 potuissent,
643 2431 684 2460 ut
703 2422 755 2460 ait
776 2422 921 2470 Livius,
939 2422 1043 2469 Vlll,
1063 2422 1166 2471 522,
1186 2430 1297 2473 capta
1316 2435 1445 2460 eorum
1464 2419 1545 2458 urbs

87 2496 111 2521 a
130 2485 332 2537 Campanis
362 2486 485 2523 fuerat
508 2499 609 2523 anno
636 2494 723 2537 post
745 2485 838 2525 Urb.
859 2485 970 2524 cond.
999 2498 1210 2531 cccxxxvi,
1238 2485 1397 2524 docente
1421 2483 1545 2522 eodem

92 2549 214 2598 Livio,
235 2552 296 2600 lV,
311 2555 329 2599 S
345 2557 409 2599 44,
429 2560 542 2603 atque
560 2552 696 2590 exinde
714 2553 906 2604 Campana
922 2551 979 2590 vel
998 2552 1095 2590 Osca
1115 2552 1246 2590 civitas
1267 2566 1288 2590 e
1305 2553 1435 2590 Graeca
1459 2552 1547 2588 facta

90 2612 225 2661 fuerat,
250 2624 289 2653 ut
303 2629 350 2654 ex
369 2616 486 2668 ipsius
501 2616 626 2655 verbis
643 2616 787 2655 discere
803 2625 883 2655 est:
903 2634 918 2650 a
941 2616 1104 2665 Eodem,
1124 2617 1263 2668 inquit,
1283 2631 1382 2655 anno
1401 2630 1422 2654 a
1443 2616 1549 2653 Cam-

88 2696 105 2713 «
130 2679 239 2730 panis
255 2680 396 2728 Cumae,
413 2694 527 2732 quam
543 2681 666 2720 Graeci
685 2691 764 2720 tum
781 2680 917 2719 urbem
933 2680 1129 2729 tenebant,
1155 2682 1368 2733 capiuntur.
1384 2698 1398 2714 ιι
1420 2678 1550 2718 Confer

89 2741 215 2780 Strab.
237 2742 302 2781 liv.
320 2743 365 2791 V,
388 2757 423 2795 p.
446 2745 534 2793 243,
554 2754 592 2783 et
611 2745 724 2784 Diod.
746 2746 823 2785 Sic.
846 2745 933 2784 libri
955 2745 1038 2793 xil,
1057 2746 1159 2796 §763
1185 2747 1301 2784 Dion.
1324 2745 1400 2783 llal.
1422 2745 1547 2793 fragm.

91 2814 116 2844 t.
139 2808 198 2856 lv,
221 2821 261 2858 p.
279 2809 394 2856 2318,
411 2808 606 2848 ed.Reisk.
621 2810 762 2849 Mansit
780 2824 871 2863 crgo
894 2810 946 2848 ibi
967 2810 1158 2863 Campana
1179 2811 1344 2858 colonia,
1366 2808 1431 2848 scd
1454 2805 1548 2845 anti-

90 2885 165 2922 quo
196 2886 300 2912 more
325 2872 424 2924 juris
453 2875 511 2913 sui
542 2888 708 2927 compos.
743 2876 872 2927 ltaque
906 2876 1115 2914 Cumanum
1146 2890 1276 2927 agrum
1311 2889 1330 2913 a
1363 2875 1546 2924 Campano
