1686 3500
59 198 153 243 428

95 297 337 342 Laclanee'us,
352 297 439 335 Dio.
470 299 564 338 lust.
585 297 650 338 lib.
677 302 714 348 1,

327 373 411 410 cap.
441 360 479 402 6.

107 422 257 461 Sextum
270 423 450 470 Samiam,
468 424 516 463 de
530 439 604 477 qna
623 428 754 467 scribit

61 485 364 527 Eratosthenes
354 501 392 527 m
420 489 584 541 antiquis
607 493 753 531 annali-

55 548 127 588 bus
147 551 362 591 Samiorum
389 554 576 604 reperisse
599 568 640 594 se
659 556 753 594 scri-

23 618 25 621 “
55 621 180 665 ptum.

105 677 314 730 Septimam
340 679 571 729 Cumanam,
599 683 751 721 nomine

54 742 291 781 Amaltheam
305 772 318 791 ‚
339 758 425 796 quae
446 745 494 784 ab
511 747 593 784 aliis
614 748 750 785 Demo-

53 808 156 859 phile
183 810 244 849 vel
273 812 482 863 Herophile
510 813 749 860 nominatur,

51 885 212 925 eamque
229 887 366 914 novem
382 875 498 914 libros
517 877 686 914 attulisse
699 876 747 914 ad

51 938 301 989 Tarquinium
335 940 530 987 Priscum,
556 948 628 980 etc.
663 941 747 993 [Se-

50 1003 205 1053 quentia
218 1003 264 1042 de
275 1004 486 1055 Tarquinio
499 1005 630 1043 confer
647 1005 745 1044 infra

52 1075 136 1117 post
164 1067 295 1106 decem
316 1068 510 1121 SibyllasJ.

46 1161 48 1163 -
102 1131 285 1170 Octavam
334 1130 631 1185 Hellespontiam
647 1164 658 1185 ‚
708 1135 746 1173 in

50 1206 142 1245 agro
162 1187 331 1246 Trojano
358 1206 504 1245 natam,
533 1198 618 1235 vico
644 1198 748 1236 Mar-

50 1272 159 1309 pesso
173 1260 268 1311 [sic]‚
284 1261 384 1298 circa
401 1260 586 1312 oppidum
608 1262 746 1313 Gergi-

49 1322 189 1368 thium‚
224 1336 338 1374 quam
370 1324 500 1362 scribit
529 1325 746 1364 ueracudes

49 1388 229 1426 Ponticus
247 1390 398 1428 Solonis
419 1398 456 1428 et
477 1390 567 1441 Cyri
593 1399 743 1444 tempo-

48 1450 152 1490 ribus
172 1452 302 1494 fuisse.

98 1647 246 1684 Nonam
267 1646 489 1699 Phrygiam,
509 1661 594 1700 quae
618 1648 757 1702 vatici·-

44 1718 132 1748 nata
150 1710 198 1748 sit
217 1712 388 1762 Ancyrae.

97 1774 290 1813 Decimam
328 1774 528 1814 Tiburtem
542 1805 553 1824 ‚
588 1777 742 1816 nomine

42 1838 275 1887 A!buneam‚
304 1853 390 1891 quae
421 1841 560 1879 coiitur
589 1850 632 1880 ut
661 1843 741 1881 Dea

35 1902 148 1955 juxta
165 1904 267 1956 ripas
285 1903 407 1943 amnis
427 1904 593 1954 Anienis,
614 1912 687 1943 etc.

100 1995 217 2007 .....
228 1969 394 2020 Eamque
411 1967 504 2021 [non
522 1968 741 2022 Tiburtem,

43 2031 110 2071 sed
126 2033 351 2079 Cumanam,
372 2031 422 2070 de
439 2046 515 2083 qua
529 2032 660 2084 supra]
674 2046 741 2071 no·

41 2110 125 2135 vem
141 2097 261 2137 libros
270 2098 440 2137 attulisse
452 2097 500 2137 ad
517 2111 642 2150 regem
652 2099 741 2137 Tar·

41 2162 214 2214 quinium
233 2163 421 2210 Priscum,
442 2177 485 2201 ac
502 2177 575 2215 pro
594 2163 648 2201 eis
667 2172 742 2201 tre*-

41 2234 169 2264 centos
184 2226 402 2278 Philippeos
425 2227 633 2279 postulasse
647 2258 657 2276 ‚
686 2240 742 2265 re·

42 2302 204 2341 gemque
223 2298 486 2342 aspernatum,
506 2299 580 2330 etc.

442 199 522 243 ΑΙ)
549 200 898 249 SlBYLLlNOS
931 203 1139 249 LlBROS

824 305 1014 352 Anonymi
1030 301 1211 348 ProefiAtIo
1241 304 1295 340 ad
1306 302 1519 354 Sibyllina,

1178 381 1217 407 2.

874 429 990 476 Ἔκτη
1010 431 1083 476 ἡῗ
1053 367 1225 480 Σαμέία,’
1208 432 1230 477 ἠ
1249 431 1357 485 κυρίῳ
1377 430 1521 484 ὀνόματι

822 492 1017 543 καλουμένη
1045 492 1173 541 Φυτὼ,
1203 493 1281 547 περὶ
1308 490 1349 542 ἧς
1374 493 1520 547 ἔγραψεν

822 555 1085 608 Ἐρατοσθένης.

872 684 1033 738 Ἓόδόμη
1058 689 1080 734 ἡ
1105 686 1271 736 Κυμαία,
1299 691 1321 735 ἡ
1349 687 1519 739 λεγομένη

821 749 1007 799 Ἀμάλθεια
1031 750 1157 802 [codd.
1184 749 1368 804 Ἀμαλθία]
1383 781 1393 799 ,
1418 757 1440 799 ὴ
1462 753 1518 791 καὶ

818 810 991 866 Ἡροφίλη
1011 813 1139 865 [codd.
1160 812 1322 866 Ἔριφίλη
1347 815 1403 852 vel
1425 813 1522 868 ’Epo-

818 877 941 929 φίλη],
981 876 1076 930 παρὰ
1112 878 1149 916 δέ
1186 893 1257 917 τισι
1288 878 1519 932 Ταραξάνδρα

817 942 946 994 [codd.
985 942 1244 996 Παραξάνδρα]·
1281 944 1454 997 Βιργίλιος
1483 943 1518 983 δὲ

819 1005 879 1054 τὴν
897 1006 1062 1055 Κυμαίαν
1080 1006 1261 1060 Δηῖφόὸην
1279 1008 1391 1056 καλεῖ,
1410 1007 1521 1047 Γλαύ·

818 1084 879 1108 κου
898 1069 1082 1122 θυγατέρα.

835 1142 843 1150 “
871 1133 999 1185 Ὀγδόη
1020 1137 1041 1181 ἡ
1062 1133 1337 1183 Ἑλλησποντία,
1357 1138 1517 1188 τεχθεῖσα

818 1199 852 1236 ἐν
887 1198 989 1250 κώμῃ
1017 1198 1228 1252 Μαρμήσσῳ
1255 1199 1393 1251 [codex
1419 1214 1518 1238 unus

819 1262 1015 1316 Μαρμίσῳ]
1034 1262 1112 1314 περὶ
1130 1262 1192 1309 τὴν
1207 1262 1376 1316 πολίχνην
1400 1263 1520 1315 Γεργί-

817 1328 887 1363 Οιον
908 1326 1035 1377 [codd.
1054 1325 1288 1378 Γεργιτιόνοι],
1306 1325 1380 1373 ἥτις
1403 1327 1517 1378 ἐνορία

816 1387 900 1426 ποτὲ
916 1388 1081 1441 Τρωάδος
1105 1387 1357 1441 ἐτύγχανεν,ἐν
1388 1396 1520 1444 καιροῖς

817 1451 975 1497 Σόλωνος
1009 1452 1067 1492 καὶ
1110 1452 1247 1505 Κύρου,
1288 1455 1333 1497 ὡς
1371 1452 1516 1509 ἔγρᾳψεν

815 1515 1047 1569 Ἡρακλείδης
1067 1519 1086 1555 ὁ
1105 1517 1289 1561 Ποντικός.

867 1642 1021 1692 Ἐννοίτη
1037 1648 1059 1693 ἠ
1080 1646 1238 1699 Φρυγία.

864 1772 1003 1821 Δεκάτη
1018 1776 1040 1821 ἡ
1054 1773 1258 1826 Τιὸουρτία,
1275 1774 1419 1826 ὀνόματι
1437 1774 1527 1828 ‘Ax--

813 1837 955 1877 ὅουναία
976 1838 1105 1891 [codd.
1128 1839 1342 1892 Ἀὅουναία].

865 1966 962 2006 Φασὶ
980 1966 1016 2006 δὲ
1032 1969 1079 2012 ὡς
1089 1971 1111 2016 ἡ
1126 1968 1269 2020 Κυμαία
1282 1967 1379 2007 ἐννέα
1397 1968 1516 2020 βιὸλία

811 2034 984 2086 χρησμῶν
1002 2031 1097 2090 ἰδίων
1117 2032 1351 2086 προσεκόμισε
1369 2034 1514 2086 Ταρκυ-

812 2096 874 2149 νίῳ
890 2095 1055 2148 Πρίσκῳ,
1074 2095 1124 2150 τῷ
1142 2101 1331 2142 τηνικαῦτα
1353 2096 1515 2149 βασιλεύ-

812 2174 884 2198 οντι
892 2161 960 2198 τῶν
969 2158 1180 2211 Ῥωμαϊκῶν
1191 2160 1515 2214 πραγμάτων,τρια·

812 2223 948 2268 κοσίους
972 2222 1209 2267 Φιλιππαίους
1227 2223 1310 2276 ὑπὲρ
1332 2224 1444 2263 αὐτῶν
1459 2227 1514 2274 ζη-

812 2287 960 2335 τήσασα·
973 2291 1271 2342 καταφρονηῦεἶσα
1287 2288 1336 2335 δέ,
1350 2304 1382 2328 κ.
1393 2304 1424 2328 τ.
1435 2290 1467 2328 λ.

94 2419 229 2469 Porro,
257 2420 287 2458 si
305 2428 473 2472 quatuor
503 2420 567 2459 illa
592 2419 762 2472 quinque
781 2427 981 2460 auctorum
1010 2419 1225 2458 testimonia
1254 2418 1511 2470 conseramus,

42 2484 207 2536 primum
225 2486 327 2538 apud
343 2487 586 2538 Anonymum
610 2485 852 2538 praefatorem
873 2485 1120 2524 Lactantiana
1141 2498 1249 2537 paene
1278 2484 1406 2523 omnia
1427 2485 1513 2523 lite-

42 2549 153 2588 ratim
170 2563 347 2601 expressa
359 2552 593 2604 reperiemus
606 2580 617 2602 ‚
632 2550 726 2589 nihil
742 2551 820 2589 sere
831 2551 1026 2597 omissum,
1043 2563 1166 2601 pauca
1181 2549 1312 2588 addita
1323 2579 1334 2601 ,
1346 2563 1511 2600 quorum

41 2615 162 2653 sontes
179 2615 314 2666 partim
329 2616 467 2661 latent,
489 2616 627 2668 partim
648 2615 752 2654 haud
777 2615 932 2654 difficile
959 2614 1150 2665 indigitari
1171 2622 1332 2666 queunt.
1356 2614 1510 2666 Sibyllae

39 2691 191 2723 nomen,
223 2679 326 2729 quod
355 2679 574 2718 Lactantius
601 2694 686 2718 cum
708 2680 882 2718 Varrone
903 2679 1073 2718 aeolicum
1100 2680 1256 2726 fecerat,
1275 2679 1415 2718 Noster
1445 2681 1510 2732 ῥω-

39 2740 170 2793 μαῖκὴν
199 2741 288 2787 λέξιν
307 2752 442 2793 vocat,
464 2744 649 2782 incertum
684 2744 842 2782 latinam
874 2757 943 2787 an,
976 2756 1132 2781 suorum
1156 2751 1371 2795 temporum
1393 2756 1508 2788 more,

37 2820 196 2858 graecam
218 2808 431 2860 intelligens
451 2823 459 2846 z
483 2809 739 2847 Romanorum
769 2816 871 2847 certe
892 2808 1016 2860 iingua
1037 2808 1178 2846 aeolicae
1196 2807 1330 2846 affinis.
1351 2808 1509 2847 Persicae

38 2871 176 2910 deinde
205 2871 389 2911 Lactantii
414 2872 567 2924 Sibyllae
599 2872 814 2913 Chaldaeum
836 2872 937 2912 haud
956 2872 1086 2924 inepte
1107 2871 1323 2919 substituit,
1352 2871 1509 2923 ejusque
