1686 3500
447 111 463 132 Ι
949 113 967 138 θ

640 190 954 236 EXCURSUS
992 190 1066 234 vt.
1253 215 1288 252 .-
1371 193 1379 205 ‘
1438 207 1456 225 ·
1501 192 1594 238 529

119 292 252 334 Notat-i
272 291 387 332 etiam
410 277 569 329 velimu‘s
588 288 741 327 additos
765 287 987 340 prophetis,
1009 295 1191 341 tanquam
1210 288 1349 328 veteris
1381 289 1473 341 legis
1496 303 1598 329 mar-

119 368 243 410 tyres,
270 370 336 396 eos
356 356 421 409 qui
449 354 497 394 ab
535 352 704 392 Hebraeis
731 352 849 391 occisi
869 352 1090 404 perierunt,
1119 351 1180 391 καὶ
1208 352 1266 397 οὒς
1293 353 1397 394 ἔκταν
1420 353 1600 408 Ἓὸραῖοι.

119 436 156 461 v.
173 428 274 474 '2493
299 420 472 473 intellige
498 417 710 471 praesertim
735 417 962 456 Zachariam
991 416 1113 455 filium
1134 417 1329 456 Barachiae
1348 419 1516 458 occisum
1542 420 1600 458 in-

119 496 177 526 ter
200 488 382 539 templum
406 495 445 524 et
473 484 593 523 altare
614 483 788 536 (Matth.‚
811 495 896 533 cap.
917 482 983 530 23,
1004 495 1041 522 v.
1063 482 1148 532 35),
1173 492 1211 520 et
1237 483 1370 521 lsa'iam
1388 485 1495 535 jussu
1517 484 1603 524 Ma-

117 563 227 589 nasse
249 550 350 602 regis
372 549 496 601 lignea
515 559 619 584 serra
639 545 846 585 dissectum
869 544 1017 599 (confer
1040 544 1278 584 Anabaticon
1310 546 1415 586 Isaiae
1438 561 1602 600 apocry-

118 614 256 667 phum,
277 627 362 667 cap.
394 627 451 659 ιι,
469 619 581 656 extr..
601 620 638 649 et
654 611 721 662 qui
740 610 788 649 ad
805 610 909 648 illam
930 609 1177 648 traditionem
1198 621 1462 661 respexerunt,
1477 613 1600 652 Justi-

117 693 227 730 num,
238 680 460 731 Origenem‚
470 675 766 723 Tertullianum,
776 675 903 726 ipsum
919 674 1078 712 sortasse
1090 673 1220 712 divum
1233 674 1395 713 Paulum
1408 675 1457 713 ad
1472 677 1602 726 Helm,

116 758 201 796 cap.
226 758 335 796 11‚v.
357 744 439 795 37),
469 750 692 792 ceterosque
723 740 770 779 de
789 738 932 791 quibus
950 739 1134 790 scriptum
1159 738 1272 777 estin
1288 739 1487 791 evangelio
1506 741 1602 781 Mat·
1637 729 1641 734 ⁵

118 809 203 847 thaei
217 838 228 857 ,
261 809 332 847 loc.
366 821 482 859 supra
502 808 570 848 cit.
590 821 628 848 v.
656 807 703 855 37
724 825 733 848 ς
751 823 767 840 α
780 805 1018 854 Jerusalem,
1040 814 1126 855 quae
1144 803 1287 842 occidis
1315 804 1547 856 prophetas,
1565 817 1603 846 et

116 874 297 926 «lapidas
317 887 383 912 eos
403 873 469 925 qui
490 873 538 911 ad
560 882 594 911 te
611 872 713 910 missi
733 880 821 910 sunt
835 888 863 910 υ.
882 870 1071 911 Ultimum
1091 868 1328 917 notandum,
1350 883 1483 909 omnes
1513 872 1605 911 illos

115 940 182 991 qui
195 941 277 978 Deo
291 933 710 991 judicanti0assistunt,
731 936 837 988 prius
858 935 947 973 licet
974 934 1115 972 divinae
1134 933 1266 984 gloriae
1281 934 1361 986 jam
1381 945 1603 988 compotes,

119 1014 260 1053 tamen,
286 1014 328 1043 ut
346 1007 516 1048 ceteros,
537 1017 558 1041 e
579 1003 768 1055 sepulcris
797 1014 963 1052 corpora
985 1000 1158 1051 recipere
1175 1008 1266 1039 tunc
1283 999 1478 1053 debuisse,
1495 1003 1600 1054 quod

115 1071 271 1121 quidem
294 1079 426 1121 aperte
443 1069 491 1107 de
510 1068 618 1107 Mose
634 1067 856 1106 declaratur
876 1079 896 1103 a
912 1064 1107 1116 Sibyllista
1122 1093 1133 1113 ,
1152 1077 1192 1106 v.
1216 1065 1309 1116 256,
1330 1078 1387 1117 sq.
1405 1080 1414 1104 ε

272 1132 376 1180 “iliez
395 1132 455 1173 καὶ
474 1135 610 1179 Μωσῆς
626 1134 645 1170 ὁ
665 1130 774 1183 μέγας
794 1131 891 1183 φίλος
909 1129 1116 1182 Ύψίστοιο,

277 1198 419 1251 Σάρκας
440 1195 646 1247 δυσᾶμενος.

169 1266 241 1305 Hic
260 1264 400 1304 summi
415 1263 560 1315 judicis
577 1261 780 1300 comitatus
798 1260 891 1309 erit,
910 1260 972 1299 hic
991 1268 1219 1312 apparatus,
1239 1260 1489 1300 antecedente
1508 1271 1545 1301 et
1565 1263 1602 1301 in

114 1331 198 1370 caeli
221 1329 390 1368 nubibus
410 1320 639 1366 coruscante
661 1324 796 1365 Crucis
815 1326 948 1376 signo,
972 1324 1076 1376 quod
1106 1333 1144 1363 et
1172 1324 1357 1376 scriptum
1389 1334 1471 1365 erat
1496 1329 1600 1379 apud

114 1394 360 1442 Matthaeum,
381 1406 466 1444 cap.
489 1396 555 1440 24,
577 1404 616 1431 v.
639 1392 710 1429 30:
731 1407 746 1423 «ι
763 1389 811 1428 Et
827 1398 919 1428 tunc
940 1387 1092 1440 parebit
1107 1388 1256 1440 signum
1277 1389 1363 1428 Filii
1380 1389 1547 1430 hominis
1569 1409 1599 1431 ι.

113 1463 258 1513 Aperte
281 1460 394 1499 etiam
426 1458 502 1496 huc
531 1456 699 1508 pertinet
730 1454 911 1493 allocutio
939 1453 1128 1504 Sibyllina
1147 1453 1196 1491 ad
1224 1462 1395 1492 sanctam
1414 1456 1574 1495 Crucem

114 1524 184 1564 lib.
207 1525 280 1572 vl,
296 1537 334 1564 v.
355 1537 420 1574 27,
440 1536 498 1574 sq.
520 1537 529 1560 :

274 1589 355 1641 Οὐχ
370 1586 438 1633 ἔξει
458 1602 496 1626 σε
515 1583 629 1639 χθὼν,
650 1584 728 1623 ἀλλ’
750 1582 894 1637 οὐρανὸν
915 1576 1010 1621 οἷκον
1027 1580 1152 1635 ἐπόψει
1165 1613 1175 1632 ,

274 1652 390 1692 Ἥνίκ’
410 1652 450 1690 ἂν
467 1651 630 1704 ἀστράψῃ
649 1650 690 1688 τὸ
709 1648 785 1688 νέον
806 1650 899 1688 Θεοῦ
918 1647 1074 1701 ἔμπυρον
1093 1647 1210 1699 ὄμμα.

115 1721 201 1768 Qua
233 1719 281 1757 de
308 1731 349 1756 re
380 1730 511 1755 rursus
538 1711 613 1754 ¹nos
647 1713 792 1765 aliquid
823 1713 924 1750 infra
954 1726 1036 1764 cap.
1059 1713 1130 1759 3¹3
1167 1721 1205 1751 et
1225 1712 1365 1752 diserte
1391 1713 1439 1753 de
1460 1713 1596 1754 eodem

114 1791 342 1836 argumento
357 1781 582 1822 Vincentius
599 1778 905 1826 Bellovacensis,
933 1785 1114 1827 tanquam
1140 1777 1354 1827 pictoribus
1379 1787 1417 1817 et
1436 1779 1593 1818 artifici-

115 1847 190 1887 bus
216 1849 286 1887 aev'i
309 1848 369 1886 sui
390 1846 586 1885 materiem
612 1842 810 1896 praebens,
849 1843 962 1894 Spec.
985 1843 1070 1882 Nat.
1098 1841 1169 1883 lib.
1198 1843 1364 1893 XXXII,
1387 1857 1470 1897 cap.
1496 1846 1595 1885 105:

115 1931 130 1947 «ι
146 1913 335 1952 Dominus
354 1911 509 1964 quidem
531 1910 569 1947 in
589 1922 675 1947 aere
696 1906 901 1959 apparebit
926 1920 1044 1958 supra
1069 1907 1194 1945 locum
1217 1908 1320 1947 unde
1345 1910 1539 1959 ascendit3
1559 1920 1598 1950 et

116 1996 132 2013 α
148 1986 262 2016 erunt
278 1990 407 2015 coram
426 1989 492 2023 eo,
507 1984 686 2025 tanquam
705 1972 892 2023 triumphi
911 1972 1070 2018 vexilla,
1085 1977 1161 2010 suae
1183 1973 1316 2011 mortis
1332 1973 1600 2022 instrumenta,

114 2061 130 2078 a
146 2042 324 2081 videlicet
343 2055 439 2080 crux
456 2049 494 2079 et
513 2039 611 2078 clavi
633 2046 671 2077 et
690 2037 844 2088 lancea3
866 2036 969 2074 unde
983 2035 1075 2074 dicit
1090 2036 1389 2088 Chrysostomus
1407 2038 1510 2090 quod
1527 2053 1599 2078 an-

116 2126 131 2142 «
145 2107 219 2160 geli
232 2107 382 2159 signum
403 2104 529 2143 crucis
548 2102 707 2141 excelsis
724 2100 893 2138 humeris
915 2099 1148 2151 portabunt,
1169 2109 1207 2138 et
1227 2101 1375 2152 regium
1395 2102 1506 2141 nobis
1526 2103 1598 2142 ad-

118 2190 134 2207 «
150 2180 308 2211 ventum
333 2179 516 2219 tanquam
536 2167 677 2206 vexillo
698 2175 736 2204 et
759 2178 900 2217 pompa
926 2164 1044 2216 regali
1063 2164 1303 2216 praecedente
1322 2167 1568 2210 nuntiabunt.
1582 2187 1598 2204 u

167 2235 243 2275 Sed
274 2234 518 2284 addendum,
547 2231 651 2283 quod
673 2229 928 2281 scriptoribus
954 2238 992 2268 et
1023 2229 1233 2280 pictoribus
1262 2230 1387 2269 minus
1412 2241 1549 2271 notum
1576 2246 1598 2272 a

115 2301 320 2352 Sibyllistis
349 2300 424 2337 huc
447 2297 668 2349 profertur,
689 2295 793 2333 aliud
826 2294 995 2346 supremi
1011 2294 1151 2345 judicii
1175 2295 1471 2335 instrumentum
1492 2311 1500 2336 ι
1529 2311 1599 2337 co·-

115 2366 248 2404 lumna
269 2378 407 2416 nempe
427 2377 491 2401 seu
513 2362 622 2414 palus
637 2362 787 2412 ingens,
808 2373 930 2410 graece
949 2358 1048 2408 κίων,
1068 2373 1182 2410 quem
1201 2359 1332 2411 palum
1351 2361 1504 2413 igneum
1519 2364 1599 2402 sive

114 2430 269 2481 ignibus
302 2430 471 2467 cinctum
491 2440 657 2478 superne
678 2426 716 2463 in
738 2424 908 2463 nubibus
927 2424 1039 2475 defigi
1060 2432 1097 2462 et
1117 2424 1166 2462 ad
1193 2424 1377 2476 majorem
1408 2427 1598 2467 incutien-

115 2497 207 2536 dum
224 2497 393 2536 scelestis
413 2503 557 2533 metum
575 2492 759 2532 ostentari
776 2491 964 2540 videmus,
984 2491 1051 2529 lib.
1068 2491 1160 2537 Vll,
1179 2505 1218 2532 v.
1243 2492 1306 2542 25,
1325 2506 1410 2545 sqq.
1429 2507 1439 2532 t

329 2560 511 2615 Κρεμάσει
530 2558 565 2597 δὲ
587 2560 631 2597 δι’
652 2558 786 2609 αἰθέρος
804 2556 908 2602 ἄξονα
929 2556 1057 2608 μέσσον
1071 2586 1081 2605 ,

275 2625 406 2673 Στήσει
426 2626 456 2663 δ’
473 2624 687 2678 ἀνθρώποισι
708 2623 818 2674 μέγαν
839 2622 944 2674 φόὲἷον
961 2621 1064 2675 ὑψόσ’
1086 2621 1218 2661 ἰδέσθαι
1231 2653 1243 2675 ,

279 2689 390 2731 Κίονα
413 2688 588 2744 μετρήσας
608 2687 750 2741 μεγάλῳ
765 2687 868 2740 πυρὶ,
888 2681 926 2726 οὗ
949 2687 1160 2741 ῥαθάμιγγες

279 2754 485 2808 Ἀνθρώπων
500 2754 659 2793 ὀλέ-σουσι
672 2753 755 2805 γένη
768 2782 781 2803 ,
802 2752 894 2791 κακὰ
912 2750 1155 2799 δηλησάντων.

118 2822 223 2862 Idem
244 2822 374 2874 palus,
391 2829 429 2858 et
449 2820 607 2858 fortasse
636 2833 681 2857 ex
702 2818 835 2857 eodem
856 2817 945 2856 libri
964 2818 1116 2869 septimi
1136 2819 1223 2858 loco
1240 2818 1488 2872 desumptus,
1510 2821 1598 2861 item

119 2896 208 2927 aute
230 2886 396 2926 tribunal
418 2885 487 2924 Dei
508 2885 606 2937 <long
598 2885 699 2934 itur,
722 2883 823 2923 libro
843 2884 897 2932 ll,
915 2897 949 2922 v.
973 2888 1042 2928 πάι
1067 2899 1076 2922 :

252 2956 327 3000 111.
648 2991 653 2996 .
1381 2952 1437 3009 34
