<?xml version="1.0" encoding="UTF-8"?>
<!DOCTYPE html PUBLIC "-//W3C//DTD XHTML 1.0 Transitional//EN"
    "http://www.w3.org/TR/xhtml1/DTD/xhtml1-transitional.dtd">
<html xmlns="http://www.w3.org/1999/xhtml" xml:lang="en" lang="en">
 <head>
  <title>
</title>
<meta http-equiv="Content-Type" content="text/html;charset=utf-8" />
  <meta name='ocr-system' content='tesseract 3.04.00' />
  <meta name='ocr-capabilities' content='ocr_page ocr_carea ocr_par ocr_line ocrx_word'/>
</head>
<body>
  <div class='ocr_page' id='page_1' title='image "./excursusadsibyll00alexuoft_0485.png"; bbox 0 0 1686 3500; ppageno 0'>
   <div class='ocr_carea' id='block_1_1' title="bbox 135 185 1218 266">
    <p class='ocr_par' dir='ltr' id='par_1_1' title="bbox 135 185 1218 266">
     <span class='ocr_line' id='line_1_1' title="bbox 135 185 1218 266; baseline -0.003 -2"><span class='ocrx_word' id='word_1_1' title='bbox 135 220 230 265; x_wconf 71' lang='lat'>476</span> <span class='ocrx_word' id='word_1_2' title='bbox 519 220 595 264; x_wconf 72' lang='lat' dir='ltr'>An</span> <span class='ocrx_word' id='word_1_3' title='bbox 629 185 972 266; x_wconf 63' lang='lat' dir='ltr'>smumsos</span> <span class='ocrx_word' id='word_1_4' title='bbox 1007 217 1218 263; x_wconf 70' lang='lat' dir='ltr'>munos</span> 
     </span>
    </p>
   </div>
   <div class='ocr_carea' id='block_1_2' title="bbox 174 377 1583 482">
    <p class='ocr_par' dir='ltr' id='par_1_2' title="bbox 174 377 1583 482">
     <span class='ocr_line' id='line_1_2' title="bbox 174 377 1583 428; baseline -0.001 -10"><span class='ocrx_word' id='word_1_5' title='bbox 174 379 288 421; x_wconf 69' lang='lat' dir='ltr'><strong>CAP.</strong></span> <span class='ocrx_word' id='word_1_6' title='bbox 317 378 380 419; x_wconf 87' lang='lat' dir='ltr'>lx.</span> <span class='ocrx_word' id='word_1_7' title='bbox 409 381 466 417; x_wconf 82' lang='lat' dir='ltr'>De</span> <span class='ocrx_word' id='word_1_8' title='bbox 493 381 635 418; x_wconf 79' lang='lat' dir='ltr'>Messia</span> <span class='ocrx_word' id='word_1_9' title='bbox 657 379 855 417; x_wconf 78' lang='lat' dir='ltr'>secundum</span> <span class='ocrx_word' id='word_1_10' title='bbox 876 388 1017 417; x_wconf 77' lang='lat' dir='ltr'>veteres</span> <span class='ocrx_word' id='word_1_11' title='bbox 1037 378 1287 426; x_wconf 64' lang='lat' dir='ltr'>Christianos,</span> <span class='ocrx_word' id='word_1_12' title='bbox 1306 377 1492 428; x_wconf 71' lang='lat' dir='ltr'>obiterque</span> <span class='ocrx_word' id='word_1_13' title='bbox 1534 382 1583 416; x_wconf 81' lang='lat' dir='ltr'>de&#39;</span> 
     </span>
     <span class='ocr_line' id='line_1_3' title="bbox 626 445 1119 482; baseline -0.002 0"><span class='ocrx_word' id='word_1_14' title='bbox 626 446 925 482; x_wconf 81' lang='lat' dir='ltr'>Millenariorum</span> <span class='ocrx_word' id='word_1_15' title='bbox 938 445 1119 481; x_wconf 83' lang='lat' dir='ltr'>doctrina.</span> 
     </span>
    </p>
   </div>
   <div class='ocr_carea' id='block_1_3' title="bbox 35 578 1613 2957">
    <p class='ocr_par' dir='ltr' id='par_1_3' title="bbox 133 578 1608 695">
     <span class='ocr_line' id='line_1_4' title="bbox 190 578 1608 630; baseline 0.001 -13"><span class='ocrx_word' id='word_1_16' title='bbox 190 579 245 617; x_wconf 80' lang='lat' dir='ltr'>lta</span> <span class='ocrx_word' id='word_1_17' title='bbox 262 578 414 619; x_wconf 70' lang='lat' dir='ltr'>Judaeiz</span> <span class='ocrx_word' id='word_1_18' title='bbox 441 580 507 618; x_wconf 85' lang='lat' dir='ltr'>sed</span> <span class='ocrx_word' id='word_1_19' title='bbox 537 578 767 627; x_wconf 81' lang='lat' dir='ltr'>Christiani,</span> <span class='ocrx_word' id='word_1_20' title='bbox 800 589 841 617; x_wconf 91' lang='lat' dir='ltr'>ut</span> <span class='ocrx_word' id='word_1_21' title='bbox 863 592 977 630; x_wconf 87' lang='lat' dir='ltr'>supra</span> <span class='ocrx_word' id='word_1_22' title='bbox 1008 578 1197 626; x_wconf 80' lang='lat' dir='ltr'>diximus,</span> <span class='ocrx_word' id='word_1_23' title='bbox 1218 579 1266 617; x_wconf 89' lang='lat' dir='ltr'>de</span> <span class='ocrx_word' id='word_1_24' title='bbox 1286 579 1353 617; x_wconf 93' lang='lat' dir='ltr'>illo</span> <span class='ocrx_word' id='word_1_25' title='bbox 1381 589 1608 630; x_wconf 83' lang='lat' dir='ltr'>argumento</span> 
     </span>
     <span class='ocr_line' id='line_1_5' title="bbox 133 630 1262 695; baseline 0.004 -16"><span class='ocrx_word' id='word_1_26' title='bbox 133 641 308 680; x_wconf 78' lang='lat' dir='ltr'>distracti</span> <span class='ocrx_word' id='word_1_27' title='bbox 323 642 480 680; x_wconf 82' lang='lat' dir='ltr'>suerunt</span> <span class='ocrx_word' id='word_1_28' title='bbox 499 642 537 680; x_wconf 90' lang='lat' dir='ltr'>in</span> <span class='ocrx_word' id='word_1_29' title='bbox 556 642 688 694; x_wconf 91' lang='lat' dir='ltr'>plures</span> <span class='ocrx_word' id='word_1_30' title='bbox 704 643 927 695; x_wconf 86' lang='lat' dir='ltr'>opinionum</span> <span class='ocrx_word' id='word_1_31' title='bbox 950 651 1092 694; x_wconf 87' lang='lat' dir='ltr'>partes.</span> <span class='ocrx_word' id='word_1_32' title='bbox 1257 630 1262 635; x_wconf 36' lang='lat'>¹</span> 
     </span>
    </p>

    <p class='ocr_par' dir='ltr' id='par_1_4' title="bbox 133 704 1609 1068">
     <span class='ocr_line' id='line_1_6' title="bbox 190 704 1608 759; baseline 0.002 -16"><span class='ocrx_word' id='word_1_33' title='bbox 190 704 265 743; x_wconf 79' lang='lat' dir='ltr'>Alii</span> <span class='ocrx_word' id='word_1_34' title='bbox 287 706 388 744; x_wconf 86' lang='lat' dir='ltr'>euim</span> <span class='ocrx_word' id='word_1_35' title='bbox 416 706 587 745; x_wconf 84' lang='lat' dir='ltr'>Messiam</span> <span class='ocrx_word' id='word_1_36' title='bbox 609 721 685 745; x_wconf 91' lang='lat' dir='ltr'>non</span> <span class='ocrx_word' id='word_1_37' title='bbox 714 709 791 746; x_wconf 83' lang='lat' dir='ltr'>fere</span> <span class='ocrx_word' id='word_1_38' title='bbox 807 706 857 745; x_wconf 91' lang='lat' dir='ltr'>ob</span> <span class='ocrx_word' id='word_1_39' title='bbox 875 707 987 745; x_wconf 84' lang='lat' dir='ltr'>aliam</span> <span class='ocrx_word' id='word_1_40' title='bbox 1008 720 1161 746; x_wconf 82' lang='lat' dir='ltr'>causam</span> <span class='ocrx_word' id='word_1_41' title='bbox 1180 706 1477 758; x_wconf 87' lang='lat' dir='ltr'>exspectabant,</span> <span class='ocrx_word' id='word_1_42' title='bbox 1494 720 1608 759; x_wconf 77' lang='lat' dir='ltr'>quam</span> 
     </span>
     <span class='ocr_line' id='line_1_7' title="bbox 135 768 1608 822; baseline 0.003 -16"><span class='ocrx_word' id='word_1_43' title='bbox 135 777 178 806; x_wconf 92' lang='lat' dir='ltr'>ut</span> <span class='ocrx_word' id='word_1_44' title='bbox 194 768 418 808; x_wconf 74' lang='lat' dir='ltr'>Judaeorum</span> <span class='ocrx_word' id='word_1_45' title='bbox 439 770 739 810; x_wconf 85' lang='lat' dir='ltr'>dominationem</span> <span class='ocrx_word' id='word_1_46' title='bbox 770 772 1010 820; x_wconf 85' lang='lat' dir='ltr'>restitueret,</span> <span class='ocrx_word' id='word_1_47' title='bbox 1037 770 1161 810; x_wconf 85' lang='lat' dir='ltr'>Judaei</span> <span class='ocrx_word' id='word_1_48' title='bbox 1188 785 1318 810; x_wconf 89' lang='lat' dir='ltr'>omnes</span> <span class='ocrx_word' id='word_1_49' title='bbox 1346 772 1514 822; x_wconf 81' lang='lat' dir='ltr'>origine,</span> <span class='ocrx_word' id='word_1_50' title='bbox 1534 781 1608 811; x_wconf 84' lang='lat' dir='ltr'>eta</span> 
     </span>
     <span class='ocr_line' id='line_1_8' title="bbox 135 834 1608 888; baseline -0.001 -15"><span class='ocrx_word' id='word_1_51' title='bbox 135 834 335 886; x_wconf 80' lang='lat' dir='ltr'>Synagoga</span> <span class='ocrx_word' id='word_1_52' title='bbox 351 844 522 874; x_wconf 76' lang='lat' dir='ltr'>recentes</span> <span class='ocrx_word' id='word_1_53' title='bbox 536 866 546 886; x_wconf 92' lang='lat'>,</span> <span class='ocrx_word' id='word_1_54' title='bbox 565 850 687 888; x_wconf 86' lang='lat' dir='ltr'>neque</span> <span class='ocrx_word' id='word_1_55' title='bbox 701 849 721 874; x_wconf 86' lang='lat' dir='ltr'>a</span> <span class='ocrx_word' id='word_1_56' title='bbox 735 836 870 874; x_wconf 87' lang='lat' dir='ltr'>ceteris</span> <span class='ocrx_word' id='word_1_57' title='bbox 885 835 1029 875; x_wconf 83' lang='lat' dir='ltr'>Judaeis</span> <span class='ocrx_word' id='word_1_58' title='bbox 1047 835 1282 883; x_wconf 84' lang='lat' dir='ltr'>disserentes,</span> <span class='ocrx_word' id='word_1_59' title='bbox 1298 834 1371 872; x_wconf 88' lang='lat' dir='ltr'>nisi</span> <span class='ocrx_word' id='word_1_60' title='bbox 1387 834 1492 885; x_wconf 90' lang='lat' dir='ltr'>quod</span> <span class='ocrx_word' id='word_1_61' title='bbox 1512 835 1608 873; x_wconf 84' lang='lat' dir='ltr'>Mes·</span> 
     </span>
     <span class='ocr_line' id='line_1_9' title="bbox 133 898 1609 951; baseline 0 -15"><span class='ocrx_word' id='word_1_62' title='bbox 133 898 224 936; x_wconf 84' lang='lat' dir='ltr'>siam</span> <span class='ocrx_word' id='word_1_63' title='bbox 247 899 516 938; x_wconf 78' lang='lat' dir='ltr'>existimabant</span> <span class='ocrx_word' id='word_1_64' title='bbox 545 901 669 951; x_wconf 87' lang='lat' dir='ltr'>ipsum</span> <span class='ocrx_word' id='word_1_65' title='bbox 691 900 772 939; x_wconf 85' lang='lat' dir='ltr'>sore</span> <span class='ocrx_word' id='word_1_66' title='bbox 788 901 920 939; x_wconf 86' lang='lat' dir='ltr'>Jesum</span> <span class='ocrx_word' id='word_1_67' title='bbox 947 900 995 938; x_wconf 89' lang='lat' dir='ltr'>de</span> <span class='ocrx_word' id='word_1_68' title='bbox 1015 900 1108 938; x_wconf 84' lang='lat' dir='ltr'>caelo</span> <span class='ocrx_word' id='word_1_69' title='bbox 1132 899 1312 937; x_wconf 81' lang='lat' dir='ltr'>reducem</span> <span class='ocrx_word' id='word_1_70' title='bbox 1334 912 1344 937; x_wconf 90' lang='lat'><strong>:</strong></span> <span class='ocrx_word' id='word_1_71' title='bbox 1363 899 1472 937; x_wconf 87' lang='lat' dir='ltr'>talem</span> <span class='ocrx_word' id='word_1_72' title='bbox 1494 899 1609 937; x_wconf 82' lang='lat' dir='ltr'>fuisse</span> 
     </span>
     <span class='ocr_line' id='line_1_10' title="bbox 134 963 1605 1016; baseline 0 -15"><span class='ocrx_word' id='word_1_73' title='bbox 134 972 313 1013; x_wconf 86' lang='lat' dir='ltr'>putamus</span> <span class='ocrx_word' id='word_1_74' title='bbox 337 973 531 1002; x_wconf 78' lang='lat' dir='ltr'>auctorem</span> <span class='ocrx_word' id='word_1_75' title='bbox 555 964 646 1003; x_wconf 87' lang='lat' dir='ltr'>libri</span> <span class='ocrx_word' id='word_1_76' title='bbox 666 966 710 1014; x_wconf 90' lang='lat' dir='ltr'>V,</span> <span class='ocrx_word' id='word_1_77' title='bbox 735 978 848 1016; x_wconf 87' lang='lat' dir='ltr'>quem</span> <span class='ocrx_word' id='word_1_78' title='bbox 871 963 1043 1003; x_wconf 87' lang='lat' dir='ltr'>eumdem</span> <span class='ocrx_word' id='word_1_79' title='bbox 1078 963 1166 1002; x_wconf 90' lang='lat' dir='ltr'>libri</span> <span class='ocrx_word' id='word_1_80' title='bbox 1187 965 1237 1004; x_wconf 89' lang='lat'>111</span> <span class='ocrx_word' id='word_1_81' title='bbox 1253 995 1263 1011; x_wconf 84' lang='lat'>,</span> <span class='ocrx_word' id='word_1_82' title='bbox 1286 967 1305 1011; x_wconf 74' lang='lat' dir='ltr'>S</span> <span class='ocrx_word' id='word_1_83' title='bbox 1341 964 1385 1011; x_wconf 86' lang='lat'>3,</span> <span class='ocrx_word' id='word_1_84' title='bbox 1412 973 1605 1015; x_wconf 83' lang='lat' dir='ltr'>parentem</span> 
     </span>
     <span class='ocr_line' id='line_1_11' title="bbox 134 1026 705 1068; baseline 0.004 -3"><span class='ocrx_word' id='word_1_85' title='bbox 134 1026 349 1066; x_wconf 86' lang='lat' dir='ltr'>habendum</span> <span class='ocrx_word' id='word_1_86' title='bbox 370 1042 452 1067; x_wconf 90' lang='lat' dir='ltr'>esse</span> <span class='ocrx_word' id='word_1_87' title='bbox 478 1029 705 1068; x_wconf 87' lang='lat' dir='ltr'>monuimus.</span> 
     </span>
    </p>

    <p class='ocr_par' dir='ltr' id='par_1_5' title="bbox 134 1093 1607 1274">
     <span class='ocr_line' id='line_1_12' title="bbox 188 1093 1606 1145; baseline -0.002 -12"><span class='ocrx_word' id='word_1_88' title='bbox 188 1093 284 1142; x_wconf 72' lang='lat' dir='ltr'>Alii,</span> <span class='ocrx_word' id='word_1_89' title='bbox 304 1103 483 1145; x_wconf 85' lang='lat' dir='ltr'>tanquam</span> <span class='ocrx_word' id='word_1_90' title='bbox 504 1094 659 1133; x_wconf 73' lang='lat' dir='ltr'>Judaeos</span> <span class='ocrx_word' id='word_1_91' title='bbox 683 1095 840 1132; x_wconf 85' lang='lat' dir='ltr'>interae</span> <span class='ocrx_word' id='word_1_92' title='bbox 863 1095 1099 1134; x_wconf 77' lang='lat' dir='ltr'>Christianos</span> <span class='ocrx_word' id='word_1_93' title='bbox 1120 1093 1234 1132; x_wconf 89' lang='lat' dir='ltr'>medii</span> <span class='ocrx_word' id='word_1_94' title='bbox 1261 1094 1315 1145; x_wconf 91' lang='lat' dir='ltr'>(et</span> <span class='ocrx_word' id='word_1_95' title='bbox 1335 1094 1440 1145; x_wconf 80' lang='lat' dir='ltr'>piget</span> <span class='ocrx_word' id='word_1_96' title='bbox 1460 1094 1498 1131; x_wconf 91' lang='lat' dir='ltr'>in</span> <span class='ocrx_word' id='word_1_97' title='bbox 1519 1107 1606 1131; x_wconf 88' lang='lat' dir='ltr'>eum</span> 
     </span>
     <span class='ocr_line' id='line_1_13' title="bbox 134 1156 1607 1210; baseline 0 -15"><span class='ocrx_word' id='word_1_98' title='bbox 134 1171 335 1196; x_wconf 88' lang='lat' dir='ltr'>numerum</span> <span class='ocrx_word' id='word_1_99' title='bbox 353 1158 496 1196; x_wconf 82' lang='lat' dir='ltr'>referre</span> <span class='ocrx_word' id='word_1_100' title='bbox 513 1159 755 1209; x_wconf 81' lang='lat' dir='ltr'>gravissimos</span> <span class='ocrx_word' id='word_1_101' title='bbox 780 1158 1111 1210; x_wconf 86' lang='lat' dir='ltr'>sanctissimosque</span> <span class='ocrx_word' id='word_1_102' title='bbox 1129 1158 1320 1209; x_wconf 84' lang='lat' dir='ltr'>primaevae</span> <span class='ocrx_word' id='word_1_103' title='bbox 1340 1156 1519 1196; x_wconf 77' lang='lat' dir='ltr'>Ecclesiae</span> <span class='ocrx_word' id='word_1_104' title='bbox 1541 1158 1607 1196; x_wconf 84' lang='lat' dir='ltr'>Pa-</span> 
     </span>
     <span class='ocr_line' id='line_1_14' title="bbox 136 1211 1607 1274; baseline -0.001 -13"><span class='ocrx_word' id='word_1_105' title='bbox 136 1233 223 1271; x_wconf 88' lang='lat' dir='ltr'>tres,</span> <span class='ocrx_word' id='word_1_106' title='bbox 245 1211 435 1262; x_wconf 82' lang='lat' dir='ltr'>Justinum</span> <span class='ocrx_word' id='word_1_107' title='bbox 448 1251 459 1271; x_wconf 95' lang='lat'>,</span> <span class='ocrx_word' id='word_1_108' title='bbox 481 1224 687 1271; x_wconf 89' lang='lat' dir='ltr'>Irenaeum,</span> <span class='ocrx_word' id='word_1_109' title='bbox 711 1224 796 1274; x_wconf 81' lang='lat' dir='ltr'>etc.)</span> <span class='ocrx_word' id='word_1_110' title='bbox 811 1252 822 1271; x_wconf 98' lang='lat'>,</span> <span class='ocrx_word' id='word_1_111' title='bbox 841 1232 1018 1262; x_wconf 88' lang='lat' dir='ltr'>terrestre</span> <span class='ocrx_word' id='word_1_112' title='bbox 1038 1224 1195 1274; x_wconf 88' lang='lat' dir='ltr'>quidem</span> <span class='ocrx_word' id='word_1_113' title='bbox 1212 1236 1369 1273; x_wconf 80' lang='lat' dir='ltr'>regnum</span> <span class='ocrx_word' id='word_1_114' title='bbox 1384 1222 1497 1274; x_wconf 88' lang='lat' dir='ltr'>justis</span> <span class='ocrx_word' id='word_1_115' title='bbox 1516 1223 1607 1274; x_wconf 83' lang='lat' dir='ltr'>(non</span> 
     </span>
    </p>

    <p class='ocr_par' dir='ltr' id='par_1_6' title="bbox 35 1287 1611 2050">
     <span class='ocr_line' id='line_1_15' title="bbox 35 1287 1610 1341; baseline 0.001 -17"><span class='ocrx_word' id='word_1_116' title='bbox 35 1310 64 1341; x_wconf 56' lang='grc' dir='ltr'><strong><em>ο</em></strong></span> <span class='ocrx_word' id='word_1_117' title='bbox 130 1289 208 1336; x_wconf 87' lang='lat' dir='ltr'>jam</span> <span class='ocrx_word' id='word_1_118' title='bbox 227 1288 314 1325; x_wconf 90' lang='lat' dir='ltr'>solis</span> <span class='ocrx_word' id='word_1_119' title='bbox 329 1287 487 1337; x_wconf 82' lang='lat' dir='ltr'>Judaeis)</span> <span class='ocrx_word' id='word_1_120' title='bbox 505 1287 795 1338; x_wconf 78' lang='lat' dir='ltr'>promittebant,</span> <span class='ocrx_word' id='word_1_121' title='bbox 815 1287 882 1326; x_wconf 88' lang='lat' dir='ltr'>sed</span> <span class='ocrx_word' id='word_1_122' title='bbox 907 1288 945 1326; x_wconf 89' lang='lat' dir='ltr'>in</span> <span class='ocrx_word' id='word_1_123' title='bbox 966 1297 1114 1326; x_wconf 85' lang='lat' dir='ltr'>certum</span> <span class='ocrx_word' id='word_1_124' title='bbox 1130 1288 1316 1326; x_wconf 83' lang='lat' dir='ltr'>duntaxat</span> <span class='ocrx_word' id='word_1_125' title='bbox 1333 1296 1500 1338; x_wconf 88' lang='lat' dir='ltr'>tempus,</span> <span class='ocrx_word' id='word_1_126' title='bbox 1523 1295 1610 1338; x_wconf 85' lang='lat' dir='ltr'>post</span> 
     </span>
     <span class='ocr_line' id='line_1_16' title="bbox 134 1350 1610 1403; baseline 0 -14"><span class='ocrx_word' id='word_1_127' title='bbox 134 1351 239 1402; x_wconf 91' lang='lat' dir='ltr'>quod</span> <span class='ocrx_word' id='word_1_128' title='bbox 253 1361 464 1389; x_wconf 83' lang='lat' dir='ltr'>extremum</span> <span class='ocrx_word' id='word_1_129' title='bbox 481 1351 563 1390; x_wconf 83' lang='lat' dir='ltr'>sore</span> <span class='ocrx_word' id='word_1_130' title='bbox 577 1350 769 1402; x_wconf 88' lang='lat' dir='ltr'>judicium</span> <span class='ocrx_word' id='word_1_131' title='bbox 796 1352 970 1389; x_wconf 88' lang='lat' dir='ltr'>vivorum</span> <span class='ocrx_word' id='word_1_132' title='bbox 990 1362 1306 1403; x_wconf 86' lang='lat' dir='ltr'>mortuorumque</span> <span class='ocrx_word' id='word_1_133' title='bbox 1323 1351 1584 1403; x_wconf 75' lang='lat' dir='ltr'>praedicebant</span> <span class='ocrx_word' id='word_1_134' title='bbox 1600 1381 1610 1399; x_wconf 90' lang='lat'>,</span> 
     </span>
     <span class='ocr_line' id='line_1_17' title="bbox 133 1416 1610 1468; baseline 0.001 -15"><span class='ocrx_word' id='word_1_135' title='bbox 133 1424 249 1467; x_wconf 83' lang='lat' dir='ltr'>atque</span> <span class='ocrx_word' id='word_1_136' title='bbox 265 1429 310 1453; x_wconf 91' lang='lat' dir='ltr'>ex</span> <span class='ocrx_word' id='word_1_137' title='bbox 329 1416 395 1453; x_wconf 88' lang='lat' dir='ltr'>illo</span> <span class='ocrx_word' id='word_1_138' title='bbox 421 1424 615 1467; x_wconf 85' lang='lat' dir='ltr'>perpetuae</span> <span class='ocrx_word' id='word_1_139' title='bbox 640 1418 727 1453; x_wconf 81' lang='lat' dir='ltr'>vitae</span> <span class='ocrx_word' id='word_1_140' title='bbox 744 1416 910 1465; x_wconf 85' lang='lat' dir='ltr'>initium,</span> <span class='ocrx_word' id='word_1_141' title='bbox 933 1417 1060 1467; x_wconf 84' lang='lat' dir='ltr'>impiis</span> <span class='ocrx_word' id='word_1_142' title='bbox 1080 1417 1230 1468; x_wconf 89' lang='lat' dir='ltr'>quidem</span> <span class='ocrx_word' id='word_1_143' title='bbox 1249 1417 1483 1462; x_wconf 76' lang='lat' dir='ltr'>miserrimae,</span> <span class='ocrx_word' id='word_1_144' title='bbox 1498 1417 1610 1464; x_wconf 88' lang='lat' dir='ltr'>justis</span> 
     </span>
     <span class='ocr_line' id='line_1_18' title="bbox 133 1479 1610 1533; baseline 0.001 -17"><span class='ocrx_word' id='word_1_145' title='bbox 133 1492 228 1518; x_wconf 85' lang='lat' dir='ltr'>vero</span> <span class='ocrx_word' id='word_1_146' title='bbox 246 1479 472 1519; x_wconf 79' lang='lat' dir='ltr'>beatissimae</span> <span class='ocrx_word' id='word_1_147' title='bbox 489 1494 498 1521; x_wconf 91' lang='lat'><strong>:</strong></span> <span class='ocrx_word' id='word_1_148' title='bbox 523 1481 549 1518; x_wconf 88' lang='lat' dir='ltr'>ii</span> <span class='ocrx_word' id='word_1_149' title='bbox 567 1480 682 1531; x_wconf 77' lang='lat' dir='ltr'>vulgo</span> <span class='ocrx_word' id='word_1_150' title='bbox 702 1483 915 1518; x_wconf 80' lang='lat' dir='ltr'>Millenarie·</span> <span class='ocrx_word' id='word_1_151' title='bbox 932 1490 1139 1527; x_wconf 77' lang='lat' dir='ltr'>vocantur,</span> <span class='ocrx_word' id='word_1_152' title='bbox 1161 1482 1252 1532; x_wconf 89' lang='lat' dir='ltr'>quia</span> <span class='ocrx_word' id='word_1_153' title='bbox 1281 1481 1509 1533; x_wconf 84' lang='lat' dir='ltr'>plerumque</span> <span class='ocrx_word' id='word_1_154' title='bbox 1531 1489 1610 1518; x_wconf 83' lang='lat' dir='ltr'>ter-</span> 
     </span>
     <span class='ocr_line' id='line_1_19' title="bbox 133 1543 1611 1596; baseline -0.001 -14"><span class='ocrx_word' id='word_1_155' title='bbox 133 1553 251 1582; x_wconf 84' lang='lat' dir='ltr'>restre</span> <span class='ocrx_word' id='word_1_156' title='bbox 271 1543 412 1583; x_wconf 85' lang='lat' dir='ltr'>Christi</span> <span class='ocrx_word' id='word_1_157' title='bbox 429 1558 587 1596; x_wconf 83' lang='lat' dir='ltr'>regnum</span> <span class='ocrx_word' id='word_1_158' title='bbox 605 1544 706 1583; x_wconf 88' lang='lat' dir='ltr'>mille</span> <span class='ocrx_word' id='word_1_159' title='bbox 720 1545 828 1582; x_wconf 90' lang='lat' dir='ltr'>annis</span> <span class='ocrx_word' id='word_1_160' title='bbox 848 1544 1110 1592; x_wconf 83' lang='lat' dir='ltr'>includebant,</span> <span class='ocrx_word' id='word_1_161' title='bbox 1134 1546 1220 1583; x_wconf 94' lang='lat' dir='ltr'>loco</span> <span class='ocrx_word' id='word_1_162' title='bbox 1247 1545 1392 1583; x_wconf 87' lang='lat' dir='ltr'>scilicet</span> <span class='ocrx_word' id='word_1_163' title='bbox 1410 1544 1611 1582; x_wconf 75' lang='lat' dir='ltr'>abutentes</span> 
     </span>
     <span class='ocr_line' id='line_1_20' title="bbox 132 1609 1609 1661; baseline -0.001 -13"><span class='ocrx_word' id='word_1_164' title='bbox 132 1610 433 1660; x_wconf 81' lang='lat' dir='ltr'>Apocalypseos,</span> <span class='ocrx_word' id='word_1_165' title='bbox 457 1623 545 1661; x_wconf 86' lang='lat' dir='ltr'>cap.</span> <span class='ocrx_word' id='word_1_166' title='bbox 569 1622 638 1660; x_wconf 86' lang='lat'>20,</span> <span class='ocrx_word' id='word_1_167' title='bbox 658 1623 694 1648; x_wconf 88' lang='lat' dir='ltr'>v.</span> <span class='ocrx_word' id='word_1_168' title='bbox 714 1615 749 1656; x_wconf 76' lang='grc'>4,</span> <span class='ocrx_word' id='word_1_169' title='bbox 771 1609 793 1646; x_wconf 85' lang='grc'><em>5</em></span> <span class='ocrx_word' id='word_1_170' title='bbox 812 1617 850 1647; x_wconf 89' lang='lat' dir='ltr'>et</span> <span class='ocrx_word' id='word_1_171' title='bbox 871 1623 905 1657; x_wconf 93' lang='lat'>7.</span> <span class='ocrx_word' id='word_1_172' title='bbox 933 1610 1056 1655; x_wconf 86' lang='lat' dir='ltr'>Quem</span> <span class='ocrx_word' id='word_1_173' title='bbox 1075 1610 1176 1648; x_wconf 88' lang='lat' dir='ltr'>mille</span> <span class='ocrx_word' id='word_1_174' title='bbox 1193 1623 1382 1647; x_wconf 85' lang='lat' dir='ltr'>annorum</span> <span class='ocrx_word' id='word_1_175' title='bbox 1409 1623 1609 1646; x_wconf 88' lang='lat' dir='ltr'>numerum</span> 
     </span>
     <span class='ocr_line' id='line_1_21' title="bbox 132 1674 1609 1727; baseline 0.001 -15"><span class='ocrx_word' id='word_1_176' title='bbox 132 1688 318 1726; x_wconf 85' lang='lat' dir='ltr'>nusquam</span> <span class='ocrx_word' id='word_1_177' title='bbox 336 1675 373 1713; x_wconf 91' lang='lat' dir='ltr'>in</span> <span class='ocrx_word' id='word_1_178' title='bbox 388 1674 583 1726; x_wconf 83' lang='lat' dir='ltr'>Sibyllinis</span> <span class='ocrx_word' id='word_1_179' title='bbox 603 1675 752 1713; x_wconf 84' lang='lat' dir='ltr'>definiri</span> <span class='ocrx_word' id='word_1_180' title='bbox 772 1683 950 1714; x_wconf 84' lang='lat' dir='ltr'>notamus</span> <span class='ocrx_word' id='word_1_181' title='bbox 969 1676 1172 1727; x_wconf 78' lang='lat' dir='ltr'>diligenter</span> <span class='ocrx_word' id='word_1_182' title='bbox 1194 1685 1232 1715; x_wconf 88' lang='lat' dir='ltr'>et</span> <span class='ocrx_word' id='word_1_183' title='bbox 1250 1675 1513 1714; x_wconf 85' lang='lat' dir='ltr'>admonemus.</span> <span class='ocrx_word' id='word_1_184' title='bbox 1535 1676 1609 1714; x_wconf 86' lang='lat' dir='ltr'>Sed</span> 
     </span>
     <span class='ocr_line' id='line_1_22' title="bbox 131 1739 1610 1792; baseline 0 -15"><span class='ocrx_word' id='word_1_185' title='bbox 131 1747 170 1777; x_wconf 85' lang='lat' dir='ltr'>et</span> <span class='ocrx_word' id='word_1_186' title='bbox 194 1739 425 1778; x_wconf 86' lang='lat' dir='ltr'>Millenarios</span> <span class='ocrx_word' id='word_1_187' title='bbox 448 1753 496 1778; x_wconf 85' lang='lat' dir='ltr'>ex</span> <span class='ocrx_word' id='word_1_188' title='bbox 520 1740 665 1792; x_wconf 75' lang='lat' dir='ltr'>vulgari</span> <span class='ocrx_word' id='word_1_189' title='bbox 684 1740 961 1779; x_wconf 87' lang='lat' dir='ltr'>consuetudine</span> <span class='ocrx_word' id='word_1_190' title='bbox 979 1742 1106 1779; x_wconf 83' lang='lat' dir='ltr'>vocari</span> <span class='ocrx_word' id='word_1_191' title='bbox 1128 1742 1231 1789; x_wconf 89' lang='lat' dir='ltr'>licet,</span> <span class='ocrx_word' id='word_1_192' title='bbox 1258 1742 1492 1792; x_wconf 86' lang='lat' dir='ltr'>quicumque</span> <span class='ocrx_word' id='word_1_193' title='bbox 1523 1750 1610 1778; x_wconf 81' lang='lat' dir='ltr'>ante</span> 
     </span>
     <span class='ocr_line' id='line_1_23' title="bbox 125 1803 1609 1857; baseline -0.001 -15"><span class='ocrx_word' id='word_1_194' title='bbox 125 1803 314 1855; x_wconf 84' lang='lat' dir='ltr'>judicium</span> <span class='ocrx_word' id='word_1_195' title='bbox 346 1818 563 1857; x_wconf 87' lang='lat' dir='ltr'>supremum</span> <span class='ocrx_word' id='word_1_196' title='bbox 601 1813 779 1844; x_wconf 82' lang='lat' dir='ltr'>terrestre</span> <span class='ocrx_word' id='word_1_197' title='bbox 810 1805 964 1857; x_wconf 89' lang='lat' dir='ltr'>aliquod</span> <span class='ocrx_word' id='word_1_198' title='bbox 985 1805 1124 1844; x_wconf 88' lang='lat' dir='ltr'>Christi</span> <span class='ocrx_word' id='word_1_199' title='bbox 1150 1819 1317 1856; x_wconf 69' lang='lat' dir='ltr'>regnumv</span> <span class='ocrx_word' id='word_1_200' title='bbox 1338 1804 1609 1856; x_wconf 81' lang='lat' dir='ltr'>exspectabant</span> 
     </span>
     <span class='ocr_line' id='line_1_24' title="bbox 130 1867 1609 1921; baseline 0.001 -17"><span class='ocrx_word' id='word_1_201' title='bbox 130 1867 168 1904; x_wconf 88' lang='lat' dir='ltr'>in</span> <span class='ocrx_word' id='word_1_202' title='bbox 186 1877 444 1919; x_wconf 87' lang='lat' dir='ltr'>quotcumque</span> <span class='ocrx_word' id='word_1_203' title='bbox 458 1868 611 1906; x_wconf 88' lang='lat' dir='ltr'>demum</span> <span class='ocrx_word' id='word_1_204' title='bbox 626 1882 767 1908; x_wconf 86' lang='lat' dir='ltr'>annos:</span> <span class='ocrx_word' id='word_1_205' title='bbox 785 1878 899 1921; x_wconf 84' lang='lat' dir='ltr'>atque</span> <span class='ocrx_word' id='word_1_206' title='bbox 916 1882 962 1908; x_wconf 88' lang='lat' dir='ltr'>eo</span> <span class='ocrx_word' id='word_1_207' title='bbox 976 1882 1087 1908; x_wconf 89' lang='lat' dir='ltr'>sensu</span> <span class='ocrx_word' id='word_1_208' title='bbox 1104 1869 1327 1908; x_wconf 75' lang='lat' dir='ltr'>millenariis</span> <span class='ocrx_word' id='word_1_209' title='bbox 1342 1868 1609 1906; x_wconf 83' lang='lat' dir='ltr'>ascribendum</span> 
     </span>
     <span class='ocr_line' id='line_1_25' title="bbox 129 1933 1611 1985; baseline 0.001 -16"><span class='ocrx_word' id='word_1_210' title='bbox 129 1946 330 1971; x_wconf 81' lang='lat' dir='ltr'>censemus</span> <span class='ocrx_word' id='word_1_211' title='bbox 344 1933 481 1971; x_wconf 89' lang='lat' dir='ltr'>librum</span> <span class='ocrx_word' id='word_1_212' title='bbox 501 1935 608 1982; x_wconf 88' lang='lat' dir='ltr'>Vlll,</span> <span class='ocrx_word' id='word_1_213' title='bbox 628 1934 644 1985; x_wconf 84' lang='lat'>§</span> <span class='ocrx_word' id='word_1_214' title='bbox 671 1948 708 1981; x_wconf 85' lang='lat'>13</span> <span class='ocrx_word' id='word_1_215' title='bbox 730 1947 806 1972; x_wconf 90' lang='lat' dir='ltr'>non</span> <span class='ocrx_word' id='word_1_216' title='bbox 825 1935 914 1972; x_wconf 83' lang='lat' dir='ltr'>item</span> <span class='ocrx_word' id='word_1_217' title='bbox 935 1944 1082 1973; x_wconf 88' lang='lat' dir='ltr'>ceteros</span> <span class='ocrx_word' id='word_1_218' title='bbox 1099 1935 1238 1982; x_wconf 89' lang='lat' dir='ltr'>libros,</span> <span class='ocrx_word' id='word_1_219' title='bbox 1258 1935 1452 1985; x_wconf 86' lang='lat' dir='ltr'>iniquius,</span> <span class='ocrx_word' id='word_1_220' title='bbox 1481 1944 1520 1971; x_wconf 93' lang='lat' dir='ltr'>ut</span> <span class='ocrx_word' id='word_1_221' title='bbox 1542 1948 1611 1972; x_wconf 87' lang='lat' dir='ltr'>no·</span> 
     </span>
     <span class='ocr_line' id='line_1_26' title="bbox 131 1996 1567 2050; baseline 0.001 -15"><span class='ocrx_word' id='word_1_222' title='bbox 131 1996 191 2036; x_wconf 86' lang='lat' dir='ltr'>bis</span> <span class='ocrx_word' id='word_1_223' title='bbox 212 1996 368 2048; x_wconf 89' lang='lat' dir='ltr'>quidem</span> <span class='ocrx_word' id='word_1_224' title='bbox 385 1998 548 2045; x_wconf 85' lang='lat' dir='ltr'>videtur,</span> <span class='ocrx_word' id='word_1_225' title='bbox 562 2007 627 2036; x_wconf 83' lang='lat' dir='ltr'>aut</span> <span class='ocrx_word' id='word_1_226' title='bbox 647 1998 780 2037; x_wconf 83' lang='lat' dir='ltr'>saltem</span> <span class='ocrx_word' id='word_1_227' title='bbox 800 1998 925 2037; x_wconf 88' lang='lat' dir='ltr'>minus</span> <span class='ocrx_word' id='word_1_228' title='bbox 944 2007 1077 2050; x_wconf 86' lang='lat' dir='ltr'>aperte</span> <span class='ocrx_word' id='word_1_229' title='bbox 1098 2012 1144 2037; x_wconf 91' lang='lat' dir='ltr'>eo</span> <span class='ocrx_word' id='word_1_230' title='bbox 1159 1999 1317 2037; x_wconf 89' lang='lat' dir='ltr'>crimine</span> <span class='ocrx_word' id='word_1_231' title='bbox 1334 1997 1567 2036; x_wconf 72' lang='lat' dir='ltr'>laborantes,</span> 
     </span>
    </p>

    <p class='ocr_par' dir='ltr' id='par_1_7' title="bbox 131 2062 1611 2505">
     <span class='ocr_line' id='line_1_27' title="bbox 184 2062 1609 2116; baseline 0 -16"><span class='ocrx_word' id='word_1_232' title='bbox 184 2062 257 2100; x_wconf 84' lang='lat' dir='ltr'>Alii</span> <span class='ocrx_word' id='word_1_233' title='bbox 279 2062 444 2113; x_wconf 90' lang='lat' dir='ltr'>denique</span> <span class='ocrx_word' id='word_1_234' title='bbox 474 2063 726 2100; x_wconf 81' lang='lat' dir='ltr'>millenarium</span> <span class='ocrx_word' id='word_1_235' title='bbox 760 2076 916 2112; x_wconf 72' lang='lat' dir='ltr'>regnum</span> <span class='ocrx_word' id='word_1_236' title='bbox 944 2064 1098 2101; x_wconf 84' lang='lat' dir='ltr'>minime</span> <span class='ocrx_word' id='word_1_237' title='bbox 1125 2062 1366 2116; x_wconf 70' lang='lat' dir='ltr'>probabant,</span> <span class='ocrx_word' id='word_1_238' title='bbox 1396 2072 1460 2100; x_wconf 80' lang='lat' dir='ltr'>aut</span> <span class='ocrx_word' id='word_1_239' title='bbox 1485 2063 1609 2113; x_wconf 87' lang='lat' dir='ltr'>ipsum</span> 
     </span>
     <span class='ocr_line' id='line_1_28' title="bbox 132 2121 1611 2180; baseline 0.001 -16"><span class='ocrx_word' id='word_1_240' title='bbox 132 2129 290 2178; x_wconf 79' lang='lat' dir='ltr'>figurate</span> <span class='ocrx_word' id='word_1_241' title='bbox 310 2127 574 2178; x_wconf 87' lang='lat' dir='ltr'>accipiendum</span> <span class='ocrx_word' id='word_1_242' title='bbox 599 2141 681 2166; x_wconf 89' lang='lat' dir='ltr'>esse</span> <span class='ocrx_word' id='word_1_243' title='bbox 700 2127 1002 2174; x_wconf 82' lang='lat' dir='ltr'>contendebant,</span> <span class='ocrx_word' id='word_1_244' title='bbox 1030 2129 1095 2179; x_wconf 87' lang='lat' dir='ltr'>qui</span> <span class='ocrx_word' id='word_1_245' title='bbox 1117 2121 1282 2180; x_wconf 82' lang='lat' dir='ltr'>primum</span> <span class='ocrx_word' id='word_1_246' title='bbox 1306 2127 1507 2178; x_wconf 77' lang='lat' dir='ltr'>pauciores</span> <span class='ocrx_word' id='word_1_247' title='bbox 1528 2128 1611 2165; x_wconf 90' lang='lat' dir='ltr'>sue-</span> 
     </span>
     <span class='ocr_line' id='line_1_29' title="bbox 132 2192 1610 2244; baseline 0 -14"><span class='ocrx_word' id='word_1_248' title='bbox 132 2201 245 2240; x_wconf 84' lang='lat' dir='ltr'>runt,</span> <span class='ocrx_word' id='word_1_249' title='bbox 261 2192 398 2231; x_wconf 83' lang='lat' dir='ltr'>dcindc</span> <span class='ocrx_word' id='word_1_250' title='bbox 428 2194 656 2244; x_wconf 63' lang='lat' dir='ltr'>praevalente</span> <span class='ocrx_word' id='word_1_251' title='bbox 679 2194 714 2230; x_wconf 92' lang='lat' dir='ltr'>in</span> <span class='ocrx_word' id='word_1_252' title='bbox 748 2193 827 2230; x_wconf 89' lang='lat' dir='ltr'>dies</span> <span class='ocrx_word' id='word_1_253' title='bbox 850 2193 1033 2240; x_wconf 86' lang='lat' dir='ltr'>veritate,</span> <span class='ocrx_word' id='word_1_254' title='bbox 1058 2194 1105 2230; x_wconf 79' lang='lat' dir='ltr'>itu</span> <span class='ocrx_word' id='word_1_255' title='bbox 1128 2202 1216 2231; x_wconf 89' lang='lat' dir='ltr'>sunt</span> <span class='ocrx_word' id='word_1_256' title='bbox 1238 2193 1339 2230; x_wconf 82' lang='lat' dir='ltr'>aucti</span> <span class='ocrx_word' id='word_1_257' title='bbox 1373 2201 1414 2230; x_wconf 89' lang='lat' dir='ltr'>ut</span> <span class='ocrx_word' id='word_1_258' title='bbox 1440 2193 1610 2244; x_wconf 77' lang='lat' dir='ltr'>vulgatas</span> 
     </span>
     <span class='ocr_line' id='line_1_30' title="bbox 132 2256 1611 2309; baseline 0 -15"><span class='ocrx_word' id='word_1_259' title='bbox 132 2257 238 2307; x_wconf 88' lang='lat' dir='ltr'>prius</span> <span class='ocrx_word' id='word_1_260' title='bbox 266 2258 462 2308; x_wconf 66' lang='lat' dir='ltr'>opiniones</span> <span class='ocrx_word' id='word_1_261' title='bbox 493 2258 607 2308; x_wconf 78' lang='lat' dir='ltr'>plane</span> <span class='ocrx_word' id='word_1_262' title='bbox 639 2257 921 2309; x_wconf 80' lang='lat' dir='ltr'>supprimerent</span> <span class='ocrx_word' id='word_1_263' title='bbox 955 2267 1069 2308; x_wconf 88' lang='lat' dir='ltr'>atque</span> <span class='ocrx_word' id='word_1_264' title='bbox 1102 2257 1271 2296; x_wconf 82' lang='lat' dir='ltr'>delerent</span> <span class='ocrx_word' id='word_1_265' title='bbox 1297 2272 1306 2295; x_wconf 75' lang='grc' dir='ltr'><strong>ε</strong></span> <span class='ocrx_word' id='word_1_266' title='bbox 1338 2258 1382 2295; x_wconf 85' lang='lat' dir='ltr'>iis</span> <span class='ocrx_word' id='word_1_267' title='bbox 1410 2256 1611 2308; x_wconf 88' lang='lat' dir='ltr'>adjunctos</span> 
     </span>
     <span class='ocr_line' id='line_1_31' title="bbox 131 2320 1610 2373; baseline 0.001 -15"><span class='ocrx_word' id='word_1_268' title='bbox 131 2322 290 2360; x_wconf 89' lang='lat' dir='ltr'>velimus</span> <span class='ocrx_word' id='word_1_269' title='bbox 304 2320 515 2373; x_wconf 89' lang='lat' dir='ltr'>Sibyllistas</span> <span class='ocrx_word' id='word_1_270' title='bbox 535 2322 736 2373; x_wconf 87' lang='lat' dir='ltr'>plerosque</span> <span class='ocrx_word' id='word_1_271' title='bbox 756 2321 1002 2370; x_wconf 79' lang='lat' dir='ltr'>christianos,</span> <span class='ocrx_word' id='word_1_272' title='bbox 1022 2322 1134 2360; x_wconf 78' lang='lat' dir='ltr'>ctiam</span> <span class='ocrx_word' id='word_1_273' title='bbox 1155 2322 1221 2373; x_wconf 89' lang='lat' dir='ltr'>qui</span> <span class='ocrx_word' id='word_1_274' title='bbox 1239 2322 1285 2359; x_wconf 83' lang='lat' dir='ltr'>dc</span> <span class='ocrx_word' id='word_1_275' title='bbox 1308 2322 1434 2360; x_wconf 81' lang='lat' dir='ltr'>sutura</span> <span class='ocrx_word' id='word_1_276' title='bbox 1456 2321 1610 2373; x_wconf 87' lang='lat' dir='ltr'>postju-</span> 
     </span>
     <span class='ocr_line' id='line_1_32' title="bbox 131 2383 1611 2439; baseline 0.003 -18"><span class='ocrx_word' id='word_1_277' title='bbox 131 2383 271 2422; x_wconf 88' lang='lat' dir='ltr'>dicium</span> <span class='ocrx_word' id='word_1_278' title='bbox 288 2394 501 2425; x_wconf 82' lang='lat' dir='ltr'>extremum</span> <span class='ocrx_word' id='word_1_279' title='bbox 518 2388 698 2426; x_wconf 81' lang='lat' dir='ltr'>felicitate</span> <span class='ocrx_word' id='word_1_280' title='bbox 717 2387 830 2425; x_wconf 85' lang='lat' dir='ltr'>nimis</span> <span class='ocrx_word' id='word_1_281' title='bbox 852 2388 1045 2426; x_wconf 82' lang='lat' dir='ltr'>terrestria</span> <span class='ocrx_word' id='word_1_282' title='bbox 1072 2388 1380 2436; x_wconf 84' lang='lat' dir='ltr'>somniaverunt,</span> <span class='ocrx_word' id='word_1_283' title='bbox 1406 2401 1481 2439; x_wconf 83' lang='lat' dir='ltr'>qua</span> <span class='ocrx_word' id='word_1_284' title='bbox 1500 2388 1545 2426; x_wconf 91' lang='lat' dir='ltr'>de</span> <span class='ocrx_word' id='word_1_285' title='bbox 1571 2401 1611 2426; x_wconf 79' lang='lat' dir='ltr'>re</span> 
     </span>
     <span class='ocr_line' id='line_1_33' title="bbox 133 2450 772 2505; baseline 0.009 -19"><span class='ocrx_word' id='word_1_286' title='bbox 133 2450 243 2500; x_wconf 89' lang='lat' dir='ltr'>plura</span> <span class='ocrx_word' id='word_1_287' title='bbox 262 2451 437 2491; x_wconf 84' lang='lat' dir='ltr'>dicentur</span> <span class='ocrx_word' id='word_1_288' title='bbox 458 2453 558 2491; x_wconf 85' lang='lat' dir='ltr'>infra</span> <span class='ocrx_word' id='word_1_289' title='bbox 571 2482 581 2499; x_wconf 89' lang='lat'>‚</span> <span class='ocrx_word' id='word_1_290' title='bbox 600 2467 684 2505; x_wconf 87' lang='lat' dir='ltr'>cap.</span> <span class='ocrx_word' id='word_1_291' title='bbox 711 2454 772 2492; x_wconf 78' lang='lat'>25.</span> 
     </span>
    </p>

    <p class='ocr_par' dir='ltr' id='par_1_8' title="bbox 132 2517 1613 2957">
     <span class='ocr_line' id='line_1_34' title="bbox 184 2517 1613 2572; baseline 0.003 -18"><span class='ocrx_word' id='word_1_292' title='bbox 184 2517 322 2556; x_wconf 89' lang='lat' dir='ltr'>Omnes</span> <span class='ocrx_word' id='word_1_293' title='bbox 342 2532 432 2557; x_wconf 88' lang='lat' dir='ltr'>vero</span> <span class='ocrx_word' id='word_1_294' title='bbox 451 2520 649 2558; x_wconf 85' lang='lat' dir='ltr'>christiani</span> <span class='ocrx_word' id='word_1_295' title='bbox 668 2520 756 2559; x_wconf 88' lang='lat' dir='ltr'>libri</span> <span class='ocrx_word' id='word_1_296' title='bbox 788 2520 981 2570; x_wconf 86' lang='lat' dir='ltr'>Sibyllini,</span> <span class='ocrx_word' id='word_1_297' title='bbox 1006 2520 1094 2558; x_wconf 92' lang='lat' dir='ltr'>licet</span> <span class='ocrx_word' id='word_1_298' title='bbox 1118 2520 1248 2572; x_wconf 85' lang='lat' dir='ltr'>aliqua</span> <span class='ocrx_word' id='word_1_299' title='bbox 1275 2520 1431 2571; x_wconf 80' lang='lat' dir='ltr'>judaica</span> <span class='ocrx_word' id='word_1_300' title='bbox 1453 2520 1536 2559; x_wconf 80' lang='lat' dir='ltr'>labe</span> <span class='ocrx_word' id='word_1_301' title='bbox 1557 2522 1613 2558; x_wconf 81' lang='lat' dir='ltr'>in·</span> 
     </span>
     <span class='ocr_line' id='line_1_35' title="bbox 133 2579 1609 2634; baseline 0.003 -17"><span class='ocrx_word' id='word_1_302' title='bbox 133 2579 221 2619; x_wconf 79' lang='lat' dir='ltr'>secti</span> <span class='ocrx_word' id='word_1_303' title='bbox 235 2610 246 2628; x_wconf 94' lang='lat'>,</span> <span class='ocrx_word' id='word_1_304' title='bbox 265 2581 337 2620; x_wconf 93' lang='lat' dir='ltr'>hoc</span> <span class='ocrx_word' id='word_1_305' title='bbox 359 2596 379 2620; x_wconf 94' lang='lat' dir='ltr'>a</span> <span class='ocrx_word' id='word_1_306' title='bbox 393 2583 556 2634; x_wconf 79' lang='lat' dir='ltr'>judaicis</span> <span class='ocrx_word' id='word_1_307' title='bbox 573 2585 758 2622; x_wconf 82' lang='lat' dir='ltr'>disserunt</span> <span class='ocrx_word' id='word_1_308' title='bbox 772 2613 783 2634; x_wconf 91' lang='lat'>,</span> <span class='ocrx_word' id='word_1_309' title='bbox 804 2584 926 2634; x_wconf 92' lang='lat' dir='ltr'>quod,</span> <span class='ocrx_word' id='word_1_310' title='bbox 947 2594 987 2622; x_wconf 87' lang='lat' dir='ltr'>ut</span> <span class='ocrx_word' id='word_1_311' title='bbox 1007 2585 1187 2632; x_wconf 87' lang='lat' dir='ltr'>diximus,</span> <span class='ocrx_word' id='word_1_312' title='bbox 1204 2585 1377 2623; x_wconf 76' lang='lat' dir='ltr'>Messinm</span> <span class='ocrx_word' id='word_1_313' title='bbox 1400 2598 1475 2623; x_wconf 91' lang='lat' dir='ltr'>non</span> <span class='ocrx_word' id='word_1_314' title='bbox 1497 2586 1609 2623; x_wconf 80' lang='lat' dir='ltr'>alium</span> 
     </span>
     <span class='ocr_line' id='line_1_36' title="bbox 132 2649 1609 2701; baseline 0.003 -19"><span class='ocrx_word' id='word_1_315' title='bbox 132 2656 343 2696; x_wconf 82' lang='lat' dir='ltr'>agnoscunt</span> <span class='ocrx_word' id='word_1_316' title='bbox 362 2662 473 2698; x_wconf 87' lang='lat' dir='ltr'>quam</span> <span class='ocrx_word' id='word_1_317' title='bbox 495 2650 624 2688; x_wconf 71' lang='lat' dir='ltr'>,lesum</span> <span class='ocrx_word' id='word_1_318' title='bbox 644 2649 858 2696; x_wconf 90' lang='lat' dir='ltr'>Christum,</span> <span class='ocrx_word' id='word_1_319' title='bbox 874 2662 1009 2700; x_wconf 89' lang='lat' dir='ltr'>nempe</span> <span class='ocrx_word' id='word_1_320' title='bbox 1027 2649 1117 2687; x_wconf 89' lang='lat' dir='ltr'>olim</span> <span class='ocrx_word' id='word_1_321' title='bbox 1138 2649 1174 2687; x_wconf 90' lang='lat' dir='ltr'>in</span> <span class='ocrx_word' id='word_1_322' title='bbox 1199 2650 1309 2688; x_wconf 89' lang='lat' dir='ltr'>terris</span> <span class='ocrx_word' id='word_1_323' title='bbox 1334 2663 1501 2701; x_wconf 85' lang='lat' dir='ltr'>passum,</span> <span class='ocrx_word' id='word_1_324' title='bbox 1523 2659 1609 2687; x_wconf 88' lang='lat' dir='ltr'>tunc</span> 
     </span>
     <span class='ocr_line' id='line_1_37' title="bbox 135 2706 1607 2763; baseline 0.004 -18"><span class='ocrx_word' id='word_1_325' title='bbox 135 2721 228 2746; x_wconf 85' lang='lat' dir='ltr'>vero</span> <span class='ocrx_word' id='word_1_326' title='bbox 256 2723 342 2747; x_wconf 89' lang='lat' dir='ltr'>cum</span> <span class='ocrx_word' id='word_1_327' title='bbox 370 2706 490 2762; x_wconf 77' lang='lat' dir='ltr'>gloria</span> <span class='ocrx_word' id='word_1_328' title='bbox 521 2721 559 2750; x_wconf 87' lang='lat' dir='ltr'>et</span> <span class='ocrx_word' id='word_1_329' title='bbox 589 2721 775 2763; x_wconf 85' lang='lat' dir='ltr'>potestate</span> <span class='ocrx_word' id='word_1_330' title='bbox 804 2712 1035 2751; x_wconf 82' lang='lat' dir='ltr'>rediturum.</span> <span class='ocrx_word' id='word_1_331' title='bbox 1068 2712 1150 2750; x_wconf 87' lang='lat' dir='ltr'>lloc</span> <span class='ocrx_word' id='word_1_332' title='bbox 1181 2712 1362 2751; x_wconf 85' lang='lat' dir='ltr'>omnibus</span> <span class='ocrx_word' id='word_1_333' title='bbox 1391 2727 1607 2751; x_wconf 86' lang='lat' dir='ltr'>commune.</span> 
     </span>
     <span class='ocr_line' id='line_1_38' title="bbox 133 2773 1609 2827; baseline 0.001 -17"><span class='ocrx_word' id='word_1_334' title='bbox 133 2773 299 2812; x_wconf 87' lang='lat' dir='ltr'>Tantum</span> <span class='ocrx_word' id='word_1_335' title='bbox 324 2789 396 2826; x_wconf 90' lang='lat' dir='ltr'>pro</span> <span class='ocrx_word' id='word_1_336' title='bbox 418 2776 578 2814; x_wconf 79' lang='lat' dir='ltr'>diversis</span> <span class='ocrx_word' id='word_1_337' title='bbox 609 2775 656 2814; x_wconf 90' lang='lat' dir='ltr'>de</span> <span class='ocrx_word' id='word_1_338' title='bbox 671 2776 862 2826; x_wconf 83' lang='lat' dir='ltr'>justorum</span> <span class='ocrx_word' id='word_1_339' title='bbox 885 2789 1003 2827; x_wconf 77' lang='lat' dir='ltr'>regno</span> <span class='ocrx_word' id='word_1_340' title='bbox 1023 2777 1218 2814; x_wconf 84' lang='lat' dir='ltr'>sententiis</span> <span class='ocrx_word' id='word_1_341' title='bbox 1240 2776 1504 2815; x_wconf 65' lang='lat' dir='ltr'>diversissimae</span> <span class='ocrx_word' id='word_1_342' title='bbox 1525 2784 1609 2814; x_wconf 87' lang='lat' dir='ltr'>suut</span> 
     </span>
     <span class='ocr_line' id='line_1_39' title="bbox 134 2838 1611 2891; baseline -0.001 -15"><span class='ocrx_word' id='word_1_343' title='bbox 134 2838 279 2876; x_wconf 71' lang='lat' dir='ltr'>Messiae</span> <span class='ocrx_word' id='word_1_344' title='bbox 299 2849 436 2890; x_wconf 85' lang='lat' dir='ltr'>partes,</span> <span class='ocrx_word' id='word_1_345' title='bbox 453 2841 642 2890; x_wconf 83' lang='lat' dir='ltr'>qui&#39;nunc</span> <span class='ocrx_word' id='word_1_346' title='bbox 664 2853 730 2878; x_wconf 87' lang='lat' dir='ltr'>rex</span> <span class='ocrx_word' id='word_1_347' title='bbox 753 2840 894 2878; x_wconf 89' lang='lat' dir='ltr'>incedit</span> <span class='ocrx_word' id='word_1_348' title='bbox 914 2840 950 2877; x_wconf 93' lang='lat' dir='ltr'>in</span> <span class='ocrx_word' id='word_1_349' title='bbox 975 2840 1084 2878; x_wconf 84' lang='lat' dir='ltr'>terris</span> <span class='ocrx_word' id='word_1_350' title='bbox 1109 2849 1244 2891; x_wconf 89' lang='lat' dir='ltr'>potens</span> <span class='ocrx_word' id='word_1_351' title='bbox 1264 2850 1303 2878; x_wconf 91' lang='lat' dir='ltr'>et</span> <span class='ocrx_word' id='word_1_352' title='bbox 1324 2853 1434 2880; x_wconf 77' lang='lat' dir='ltr'>novae</span> <span class='ocrx_word' id='word_1_353' title='bbox 1447 2840 1611 2879; x_wconf 75' lang='lat' dir='ltr'>civitatis</span> 
     </span>
     <span class='ocr_line' id='line_1_40' title="bbox 133 2902 1606 2957; baseline 0.002 -19"><span class='ocrx_word' id='word_1_354' title='bbox 133 2902 333 2953; x_wconf 83' lang='lat' dir='ltr'>conditur;</span> <span class='ocrx_word' id='word_1_355' title='bbox 364 2919 463 2944; x_wconf 83' lang='lat' dir='ltr'>nunc</span> <span class='ocrx_word' id='word_1_356' title='bbox 478 2904 549 2945; x_wconf 78' lang='lat' dir='ltr'>sub</span> <span class='ocrx_word' id='word_1_357' title='bbox 573 2906 685 2944; x_wconf 83' lang='lat' dir='ltr'>linem</span> <span class='ocrx_word' id='word_1_358' title='bbox 716 2905 917 2944; x_wconf 84' lang='lat' dir='ltr'>millenarii</span> <span class='ocrx_word' id='word_1_359' title='bbox 944 2905 1176 2957; x_wconf 81' lang='lat' dir='ltr'>regnijustis</span> <span class='ocrx_word' id='word_1_360' title='bbox 1198 2906 1379 2945; x_wconf 76' lang='lat' dir='ltr'>lacessitis</span> <span class='ocrx_word' id='word_1_361' title='bbox 1404 2905 1606 2944; x_wconf 81' lang='lat' dir='ltr'>auxilium·</span> 
     </span>
    </p>
   </div>
  </div>
 </body>
</html>
