1686 3500
130 193 222 238 338
517 191 598 236 AD
631 190 980 238 SlBYLLINOS
1015 192 1068 236 Ll
1079 192 1224 237 ssssos

127 299 267 325 nomen
295 285 330 323 ei
359 283 589 325 indiderunt.
616 285 780 324 Ennium
803 299 956 338 quoque
980 286 1081 338 apud
1110 285 1265 324 Latinos
1289 286 1326 324 in
1344 286 1430 331 ,isto
1458 301 1596 340 genere

128 349 365 389 versificandi
379 349 592 388 exercuisse
607 362 647 388 se
661 350 775 390 tradit
790 352 938 392 Cicero.
953 350 978 390 l.
994 350 1061 391 cit.
1078 350 1305 389 Addendum
1324 359 1448 390 tamen
1463 366 1592 393 exem-

126 416 189 468 pla
205 427 282 453 non
296 413 458 452 defuisse
471 413 584 452 etiam
598 427 702 453 sacra
717 415 755 453 in
772 415 929 454 Psalmis
945 423 983 453 et
997 414 1213 467 Prophetiis
1226 414 1472 467 alphabeticis
1485 419 1595 470 vulgo

85 469 92 477 ⁸
125 479 255 524 dictis,
272 491 408 530 nempe
427 477 568 519 Psalm.
595 492 608 517 ι
622 479 678 526 18,
702 485 769 523 ιω.
783 508 794 526 ,
815 487 853 517 et
868 478 1046 518 Jeremiae
1068 479 1257 526 Lament„
1280 479 1353 517 nisi
1367 479 1471 529 quod
1491 480 1528 517 in
1550 482 1594 520 iis

123 542 354 582 acrostichia
374 543 467 580 liunt
488 556 566 581 non
587 557 608 582 e
628 551 814 582 certarum
836 556 970 581 vocum
993 542 1135 590 literis,
1155 542 1219 581 sed
1239 557 1285 582 ex
1301 543 1384 595 ipsa
1405 544 1520 582 totius
1537 547 1593 585 al-

122 608 279 661 phabeti
302 607 411 646 serie.
442 607 588 659 Conjici
608 608 719 645 etiam
742 615 890 658 potest,
924 607 1110 659 placuisse
1130 606 1447 660 hanc-Sibyllistis
1460 610 1594 649 vatici-

122 673 239 712 nandi
251 673 412 710 sormam
427 672 531 724 quod
548 671 690 723 aliquid
706 671 864 710 haberet
878 672 914 710 in
932 686 972 711 se
988 673 1224 724 μυστηριῶδες
1245 688 1253 711 :
1270 674 1370 712 etsie
1387 677 1591 725 praesertim

122 737 222 776 libro
238 738 269 774 V
289 746 326 776 et
339 737 446 776 libris
464 737 610 776 xl-le
630 736 783 774 nomina
799 737 987 775 Caesarum
1007 745 1043 775 et
1065 738 1344 789 Imperatorum
1367 739 1498 790 primis
1518 742 1593 780 suis

122 802 244 841 literis
264 800 458 854 designari
478 801 612 839 solent.
629 801 783 848 Quanto
804 801 922 852 magis
944 801 1016 838 hoc
1040 801 1189 853 placere
1217 801 1350 840 debuit
1379 803 1592 843 volentibus

121 875 321 919 augustum
340 879 476 904 nomen
505 864 770 916 Redemptoris
790 865 861 904 Dei
886 865 1002 903 saeris
1033 865 1201 904 tenebris
1225 865 1443 906 involvere!
1474 868 1592 908 Nobis

120 931 274 983 quidem
299 930 394 969 illud
414 929 705 968 versificationis
725 942 906 968 arcanum
935 943 1010 968 non
1030 929 1190 968 multum
1224 930 1367 970 distare
1401 931 1552 970 videtur
1571 948 1590 973 a

121 995 276 1048 gryphis
302 1003 339 1033 et
367 994 575 1046 aenigmatis
597 993 738 1046 quibus
763 1007 870 1032 usum
897 994 1092 1044 videmus,
1111 995 1244 1033 similis
1270 996 1438 1046 mysterii
1464 1011 1587 1045 causa,

120 1061 233 1099 alium
247 1059 643 1112 quoqueSibyllistam
662 1060 701 1097 in
712 1059 781 1098 Dei
791 1073 834 1097 ac
847 1059 937 1098 Jesu
955 1058 1175 1097 nominibus
1192 1059 1464 1111 exprimendis,
1479 1060 1543 1100 lib.
1559 1062 1587 1109 1,

119 1138 155 1165 v.
179 1126 263 1173 137,
278 1138 376 1176 sqq..
393 1134 430 1163 et
444 1125 628 1176 326‚sqq.

62 1182 69 1189 ⁶
169 1191 282 1228 Caret
314 1189 429 1241 igitur
455 1188 702 1227 fundamento
721 1201 765 1226 ac
790 1189 917 1240 specie
937 1188 1069 1227 Gallaei
1101 1188 1335 1240 conjectura,
1364 1190 1589 1241 suspicantis

118 1253 334 1292 acrostichii
355 1253 515 1292 formam
537 1254 657 1291 sei-ius
680 1253 726 1292 ad
749 1253 820 1292 hos
850 1267 984 1292 versus
1014 1253 1227 1294 accessisse.
1258 1253 1447 1293 Eusebius
1467 1266 1588 1306 certe,

116 1327 255 1371 quarto
276 1318 355 1371 jam
381 1319 521 1357 saeculo
554 1318 786 1370 incipiente,
821 1317 1005 1356 laudabat
1035 1319 1299 1370 integramque
1331 1319 1475 1358 citabat
1494 1320 1588 1360 hanc

116 1384 423 1432 acrostichidem,
443 1398 521 1435 qua
552 1383 664 1422 etiam
691 1382 794 1421 aliud
822 1383 1010 1421 inclusum
1036 1384 1257 1434 mysterium
1281 1385 1437 1436 agnovit
1462 1388 1587 1438 Augu-

117 1449 240 1488 stinus
268 1448 316 1487 de
344 1448 432 1487 Civ.
463 1447 552 1496 Dei,
582 1448 654 1486 loc.
679 1447 742 1486 cit.
772 1447 826 1486 ita
851 1446 1024 1485 scribens
1051 1460 1061 1486 τ
1090 1465 1107 1492 ,ι
1136 1449 1283 1487 'dorum
1307 1457 1431 1487 autem
1451 1463 1587 1501 graeco-

117 1532 132 1548 ιι
151 1527 234 1552 rum
266 1513 436 1564 quinque
460 1511 690 1559 verborum,
729 1524 815 1563 quae
843 1519 932 1550 sunt
951 1510 1085 1558 Ἰησοῦς
1128 1511 1276 1564 Χριστός
1302 1510 1372 1567 [sic
1402 1514 1465 1552 ille
1489 1515 1586 1568 legit]

116 1595 132 1612 ι
148 1579 224 1616 θεοῦ
241 1577 311 1621 υἱὸς
332 1575 575 1629 σωτήρ,(]υοι1
598 1584 655 1615 est
681 1576 796 1616 latine
819 1591 828 1614 :
847 1577 958 1616 Jesus
986 1575 1160 1615 Christus
1185 1577 1256 1615 Dei
1289 1578 1388 1616 silius
1409 1581 1584 1629 salvator,

114 1659 129 1677 ι
147 1641 177 1680 si
198 1641 339 1694 primas
367 1642 496 1679 literas
519 1641 682 1692 jungaS,
711 1640 783 1680 erit
811 1641 992 1688 ΙΧΘΥΣ,
1015 1640 1053 1678 id
1074 1649 1154 1689 est,
1179 1641 1292 1693 piscis
1317 1657 1326 1681 :
1358 1643 1396 1681 in
1425 1657 1502 1695 quo
1521 1659 1582 1684 no·

54 1698 57 1701 ⁵
114 1724 129 1742 ι
145 1707 248 1745 mine
273 1707 438 1758 mystice⁴
464 1706 691 1758 intelligitur
710 1705 906 1752 Christus,
927 1719 973 1744 eo
998 1705 1104 1757 quod
1132 1706 1172 1744 in
1203 1706 1318 1759 hujus
1353 1710 1587 1749 mortalitatis

114 1789 129 1806 α
147 1770 286 1823 abysso
300 1771 430 1821 ,velut
449 1771 487 1810 in
505 1784 691 1823 aquarum
708 1770 991 1823 profunditate,
1013 1773 1137 1820 vivus,
1161 1771 1234 1810 lioc
1251 1781 1320 1822 est,
1337 1773 1416 1812 sine
1432 1785 1584 1827 peccato

113 1854 129 1869 -
145 1849 226 1875 esse
244 1836 426 1888 potuerit.
443 1852 459 1869 υ
476 1835 689 1887 Ingeniosa,
705 1834 772 1874 sed
787 1834 975 1874 incertum
997 1848 1043 1873 an
1061 1849 1152 1875 vera
1170 1836 1436 1890 interpretatio
1448 1854 1585 1879 arcanae

114 1899 312 1951 cujusdam
344 1908 495 1937 tesserae
525 1899 795 1951 primaevorum
821 1898 1147 1948 Christianorum,
1170 1900 1218 1939 ab
1240 1902 1307 1940 illo
1335 1904 1465 1954 potius
1483 1905 1584 1944 Jonae

113 1964 217 2015 pisce
237 1962 484 2012 deducendae,
506 1977 591 2015 quae
610 1963 751 2002 divinae
770 1964 1065 2002 resurrectionis
1091 1965 1216 2016 imago
1245 1966 1340 2018 fuit,
1361 1981 1460 2020 saepe
1479 1970 1581 2008 obvia

112 2029 151 2067 in
175 2028 299 2079 quarti
323 2029 384 2066 vel
418 2029 540 2080 quinti
575 2028 702 2067 saeculi
737 2029 995 2067 monumentis
1023 2030 1205 2081 sculptis,
1225 2034 1438 2083 praesertim
1461 2035 1499 2073 in
1527 2048 1580 2074 se·

115 2093 258 2145 pulcris
279 2092 327 2131 ad
344 2093 630 2145 epitaphiorum
659 2094 880 2145 marginem.
902 2093 1022 2131 Aliter
1051 2107 1143 2133 vero
1163 2095 1263 2134 hanc
1281 2097 1441 2148 liguram
1476 2099 1582 2137 inter·

113 2165 302 2209 pretatur,
324 2162 464 2210 nempe
492 2158 540 2196 de
558 2158 702 2209 piscina
722 2157 926 2209 baptismi,
948 2158 1228 2205 Tertullianus,
1245 2160 1291 2199 de
1317 2163 1425 2214 bapt.
1447 2177 1527 2214 cap.
1551 2177 1580 2211 1,

113 2223 180 2275 qui
201 2222 437 2262 Christianos
465 2222 613 2260 inducit
641 2222 908 2274 pisciculorum
945 2223 1100 2261 nomine
1118 2224 1354 2274 gaudentes:
1383 2244 1400 2260 ιι
1417 2227 1489 2267 Sed
1520 2240 1581 2266 nos

113 2306 128 2320 ι
144 2287 318 2339 pisciculi
341 2287 550 2325 secundum
568 2287 664 2341 ἰχθὺν
682 2295 854 2325 nostrum
875 2287 914 2327 J.
937 2287 977 2326 C.
999 2288 1036 2325 in
1058 2301 1156 2339 aqua
1169 2290 1377 2339 nascimur,
1393 2305 1463 2329 nec
1483 2291 1583 2328 aliter

110 2369 125 2384 ι
144 2365 260 2402 quam
282 2352 320 2389 in
341 2365 439 2402 aqua
455 2352 646 2389 manendo
671 2351 762 2389 salvi
784 2351 904 2390 fimus.
922 2369 938 2385 u
959 2352 1100 2402 Utique
1123 2353 1341 2404 symbolum
1363 2355 1454 2393 illud
1478 2367 1580 2393 acro·

108 2416 258 2455 sticliiis
290 2416 561 2455 feracissimum
589 2415 673 2455 fuit.
701 2416 793 2455 Nam
826 2424 869 2454 nt
900 2416 965 2454 illa
992 2417 1162 2468 quinque
1183 2418 1300 2457 verba
1327 2419 1580 2457 acrostichidis

114 2480 323 2531 Sibyllinae,
346 2479 479 2526 Ἰησοῦς
505 2481 696 2533 Χρειστός,
715 2496 747 2519 κ.
773 2496 804 2519 τ.
824 2481 879 2525 λ..
909 2481 1097 2519 brevioris
1120 2483 1382 2522 acrostichidis
1403 2485 1518 2522 instar
1545 2484 1577 2519 in

115 2557 155 2581 se
169 2542 387 2581 habuerunt
408 2557 540 2582 vocem
560 2544 677 2597 ἰχθύς,
696 2545 749 2583 ita
769 2558 816 2583 ex
840 2545 923 2596 ipsa
945 2545 1015 2583 hac
1033 2559 1125 2584 voce
1144 2546 1279 2585 factam
1303 2548 1414 2586 aliam
1435 2546 1579 2586 acrosti-
1633 2542 1636 2545 ¹

116 2606 264 2646 chidem
290 2608 499 2658 reperimus
525 2608 563 2645 in
581 2608 776 2660 epitaphio
810 2622 935 2660 graeco
960 2608 1167 2647 christiano
1195 2612 1462 2662 Augustoduni
1485 2608 1578 2661 apud

115 2670 259 2709 AEduos
277 2679 442 2721 reperto,
463 2670 571 2721 cujus
591 2685 661 2710 nos
680 2672 885 2723 specimen,
902 2673 1040 2723 partim
1057 2687 1077 2711 a
1096 2673 1221 2713 doctis
1240 2685 1352 2715 antea
1373 2677 1477 2724 viris,
1496 2686 1579 2725 par-

117 2735 183 2774 tim
200 2747 221 2772 a
241 2733 351 2772 nobis
371 2747 418 2771 ex
435 2734 598 2788 αὗτοψίας
618 2737 860 2786 restitutum,
880 2737 956 2774 huc
976 2738 1214 2789 proferemus
1236 2758 1246 2780 ι

174 2790 177 2793 ¹
271 2798 402 2851 Ἰχθύος
421 2799 594 2851 [οὐρανίου
611 2798 716 2853 θε]ῖον
736 2801 832 2851 γένος
851 2800 950 2854 ἤτορι
969 2805 1086 2855 σεμνῷ

322 2863 441 2915 Χρῆσε
460 2862 743 2918 λαλῶ[ν“φωνὴ]ν
761 2863 934 2918 ἄμὸροτον
955 2867 988 2903 ἐν
1010 2867 1184 2920 βροτέαις·
