1752 3495
644 168 948 213 exconsus
985 170 1061 214 iu.
1171 154 1174 157 ’
1249 135 1260 146 ”
1443 172 1573 217 455

107 291 120 305 a
143 282 222 307 meu
243 267 363 304 Varro
381 262 670 312 utErytluaeam
689 264 1042 314 credatscripsisse.
1066 281 1082 298 υ
1097 266 1255 303 Causam
1277 265 1382 304 addit
1403 266 1571 313 Servius,

102 332 201 386 quod
231 329 357 368 amissi
387 326 565 365 incendio
596 327 788 378 Capitolio
807 327 983 378 Sibyllini
1014 327 1101 366 libri
1125 330 1180 367 'ex
1211 329 1388 378 Erythris
1420 331 1573 382 repetiti

104 396 239 437 suerint
261 392 408 444 (confer
427 391 545 436 infra,
577 405 662 442 cap.
688 392 739 441 6).
760 392 831 431 Cui
862 400 936 429 tam
966 391 1064 429 sutili
1093 400 1255 442 tamque<
1273 393 1396 432 fallaci
1429 394 1574 432 indicio

103 475 173 503 non
204 467 379 511 putamus
405 455 642 507 acquievisse
673 456 932 494 doctissimum
962 457 1110 506 virum3
1152 454 1244 502 sed,
1275 456 1472 494 delicieute
1496 458 1572 496 Cu-

104 538 226 572 mana,
252 534 333 560 eam
351 520 591 571 potissimum
612 520 769 570 elegisse
791 534 875 570 qure
900 520 1000 557 inter
1023 521 1175 558 Graecas
1194 518 1378 557 vaticiniis
1399 520 1572 558 celeber-

103 591 188 628 rima
206 585 420 624 haberetur.
442 584 574 635 Neque
595 584 696 621 illam
714 593 841 622 vetere
864 585 1032 622 Cumana
1064 584 1282 622 inferiorem
1302 584 1469 632 sciebat,
1493 585 1572 623 sive

100 662 175 692 arte
190 648 429 695 vaticinandi,
446 648 525 685 sive
542 640 656 685 etiam
676 657 787 686 aetate
800 679 810 699 ,
840 662 959 698 quum
978 656 1138 699 utraque
1157 647 1306 686 Troicis
1324 648 1401 685 fere
1423 657 1569 699 tempo-

103 717 198 755 ribus
217 726 343 751 coreva
366 713 585 763 fingeretur.
607 713 739 762 ltaque
756 712 793 749 in
812 713 987 763 catalogo
1016 712 1257 750 Cimmeriam
1283 712 1418 750 ordine
1449 725 1570 762 quar-

102 792 189 829 tam,
212 777 446 827 Erythraeam
466 777 637 827 quintam
653 807 662 824 ,
687 779 896 816 Cumanam
918 791 984 814 seu
1016 776 1330 827 'l‘arquiuianam‚
1350 788 1527 827 tauquam
1549 791 1571 815 a

101 847 226 888 ceteris
240 844 387 882 duabus
405 845 517 896 longe
534 843 751 896 distantem,
766 845 930 895 septimo
948 853 1093 882 tautum
1108 844 1194 882 loco
1206 844 1351 895 posuit,
1371 844 1571 895 interjecta

100 911 229 953 Samia.

147 973 318 1013 Restabat
332 985 505 1023 quaerere
520 985 598 1023 quo
618 980 731 1024 pacto
751 972 810 1010 vel
829 985 907 1022 quo
923 972 1011 1021 jure
1032 971 1079 1009 ab
1104 972 1300 1022 Erythraea
1320 973 1450 1023 scripti
1469 972 1569 1018 libri,

101 1050 135 1080 ut
151 1041 228 1090 ipse
252 1037 441 1090 lingebat,
461 1050 482 1075 a
506 1050 604 1075 nova
633 1037 801 1075 Cumana
822 1037 953 1074 assei-ri
983 1037 1215 1088 potuissent3
1247 1037 1285 1075 id
1306 1046 1428 1075 autem
1447 1025 1572 1075 varro‘

98 1116 249 1155 (uuluam
266 1111 348 1139 arte
362 1101 590 1152 expedierit,
611 1101 721 1152 plane
735 1102 932 1140 nescimus,
949 1102 1045 1140 Sane
1061 1103 1230 1148 'l'zetzes‚
1249 1102 1296 1139 ad
1322 1101 1566 1152 Lycopliron.

97 1171 160 1207 loc'.
187 1167 262 1211 cit..
283 1166 470 1204 incertum
491 1179 611 1203 suone
639 1165 802 1203 arbitrio
822 1179 869 1203 an
894 1179 941 1203 ex
961 1165 1115 1203 alterius
1147 1166 1239 1213 lide,
1259 1167 1455 1204 mulierem
1474 1180 1570 1213 eam,

97 1245 172 1282 quae
197 1230 244 1267 ad
271 1230 523 1279 Tarquinium
557 1229 679 1276 venit,
704 1229 883 1266 famulam
916 1229 1093 1267 Cumance
1119 1230 1272 1279 Sibyllae
1301 1230 1406 1281 lingit
1436 1230 1569 1278 fuisse,

97 1297 188 1334 illius
223 1308 358 1346 nempe
381 1294 611 1345 antiquioris
641 1308 650 1331 z
672 1294 760 1346 Περὶ
782 1288 823 1341 ἧς
851 1293 886 1332 δὲ
907 1293 1083 1341 Σιὸύλλης
1110 1297 1168 1332 νῦν
1195 1297 1213 1332 ὁ
1244 1294 1434 1348 Λυκόφρων
1459 1294 1566 1347 λέγει,

99 1358 232 1411 Κυμαία
246 1353 303 1406 ἧν,
326 1358 402 1406 ἥτις
423 1356 586 1405 τέθνηκεν
611 1359 645 1395 ἐν
669 1357 805 1410 χρόνοις
828 1357 1025 1410 Ταρκυνίου
1057 1361 1115 1396 τοῦ
1131 1357 1376 1411 Ὑπερηφάνου
1392 1388 1401 1406 ,
1426 1359 1565 1410 βίὸλους

95 1421 314 1477 προφητικοὺς
333 1424 440 1469 αὐτῆς
474 1428 562 1474 τρεῖς
588 1421 610 1468 ἢ
640 1422 737 1460 ἐννέα
756 1423 1019 1473 καταλιποῦσα,
1048 1415 1095 1459 ὧν
1119 1422 1140 1468 ἢ
1169 1422 1251 1472 μίαν
1273 1421 1295 1468 ἢ
1321 1429 1410 1475 τρεῖς
1437 1423 1566 1469 ἐξωνή-

96 1503 190 1527 σαντο
207 1490 238 1526 οἱ
257 1488 454 1538 Ῥωμαῖοι,
472 1488 518 1530 ὡς
537 1486 597 1530 τὰς
616 1485 740 1529 λοιπὰς
759 1488 822 1532 τῆς
842 1486 972 1533 ἐκείνης
992 1486 1200 1538 θεραπαίνης
1218 1485 1447 1533 ἀναλωσάσης
1463 1486 1563 1539 πυρὶ,

94 1553 138 1591 ὅτι
157 1552 203 1604 μὴ
232 1552 365 1590 ἐδίδουν
382 1551 494 1602 ἐκείνῃ
514 1550 592 1589 ὅσον
613 1549 724 1597 ἐζήτει
753 1550 912 1603 χρυσίον.
939 1551 1056 1588 Audis
1077 1551 1283 1603 Θεραπαίνης
1313 1565 1451 1589 munus
1482 1565 1566 1588 inu-

96 1617 249 1655 lierculae
295 1616 472 1655 inditum.
513 1616 653 1653 Verum
691 1615 763 1652 boc
804 1623 1059 1665 praeterquam
1096 1615 1322 1654 indecorum
1368 1629 1438 1654 nec
1476 1616 1565 1653 satis

93 1681 272 1732 poeticum
295 1680 416 1718 videri
443 1688 594 1731 potest,
619 1679 733 1717 etiam
755 1693 842 1717 cum
870 1688 1084 1731 temporum
1109 1680 1266 1728 ratione,
1289 1680 1443 1718 minime
1468 1693 1564 1717 cou-

92 1745 186 1782 venit
212 1753 371 1796 propter
403 1744 585 1794 majorem
627 1744 748 1781 multo
781 1744 1047 1794 antiquitatem
1076 1744 1232 1795 Sibyllae
1256 1758 1340 1795 quae
1377 1743 1562 1781 librorum

93 1819 217 1847 auctor
231 1810 387 1861 lingitur
408 1822 417 1848 :
441 1810 561 1860 ipsam
583 1809 684 1846 enim
700 1809 903 1860 Tarquinii
925 1818 1096 1860 tempore
1116 1823 1136 1846 e
1152 1809 1247 1847 vivis
1268 1809 1472 1847 decessisse
1486 1823 1560 1846 non

92 1874 193 1911 aliam
211 1873 261 1912 ob
298 1887 448 1911 causam
483 1874 637 1911 videtur
669 1874 820 1910 linxisse
851 1874 1034 1920 Tzetzes‚
1068 1888 1180 1924 quam
1214 1873 1353 1911 sabulae
1382 1887 1459 1911 suae
1494 1875 1562 1911 lir-

93 1939 228 1977 mandae
244 1953 373 1985 eausa,
392 1939 458 1977 sed
480 1939 520 1976 id
537 1939 711 1989 profecto
729 1938 841 1976 nimis
858 1938 1011 1976 absone.
1030 1939 1192 1977 Facilius
1209 1939 1395 1989 simulque
1410 1938 1562 1988 dignius

91 2004 208 2042 suisset
230 2017 297 2054 per
319 2003 466 2054 aliquot
492 2003 628 2040 saecula
658 2003 862 2054 pluresque
892 2015 1026 2040 manus
1054 2002 1173 2040 libros
1207 2003 1290 2039 illos
1319 2002 1366 2039 ad
1391 2003 1558 2052 ignotam

93 2069 276 2107 mulierem
300 2068 509 2113 deducere,
534 2082 618 2119 quae
645 2058 797 2106 venales
821 2068 1036 2117 Tarquinio
1063 2067 1286 2117 obtulisset3
1307 2067 1369 2106 sed
1400 2067 1436 2105 id
1457 2068 1558 2105 Var-

92 2137 166 2173 roni
187 2150 262 2174 non
284 2136 447 2187 placuit,
471 2135 581 2187 quia.
604 2149 651 2173 ne
673 2135 779 2186 vulgi
806 2144 949 2173 mentes
974 2135 1202 2183 offenderet,
1236 2135 1424 2174 advenam
1455 2135 1557 2174 illam

91 2200 281 2239 mulierem
311 2200 493 2251 Sibyllam
521 2200 645 2238 facere
664 2199 822 2238 omnino
845 2199 1007 2238 volebat.

137 2266 213 2302 lloc
232 2279 309 2302 uuo
330 2265 490 2312 omisso,
517 2273 621 2315 patet
644 2273 722 2302 tota
743 2264 924 2301 Varronis
944 2264 1152 2302 sententia:
1176 2264 1410 2314 Erythraeam
1428 2263 1558 2314 Sibyl-

89 2329 153 2367 lam
170 2329 285 2368 libros
300 2330 511 2381 scripsisse,
525 2330 734 2368 Cumanam
753 2341 888 2366 novam
907 2327 955 2366 ab
973 2329 1168 2379 Erythraea
1191 2329 1353 2380 scriptos
1374 2330 1556 2367 attulisse.

90 2394 210 2431 l‘otuit
242 2395 280 2431 in
302 2394 371 2432 liae
389 2408 428 2432 re
457 2394 593 2432 ducem
613 2394 777 2444 aliquem
806 2394 914 2443 sequi
944 2406 1010 2431 seu
1034 2394 1241 2431 Romanum
1262 2408 1329 2431 seu
1350 2395 1523 2431 Graecum
1546 2407 1555 2431 ε

88 2470 157 2495 non
175 2459 366 2497 credimus
385 2469 520 2506 tamen,
535 2459 698 2508 primum
711 2457 814 2509 quod
828 2457 1003 2508 antiquos
1018 2459 1210 2496 annalium
1226 2458 1431 2510 scriptores
1446 2458 1557 2495 aliter

88 2524 237 2561 sensisse
260 2523 480 2568 videamus;
497 2523 635 2562 deinde
655 2523 758 2574 quod
780 2523 819 2560 in'
838 2523 909 2560 hac
931 2523 1078 2574 Sibylla
1099 2524 1219 2560 Varro
1240 2523 1342 2561 nulla
1363 2537 1402 2560 se
1422 2531 1555 2560 aueto-

88 2579 188 2626 ritate
208 2598 358 2626 tueatur
371 2618 381 2635 ,
401 2588 520 2639 quiin
542 2589 679 2627 ceteris
697 2597 896 2626 auctorum
914 2589 1069 2626 uomina
1090 2597 1220 2625 cautus
1237 2588 1407 2639 proferat
1422 2603 1431 2635 3
1449 2588 1553 2638 quod

87 2652 242 2703 «lenique
269 2646 366 2691 eum·
390 2654 425 2690 in
454 2653 525 2691 bac
554 2667 593 2691 re
617 2653 784 2705 propriis
814 2653 1069 2704 conjecturis,
1098 2667 1176 2690 non
1207 2653 1337 2691 alienis
1365 2653 1555 2704 suffragiis

89 2729 187 2754 usum
217 2732 296 2755 esse
314 2747 324 2764 ,
355 2718 486 2755 innuat
515 2718 595 2769 ipse
623 2718 776 2755 Servius
805 2717 863 2755 his
880 2717 1033 2756 verbis:
1058 2735 1071 2749 n
1096 2717 1256 2755 Ducitur
1279 2726 1403 2755 tamen
1432 2718 1553 2755 Varro

86 2798 98 2810 ι·
121 2790 158 2817 ut
181 2783 323 2821 credat.
346 2800 359 2814 υ

138 2845 229 2884 lllud
255 2862 344 2885 vero
368 2847 545 2885 audacius
577 2847 683 2895 feeit,
713 2847 814 2897 quod
837 2847 1000 2885 invenite
1021 2862 1039 2885 a
1070 2860 1109 2885 se
1129 2860 1238 2885 novae
1258 2847 1438 2885 Cumanae
1462 2859 1551 2896 pro·

1561 2755 1577 2775 ὁ
