1686 3500
145 180 236 226 336
523 178 604 223 AD
638 178 983 233 stssYLLtNOS
1017 176 1230 222 LIBROS

128 278 227 314 'narn
252 274 535 327 spectantibu33
564 283 672 313 sexta
697 288 771 314 vox
791 289 876 314 cum
902 273 1097 327 prioribus
1135 271 1286 323 syntaxi
1314 284 1389 317 non
1428 275 1601 317 cohaeret.

141 340 250 381 Adde
277 339 381 391 quod
403 339 485 391 ipse
501 348 630 377 monet
653 341 906 391 Augustinus,
927 338 1086 376 vocibus
1106 337 1181 375 illis
1205 336 1376 387 quinque
1403 337 1602 383 ῐΗΣΟΥΣ.

94 450 101 459 ⁸
140 404 404 446 ΧΡΕΙΣΤΟΣ.
431 404 578 443 ΘΕΟΥ.
607 404 738 444 ΥῙΟΣ.
772 403 955 451 ΣΩΤΗΡ,
980 402 1089 470 alipm
1119 399 1413 439 acrostichidem
1442 401 1606 454 includi,

138 482 277 520 nempe
308 481 441 506 vocem
473 468 647 515 ΙΧΘΥΣ,
681 481 766 519 quae
802 466 903 518 apud
938 475 1084 504 veteres
1120 464 1356 504 Christianos
1389 465 1602 515 symbolum

140 533 281 575 Christi
299 533 390 581 suit,
408 546 429 570 n
447 546 523 584 qua
546 545 705 583 sequens
726 544 798 569 vox
818 531 1054 572 ΣΤΑΥΡΟΣ
1073 530 1196 568 aliena
1216 537 1285 569 est.
1311 528 1422 567 Unde
1443 532 1605 583 suspicio

139 597 340 637 suboritur
369 598 489 635 serius
520 597 621 635 illam
647 595 851 633 secundam
873 604 1021 646 partem
1042 607 1122 632 esse
1138 593 1323 643 additam,
1343 592 1508 646 ideoque
1530 597 1606 637 sine

140 672 284 714 septem
326 661 469 700 ultimis
504 659 676 698 versibus
713 659 901 711 prodiisse
936 661 1100 711 primum
1135 658 1428 697 acrostichidem
1442 688 1452 706 ,
1492 667 1605 701 totam

139 728 192 765 sic
209 727 256 765 de
275 727 422 776 judicio
449 726 641 776 scriptam.

194 792 332 830 Verum
354 791 392 829 in
422 789 518 828 libro
544 787 731 839 Sibyllino
752 788 825 840 ipsi
847 788 902 826 illi
931 796 1074 839 septem
1096 800 1228 825 versus
1251 794 1327 824 tam
1348 795 1438 837 apte
1455 801 1538 825 cum
1558 802 1608 827 se·

140 856 348 908 quentibus
367 854 582 897 cohaerent,
607 861 648 890 ut
668 853 887 893 neu-..lacuna
906 867 977 891 nec
992 853 1201 891 interstitio
1220 852 1299 889 ullo
1317 864 1338 889 a
1353 852 1508 902 reliquis
1525 852 1606 892 libri

141 920 268 958 octavi
289 926 525 970 separentur.
554 917 686 968 ltaque
715 931 867 955 necesse
886 926 966 968 est,
994 917 1024 955 si
1045 917 1167 973 serius
1193 916 1313 955 additi
1334 924 1440 963 sunt,
1462 916 1609 957 additos

141 985 191 1024 ab
207 993 361 1023 auctore
383 983 465 1033 ipso
487 981 574 1020 libri
594 982 718 1019 octavi
737 983 853 1020 fuisse
879 997 888 1019 ε
915 991 1029 1034 atque
1049 982 1136 1019 ideo
1157 995 1245 1032 pars
1266 981 1371 1032 prior
1388 982 1610 1020 acrostichi-

142 1051 221 1094 dis.
248 1062 311 1087 seu
331 1061 416 1099 quae
445 1055 522 1085 tota
547 1047 639 1085 olim
659 1047 883 1085 acrostichis
912 1047 1002 1094 suit,
1031 1047 1227 1098 antiquior
1255 1045 1433 1084 habenda
1454 1055 1509 1084 est
1539 1061 1608 1085 uon

142 1115 255 1153 modo
280 1111 530 1164 sequentibus
555 1125 613 1149 vn
635 1112 832 1159 versibus,
854 1112 919 1150 sed
941 1113 1052 1150 etiam
1075 1121 1154 1150 tota
1179 1111 1266 1150 libri
1295 1112 1420 1149 octavi
1451 1112 1610 1151 secunda

142 1176 268 1232 parte}
289 1177 484 1228 antiquior
505 1177 622 1228 igitur
637 1177 769 1214 ceteris
786 1191 940 1228 quoque
955 1177 1150 1227 Sibyllinis
1170 1176 1362 1227 plerisque
1380 1175 1488 1214 libris
1510 1176 1611 1227 ipso·

142 1258 216 1296 que
236 1242 442 1282 Prooemio.
465 1244 544 1280 Nec
563 1249 686 1279 tamen
704 1240 872 1279 ausimus
898 1242 1066 1292 priorem
1081 1241 1183 1279 illam
1200 1240 1324 1278 facere
1343 1240 1443 1278 libro
1462 1249 1607 1291 quarto,

141 1309 228 1360 quia
250 1307 402 1345 videtur
419 1315 576 1357 quartus
596 1306 626 1343 is
652 1305 748 1343 liber
763 1305 963 1357 Sibyllinis
980 1305 1158 1343 omnibus
1176 1306 1394 1344 christianis
1410 1305 1506 1343 viam
1529 1319 1609 1357 ape-

141 1374 278 1420 ruisse,
297 1373 336 1410 in
357 1385 434 1422 quo
449 1384 488 1409 se
511 1370 655 1421 Sibylla
675 1371 756 1422 ipsa
775 1372 965 1418 nominat,
982 1385 1019 1410 v.
1041 1384 1088 1409 22
1109 1386 1117 1409 :

331 1436 382 1475 Σὺ
403 1435 438 1473 δὲ
455 1435 581 1483 πάντα,
599 1433 698 1487 λεὼς,
717 1434 864 1474 ἐπάκουε
883 1435 1078 1484 {tam-m,
1095 1473 1097 1476 .

144 1501 245 1540 unde
262 1501 403 1539 factum
429 1509 608 1552 putamus
627 1508 669 1537 ut
688 1509 726 1538 et
742 1511 942 1552 sequentes
962 1500 1050 1539 libri
1067 1510 1104 1539 et
1121 1500 1347 1539 acrostichis
1367 1500 1450 1551 ipsa
1467 1498 1612 1551 Sibynae

145 1566 422 1612 tribuerentur3
438 1565 547 1603 aliter
566 1578 613 1602 ue
629 1578 741 1603 causa
761 1564 913 1616 quidem
935 1566 1078 1611 suisset,
1094 1578 1163 1603 cur
1183 1564 1279 1604 fetus
1293 1564 1373 1603 esse
1390 1572 1611 1616 putarentur

144 1631 299 1683 Sibyllae
313 1631 517 1670 reticentis.
541 1631 673 1682 ltaque
693 1630 874 1669 libentius
891 1631 1081 1670 credimus
1098 1631 1277 1682 scriptam
1295 1644 1378 1669 esse
1393 1631 1612 1669 acrostichi-

143 1698 228 1736 detn
250 1698 350 1735 inter
372 1695 492 1734 libros
515 1696 565 1735 lv
582 1705 618 1734 et
640 1697 788 1746 tht‚§
818 1709 856 1744 2,
881 1696 919 1734 id
942 1705 1010 1742 est,
1032 1696 1132 1734 inter
1147 1696 1355 1735 Domitiani
1376 1704 1414 1734 et
1434 1695 1611 1734 Hadriani

145 1775 343 1815 tempora,
359 1762 525 1804 sortasse
542 1761 613 1800 sub
627 1762 752 1814 ipsum
774 1762 901 1800 saeculi
922 1762 1079 1800 secundi
1101 1762 1265 1802 initium.

155 1873 159 1881 Ι
198 1831 322 1879 Atque
338 1827 418 1865 haec
439 1827 539 1865 unde
563 1835 689 1864 ortum
711 1827 871 1878 ceperit,
891 1827 942 1864 ita
971 1827 1050 1865 fere
1070 1827 1307 1875 conjicimus.
1332 1827 1444 1865 Fama
1471 1833 1552 1863 erat
1577 1824 1610 1862 in

143 1893 323 1932 Cumanae
341 1905 408 1931 seu
435 1892 613 1930 nomanae
644 1891 796 1942 Sibyllae
827 1891 935 1929 libris
963 1900 1085 1929 totum
1115 1904 1268 1929 carmen
1296 1904 1366 1942 per
1391 1889 1611 1928 acrostichia

144 1971 225 1997 esse
246 1958 490 2009 descriptum.
512 1956 554 1995 ld
574 1965 704 2008 aperte
728 1956 938 1995 tradiderat
966 1956 1099 1995 Cicero
1118 1956 1164 1994 de
1182 1956 1310 1996 Divin.
1330 1955 1396 1994 lib.
1417 1955 1468 2004 ll,
1498 1955 1519 2005 S
1544 1955 1609 1999 54:

144 2023 298 2074 «Atque
328 2024 365 2060 in
394 2022 608 2072 Sibyllinis,
638 2022 784 2073 inquit,
821 2036 867 2060 ex
907 2022 1033 2073 primo
1064 2035 1178 2059 versu
1210 2020 1395 2072 cujusque
1421 2021 1610 2058 sententiae

145 2104 160 2120 a
176 2087 308 2138 primis
329 2086 446 2125 literis
463 2085 657 2138 [versuum
679 2099 815 2137 nempe
844 2086 1230 2138 sequentium]·illius
1248 2085 1445 2123 sententiae
1465 2096 1609 2121 carmen

143 2168 161 2185 ι
176 2164 289 2188 mnne
310 2150 575 2202 praetexitur.»
595 2149 698 2188 idem
722 2150 848 2188 innuit
869 2152 1076 2201 Dionysius
1094 2151 1213 2190 Halic.
1238 2150 1305 2190 lib.
1321 2150 1383 2198 lv,
1406 2149 1504 2199 §62‚
1522 2149 1611 2186 Var-

144 2229 274 2254 ronem
303 2224 495 2253 auctorem
526 2215 671 2262 citans,
702 2214 765 2253 ubi
798 2215 850 2253 ait
880 2216 917 2253 in
935 2215 1132 2266 Sibyllinis
1160 2229 1229 2253 suo
1259 2224 1430 2266 tempore
1457 2213 1610 2265 cognitis

143 2283 295 2335 spurios
314 2282 461 2333 aliquot
474 2294 604 2319 versus
626 2281 878 2333 deprehendi,
898 2295 1041 2333 eosque
1062 2281 1232 2319 salsitatis
1250 2280 1356 2331 argui
1379 2277 1609 2316 acrostichiis

143 2346 236 2398 ipsis
249 2375 259 2394 ,
287 2346 323 2384 id
345 2355 415 2393 est,
432 2346 647 2396 interrupta
667 2346 982 2384 acrostichiorum
1005 2345 1101 2384 serie
1121 2358 1129 2384 :
1148 2345 1211 2383 Ἐν
1229 2338 1278 2387 οἷς
1298 2342 1513 2397 εὑρίσκονταί
1530 2356 1610 2383 τινες

146 2409 418 2460 ἐμπεποιημένοι
433 2415 504 2454 τοῖς
518 2409 750 2457 Σιῧυλλείοις,
774 2410 978 2463 ἐλέγχονται
993 2409 1027 2449 δὲ
1045 2415 1121 2453 ταῖς
1141 2407 1372 2459 καλουμέναις
1383 2405 1608 2460 ἀκροστιχίσι.

147 2476 240 2521 Quae
270 2487 347 2525 quo
367 2487 477 2512 sensu
503 2475 689 2525 capienda
709 2476 783 2513 sint
801 2507 810 2522 ,
840 2476 876 2512 iu
912 2476 1087 2514 Excursu
1115 2474 1229 2512 tertio
1259 2472 1608 2511 demonstravimus.

147 2538 222 2577 Sed
250 2547 453 2589 utcumque
474 2539 685 2589 capiantur,
710 2539 798 2577 inde
832 2539 967 2590 procul
1001 2538 1121 2577 dubio
1154 2538 1257 2575 veuit
1276 2537 1364 2575 olim
1394 2536 1433 2574 in
1455 2544 1608 2573 mentem

96 2630 102 2637 ·
147 2604 362 2644 Christiano
381 2605 494 2642 alicui
509 2603 783 2654 Sibyllinorum
811 2603 965 2650 lectori,
992 2611 1032 2640 ut
1049 2603 1122 2640 tale
1141 2601 1334 2653 quoddam
1352 2597 1609 2639 acrostichidis
1652 2592 1656 2597 ’

146 2668 362 2720 specimen,
389 2668 602 2705 christianae
631 2667 815 2706 doctrinae
841 2667 1182 2714 accommodatum,
1206 2665 1277 2704 sub
1294 2665 1449 2717 Sibyllae
1465 2663 1610 2702 nominc

145 2732 293 2778 ederet;
318 2731 488 2782 illudque.
507 2732 614 2783 prior
641 2732 712 2769 iste
734 2745 846 2769 xxvu
877 2739 1021 2769 tantum
1056 2730 1228 2769 versibus
1254 2728 1609 2782 comprehenderat,

144 2797 250 2849 quod
279 2797 372 2835 alius
394 2795 533 2834 deinde
552 2795 762 2847 Sibyllista,
781 2795 953 2834 versibus
976 2796 1122 2847 aliquot
1140 2803 1308 2842 auctum,
1325 2794 1607 2832 fundamentum

118 2892 121 2895 .
145 2861 230 2899 fecit
256 2861 344 2899 libri
366 2861 479 2912 VIII,
503 2860 525 2910 S
554 2874 591 2899 2.
