1737 3495
593 187 672 231 AD
708 187 1031 231 EXCURSUM
1067 188 1147 232 lV.
1201 147 1212 158 ⁹
1469 186 1590 263 ι301

140 298 219 325 uem
236 282 348 321 ullam
366 280 466 318 facit.
493 280 622 331 ltaque
642 279 672 322 si
698 279 847 317 novitas
879 279 940 317 illa
956 279 1118 330 jamtum
1147 293 1195 319 ox
1221 281 1408 319 artificum
1443 279 1599 332 iugenio

140 346 350 400 prodierat,
378 342 483 394 quod
509 343 665 381 omnino
686 356 825 394 negare
839 343 1028 394 n'nolimus,
1059 343 1235 381 nondum·
1257 352 1381 382 tamen
1413 344 1598 384 adoleve-

139 420 206 459 rat,
225 407 405 458 nequead
429 407 564 445 samam
586 414 835 458 pervenerat3
860 407 991 445 saltem
1005 406 1053 444 ab
1073 407 1177 444 illius
1193 408 1261 445 aevi
1276 408 1434 446 eruditis
1444 417 1598 461 recepta

140 474 302 515 nondum
324 472 459 510 suerat.

187 538 354 578 Artifices
372 549 476 584 ver0,
494 549 559 574 seu
590 536 756 588 pictores
771 564 781 583 ,
803 549 867 574 seu
889 535 1124 586 sculptores,
1151 534 1318 586 Sibyllas
1347 548 1433 574 suns
1452 536 1601 576 duode-

137 606 228 651 cim,
249 610 362 652 atque
378 601 415 638 in
440 602 486 639 iis
505 601 600 639 duas
619 600 701 638 illus
722 600 970 648 adventitias,
993 614 1068 638 non
1090 600 1264 638 barbaris
1284 609 1428 638 tantum
1443 602 1600 647 saeculis,

138 668 198 708 sed
223 676 258 705 et
281 666 329 704 ad
359 665 573 704 doctrinam
604 666 891 704 renascentibus
906 696 916 714 ‚
936 666 1064 718 etjam
1089 666 1321 714 cultissimis,
1341 667 1599 708 retinuerunt.

137 733 222 781 Quis
252 731 350 769 enim
380 731 530 782 ignorat
553 730 870 768 celebratissimus
895 732 975 769 illas
996 731 1192 769 Michaelis
1213 731 1347 782 Angeli
1370 731 1535 782 Sibyllas
1563 734 1601 771 ln

138 798 266 837 sacello
285 797 435 835 Sixtino
460 796 668 834 vaticano?
687 809 772 834 cum
793 796 934 847 quibus
956 797 1126 834 aemulari
1147 796 1238 834 solae
1255 805 1416 848 possunt
1442 810 1528 848 quae
1552 795 1602 834 ab

139 863 315 905 Urbinatc
345 861 536 912 Rapbaelc
567 860 728 912 depictae
759 862 935 899 visuntur
955 862 994 899 in
1016 861 1096 899 aede
1119 861 1269 900 Sanctae
1300 861 1429 900 Mariae
1446 875 1468 899 a
1485 862 1602 909 Pace,

140 929 191 966 hae
205 939 291 964 vero
310 933 475 976 quatuor
491 933 637 962 tantum
659 934 695 962 et
713 939 844 963 omnes
863 926 1040 976 antiquae.
1069 926 1166 970 Illas,
1191 939 1286 976 <luas
1304 926 1484 971 diximus,
1504 925 1602 965 duo·

139 992 251 1030 decim
272 991 308 1027 in
334 990 438 1028 libris
458 1003 614 1040 quoqne
635 991 901 1041 manuscriptis
925 990 1148 1028 saeculorum
1167 990 1341 1038 XlV,XV
1355 999 1392 1028 et
1413 992 1517 1039 xvl,
1543 1005 1606 1030 rc·

140 1057 258 1109 perire
277 1064 331 1093 cst
351 1068 496 1093 summa
511 1055 700 1093 interdum
721 1044 1011 1106 artedepictas,
1026 1064 1065 1093 ut
1087 1056 1323 1107 potissimum
1346 1056 1381 1092 in
1404 1056 1516 1095 Horis
1531 1056 1604 1096 illis

139 1134 223 1172 quas
236 1121 353 1157 Annae
373 1120 420 1157 dc
439 1120 595 1158 Francia
611 1149 620 1166 ,
640 1119 825 1158 Ludovici
843 1120 893 1158 xl
912 1120 1016 1168 liliae,
1038 1120 1153 1158 fuisse
1176 1120 1349 1170 tradunt,
1368 1120 1461 1158 Bibl.
1478 1122 1600 1162 Paris.

140 1200 242 1225 mser.
268 1199 356 1235 920.
376 1186 416 1224 ln
443 1185 635 1235 impressis
657 1198 748 1223 vcro
770 1184 888 1228 libris,
906 1193 1062 1222 ornatus
1083 1197 1218 1231 causa,
1237 1198 1334 1236 saepe
1353 1185 1435 1222 illas
1455 1186 1602 1224 mireris

139 1250 286 1301 eleganti
314 1250 405 1287 caelo
431 1249 638 1287 delineatas
662 1263 671 1286 :
695 1249 807 1299 quale
834 1258 889 1286 est
908 1249 1212 1299 antiquissimum
1236 1249 1395 1288 fortasse
1418 1249 1529 1301 hujus
1548 1250 1602 1288 rei

139 1315 340 1365 exemplar,
369 1315 467 1352 liber
488 1314 535 1351 de
562 1314 839 1351 Discordautiis
871 1314 1092 1365 Hieronymi
1119 1323 1157 1352 ct
1185 1316 1413 1366 Augustini,
1445 1325 1602 1354 auctore

139 1381 309 1430 Phiiippo
334 1378 381 1416 (le
408 1378 623 1426 Barberiis,
651 1391 815 1416 excusus
845 1392 931 1416 cum
962 1380 1093 1429 liguris
1121 1379 1276 1426 llomae,
1311 1380 1432 1427 14813
1463 1379 1601 1418 iterum

140 1447 273 1492 Romae,
300 1445 381 1482 sine
406 1457 532 1490 anno;
554 1458 598 1481 ac
618 1443 780 1494 denique
806 1444 1100 1495 Oppenheimii,
1136 1450 1230 1494 1494
1249 1445 1311 1495 (Ρ),
1334 1446 1447 1490 in·l.⁰.
1463 1439 1602 1492 Adde,

140 1512 165 1549 si
190 1510 298 1559 libet,
333 1511 452 1548 noras
480 1509 712 1549 Parisicnscs
742 1509 911 1560 aliasque
937 1510 1075 1547 saeculo
1106 1510 1172 1549 XV
1205 1510 1404 1548 desinente
1434 1510 1492 1548 vel
1517 1511 1602 1551 XVI

140 1576 333 1626 incipiente
367 1575 466 1626 typis
500 1574 644 1622 editas,
679 1575 890 1625 praesertim
923 1574 1096 1620 Parisiis,
1131 1574 1232 1612 curis
1260 1575 1425 1614 Simonis
1442 1573 1601 1625 Vostre',

139 1642 236 1678 annis
262 1641 372 1690 1498,
401 1641 522 1686 1528,
555 1648 640 1686 etc„
670 1640 707 1676 in
729 1639 867 1690 quibus
896 1638 1052 1691 Sibyllae
1077 1639 1278 1678 duodecim
1297 1654 1383 1678 cum
1405 1641 1604 1692 prophetis
1623 1639 1647 1673 Γ

139 1705 286 1756 aliisque
311 1704 448 1742 sanctis
481 1705 595 1752 viris,
621 1704 720 1743 inter
740 1704 852 1743 ssores
874 1712 911 1742 et
939 1704 1095 1743 frondes
1125 1713 1163 1743 et
1187 1705 1403 1743 avium·aut
1437 1705 1602 1756 ferarum
1632 1720 1634 1722 ’
1659 1724 1662 1727 ·
1683 1725 1687 1732 -

140 1771 267 1808 formas
285 1770 456 1822 aliosque
475 1772 663 1808 artificum
684 1770 755 1808 sibi
776 1770 1053 1821 indulgentium
1089 1771 1214 1818 lusus,
1249 1785 1437 1822 expressae
1463 1772 1602 1823 passim

140 1843 290 1875 exstant.
312 1835 558 1874 Recentiores
582 1844 708 1873 autem
733 1834 864 1882 libros,
887 1835 952 1886 qui
972 1834 1205 1886 Sibyllarum
1228 1835 1456 1887 imaginibus
1476 1836 1602 1876 ornati

141 1899 377 1951 prodierunt,
398 1913 625 1937 enumerare
651 1899 805 1950 longum
825 1900 887 1946 sit,
906 1899 1096 1950 simulque
1113 1899 1350 1950 negotiosum
1368 1908 1405 1938 ct
1415 1901 1601 1938 otiosum:

140 1977 291 2014 «piorum
315 1964 531 2015 praecipuos
552 1963 718 2002 editores
742 1963 831 2002 satis
846 1963 918 2001 crit
934 1963 1175 2013 indigitasse,
1196 1963 1459 2010 Boissnrdum,
1479 1966 1605 2015 Opso·

142 2042 269 2079 poeum,
289 2029 489 2079 Gallaeum‚
509 2028 747 2067 Gronovium
774 2027 892 2065 lilium
918 2028 954 2064 in
977 2028 1090 2066 Thes.
1108 2027 1226 2079 antiq.
1241 2041 1299 2079 gr.
1322 2037 1415 2066 tou).
1438 2028 1488 2077 11,
1504 2038 1577 2067 etc.

187 2094 294 2145 Apud
319 2094 388 2131 lios
409 2106 566 2140 omnes,
585 2101 626 2131 ut
654 2093 692 2130 in
714 2092 997 2143 antiquioribus
1019 2093 1092 2130 illis
1117 2093 1344 2143 templorum
1366 2093 1546 2143 picturis,
1566 2101 1605 2131 et

141 2157 250 2195 forma
271 2167 307 2196 et
326 2167 415 2196 aetas
446 2166 483 2195 et
516 2158 630 2196 vestis
651 2166 689 2195 ct
709 2157 864 2195 habitus
888 2157 1122 2208 singularum
1146 2157 1380 2208 Sibyllarum
1409 2157 1510 2196 varie
1532 2157 1606 2196 fin-
1630 2151 1632 2153 ,

139 2230 270 2271 guntur
289 2236 359 2272 pro
381 2222 567 2260 artificum
587 2222 738 2272 ingenio
757 2222 814 2258 vel
837 2234 907 2271 pro
932 2220 1093 2258 arbitrio
1115 2221 1399 2271 redemptorum
1417 2229 1606 2272 patrono-

142 2301 265 2326 rumve
289 2290 539 2326 doctorumve
565 2289 732 2326 virorum
761 2288 896 2338 quide
926 2302 968 2325 ca
992 2301 1031 2325 re
1056 2288 1219 2325 consulti
1255 2287 1420 2328 fucrant.
1448 2289 1545 2327 Hinc
1565 2289 1604 2327 in

141 2352 326 2391 codicibus
339 2354 533 2391 nonnullis
549 2366 660 2391 manu
682 2352 847 2390 exaratis
866 2350 1027 2389 aclibris
1047 2351 1160 2388 ctiam
1174 2351 1293 2401 praelo
1311 2350 1422 2388 editis
1435 2351 1606 2399 ,scliedae

140 2417 300 2465 quaedam
323 2418 583 2469 reperiuntur,
604 2418 729 2468 ignota
753 2417 997 2467 plerumque,
1019 2415 1085 2453 sed
1107 2429 1182 2452 non
1211 2415 1363 2452 indocta
1385 2428 1520 2459 manu,
1540 2415 1604 2453 in-

141 2481 278 2518 terdum
298 2497 365 2520 nec
390 2483 593 2533 ineleganti
610 2482 803 2528 oratione,
820 2481 983 2532 scriptae,
1002 2481 1037 2518 in
1060 2480 1247 2518 artificum
1266 2480 1412 2518 scilieet
1433 2480 1605 2531 gratiam,

142 2546 337 2592 praesertim
364 2547 430 2597 qui
452 2545 680 2584 decorandis
711 2545 938 2596 templorum
959 2544 1067 2581 vitris
1092 2557 1248 2594 operam
1270 2543 1482 2591 navabant3
1503 2557 1603 2594 quo-

142 2619 216 2644 rum
236 2622 345 2647 causa
366 2612 509 2661 efligies
537 2609 835 2660 uniuscujusque
855 2608 1008 2659 Sibyllae
1029 2609 1261 2646 describitur
1292 2609 1340 2645 ita
1363 2617 1541 2646 accurate
1569 2617 1606 2646 et

143 2669 288 2717 minute,
308 2681 347 2709 ut
368 2673 477 2710 facilc
509 2672 687 2723 penicillo
704 2671 868 2722 exprimi
890 2671 1018 2721 possit.
1048 2670 1270 2721 llujusmodi
1296 2670 1425 2707 folium
1446 2677 1502 2707 est
1522 2683 1607 2707 ma-

142 2735 370 2786 nuscriptum
392 2739 428 2774 in
447 2735 628 2773 Biblioth.
658 2736 915 2781 Bruxellensi,
938 2733 982 2771 n⁰
1001 2735 1098 2781 5267
1115 2751 1125 2781 3
1145 2743 1182 2771 et
1203 2748 1272 2771 nos
1298 2734 1427 2772 talium
1459 2734 1604 2772 descri-
1643 2767 1648 2773 .

143 2799 308 2846 ptionum
334 2801 505 2851 exempla
519 2800 598 2852 jam
616 2800 744 2850 aliqua
768 2800 997 2850 protulimus
1021 2799 1055 2836 in
1082 2799 1172 2838 Exc.
1196 2798 1232 2844 1,
1254 2811 1339 2850 cap.
1366 2799 1423 2845 ¹6,
1442 2811 1488 2837 cx
1506 2797 1607 2835 libro

142 2860 379 2901 cronicarum
400 2865 584 2916 impresso
611 2878 695 2902 cuni
728 2864 879 2913 liguris,
904 2864 1034 2902 Vcnct.
1049 2891 1059 2908 ‚
1087 2865 1204 2912 1493,
1228 2862 1350 2912 in-l0⁰‚
1369 2862 1506 2912 quibus
1525 2863 1604 2899 haec

144 2925 223 2963 addi
246 2936 399 2977 possunt
416 2943 460 2966 cx
482 2928 580 2967 libro
602 2929 770 2980 Philippi
794 2927 840 2964 de
868 2927 1058 2965 Barberiis
1082 2940 1197 2977 supra
1217 2926 1333 2964 c'uato
1356 2941 1364 2963 :
