1752 3495
55 439 130 464 [θ’-ι

0 553 58 603 usi
77 550 127 599 ἑο
160 587 179 599 s

3 755 96 800 [ντὶ
114 783 125 800 0
137 778 153 800 3
166 757 206 803 [ἱ

222 158 352 205 '116-
623 157 698 200 AD
732 155 1068 200 SlBYLLlNOS
1110 153 1312 198 Llssnos

210 228 319 298 [suae
344 254 509 293 studium
539 252 752 291 cautissime
779 251 1028 299 simulabant,
1047 251 1224 288 eviluisse
1245 249 1391 300 pridem
1420 256 1532 299 atque
1560 249 1693 289 obsor-

205 300 378 371 (duisse.

294 384 438 430 Quarto
455 389 578 419 tamen
599 380 656 418 vel
677 379 898 431 insequente
916 378 1065 424 saeculo,
1087 376 1305 429 philosophi
1322 376 1386 427 qui
1404 376 1515 427 vulgo
1535 377 1692 430 Neopla·

243 448 358 486 tonici
387 455 584 492 vocantur,
624 453 664 482 ut
695 454 802 483 erant
845 456 1065 482 arcanarum
1099 441 1436 491 abstrusarumque
1471 441 1691 493 religionum

243 510 372 562 cupidi
393 510 696 559 investigatores,
729 509 894 548 Socratis
921 508 1031 545 etiam
1051 515 1116 544 aut
1143 506 1311 544 Platonis
1340 505 1507 555 magistri
1529 506 1586 543 sui
1612 520 1694 545 cre-

242 576 368 613 dulam
396 588 485 626 erga
509 573 658 611 divinos
677 573 848 610 fiduciam
869 572 1080 620 imitantes,
1103 571 1258 624 insuper
1277 582 1369 607 vero
1394 569 1601 607 deficientis
1629 583 1694 621 pa.

242 639 400 691 ganismi
431 638 667 689 superstitem
694 636 899 689 quamlibet
934 636 1095 673 favillam
1126 635 1297 672 refovere
1333 642 1370 670 et
1398 633 1563 671 excitare
1596 647 1692 692 qno-¹

240 716 402 755 cumque
428 702 540 740 modo
568 710 770 748 certantes,
798 712 927 751 rursus
948 707 1146 750 coeperunt
1173 698 1324 748 Sibyllae
1350 697 1493 734 dudum
1522 699 1693 749 neglecta„-

238 769 367 807 laudes
388 759 614 805 decantare:
648 767 881 814 Erythraeam
903 765 1048 802 scilicet
1067 764 1258 814 praeeipue
1282 761 1561 812 intelligebant,
1589 764 1692 814 cujus

238 834 347 872 unius
363 833 588 870 mentionem
608 830 706 882 apud
727 832 828 881 ipsos
848 830 1071 866 invenimus.
1093 831 1319 877 Quanquam
1338 840 1412 864 non
1434 825 1603 863 videmus
1631 841 1691 867 eos

239 907 314 936 tam
347 896 505 934 libenter
526 895 711 945 Sibyllina
740 895 871 931 citasse
900 894 1051 931 oracula
1077 906 1188 943 quam
1209 893 1429 929 Zoroastre-a
1453 898 1490 927 et
1512 891 1690 943 Orphica,

236 962 381 1011 aliaque
398 959 562 1011 ejusdem
583 960 711 996 farinae
731 959 915 1010 figmenta,
934 970 1028 1008 quae,
1052 956 1232 994 doctrinae
1249 968 1324 992 suae
1342 954 1458 1005 magis·
1480 955 1640 992 faventia
1658 967 1692 994 et

224 1026 421 1076 -pleraque
443 1037 463 1061 a
487 1023 562 1061 suis
592 1023 770 1069 conficta,
794 1035 863 1073 pro
889 1022 988 1059 veris·
1009 1021 1128 1070 accipi
1152 1019 1351 1064 volebant;
1375 1017 1440 1054 scd
1467 1017 1514 1055 ad
1542 1019 1693 1069 Sibyllae

240 1091 443 1140 Erythraeae
463 1090 602 1127 natales
625 1090 845 1139 ineptasque
871 1089 918 1126 de
949 1088 1029 1140 ejus
1050 1088 1206 1125 infantia
1236 1086 1380 1125 fabulas
1397 1116 1406 1132 ,
1440 1094 1616 1136 tanquam
1642 1086 1694 1124 di·

237 1155 334 1192 vinae
353 1163 390 1192 et
419 1154 627 1204 Apollineae
644 1154 776 1190 mentis
803 1161 1045 1202 argumenta,
1077 1151 1197 1202 palam
1232 1159 1442 1202 provocant
1464 1152 1633 1189 llerinias
1658 1151 1692 1188 in

238 1218 438 1257 Phaedrum
465 1226 520 1263 et,
547 1231 592 1254 ex
624 1216 704 1267 ejus
735 1216 834 1254 haud
866 1216 980 1254 dubie
1011 1216 1106 1262 fide,
1134 1216 1290 1254 Proclus
1312 1216 1350 1253 in
1371 1216 1578 1263 Timaeum,
1604 1215 1693 1252 locis

236 1283 336 1333 apud
359 1296 425 1320 uos
444 1282 565 1320 citatis
583 1281 618 1318 in
646 1282 733 1320 lixc.
754 1282 791 1328 1,
812 1295 894 1334 cap.
918 1296 950 1320 2.

292 1348 377 1385 Haec
396 1347 470 1384 sere
498 1347 649 1384 suerunt
677 1346 806 1384 ultima
828 1346 1054 1396 Sibyllarum
1077 1345 1261 1393 encomia,
1276 1345 1518 1396 depereuntis
1537 1345 1694 1383 ethnicae

237 1412 427 1463 religionis
461 1411 593 1448 ultimo
627 1411 733 1461 quasi
771 1410 887 1448 halitu
907 1411 1056 1459 efflata,
1081 1423 1165 1470 quae
1185 1423 1272 1448 mox
1302 1423 1387 1447 cum
1413 1410 1503 1461 ipsis
1527 1410 1692 1460 Neopla-

237 1477 446 1515 ionicorum
475 1475 625 1522 scholis,
642 1475 855 1513 Justiniano
877 1484 1079 1527 regnante,
1098 1475 1382 1519 conticueiunt‚
1407 1483 1448 1511 ut
1475 1474 1610 1511 deinde
1631 1488 1694 1525 per

237 1550 356 1578 totum
396 1539 561 1577 medium
596 1552 715 1576 aevnm
746 1540 847 1576 nulla
883 1540 960 1577 sele
993 1539 1219 1589 Sibyllarum
1252 1540 1389 1578 mentio
1421 1540 1521 1590 apud
1544 1541 1693 1578 Graecos

235 1605 349 1643 fieret.
371 1603 483 1654 Apud
515 1604 661 1640 Latinos
685 1611 807 1640 autem
830 1603 1012 1641 memorii
1041 1604 1211 1649 illarum,
1235 1604 1418 1641 lactantii
1439 1617 1511 1654 ope
1537 1613 1693 1650 servata,

235 1680 388 1719 prorsus
409 1667 447 1704 in
467 1666 575 1704 aliam
597 1666 695 1703 viam
718 1665 881 1714 abierat,
901 1676 941 1704 ut
962 1680 1082 1718 prope
1104 1680 1150 1704 ex
1167 1667 1326 1705 ethnicis
1346 1668 1560 1706 christianae
1581 1670 1694 1705 relin-

232 1740 434 1782 gerentur,
463 1744 536 1767 non
557 1730 667 1767 aliter
694 1730 836 1781 qnippe
865 1732 1024 1781 cognitae
1042 1744 1154 1781 qnam
1185 1731 1441 1770 Lactantianis
1462 1733 1690 1783 fragmentis,

233 1794 272 1831 id
295 1802 369 1838 est,
393 1792 618 1844 quibusdam
637 1792 906 1843 Sibyllinorum
939 1794 1124 1832 librorum
1148 1784 1168 1831 a
1189 1794 1300 1833 nobis
1325 1795 1513 1833 editorum
1535 1797 1693 1845 laciniis,

233 1858 271 1895 id
290 1858 389 1908 quod
414 1858 529 1895 fusius
543 1857 641 1894 infra
660 1857 983 1895 demonstrabitur
1004 1859 1040 1895 in
1061 1859 1153 1896 Exc.
1175 1859 1235 1897 IV.

285 1923 381 1962 Satis
404 1922 651 1973 hinceliqnet
682 1936 749 1960 cur
784 1933 857 1960 tam
890 1935 1022 1974 parum
1052 1936 1095 1961 ac
1127 1937 1247 1974 prope
1271 1924 1363 1961 nihil
1386 1923 1432 1961 de
1456 1933 1511 1962 tot
1531 1925 1693 1976 profanis

233 1987 450 2026 Graecorum
483 1985 676 2036 Sibyllinis
706 1986 752 2023 ad
789 1999 855 2024 nos
887 1988 1112 2038 pervenerit.
1151 1989 1253 2033 Quas
1274 1997 1396 2026 tamen
1424 1989 1573 2026 illorum
1608 1990 1692 2026 reli-

232 2052 340 2102 quias
365 2051 542 2101 colligere
569 2051 778 2101 potuimus,
812 2060 962 2089 servato
998 2052 1289 2099 rerum-ordine
1317 2053 1362 2090 ad
1384 2066 1478 2104 quas
1509 2053 1692 2104 respicere

234 2118 322 2156 visae
334 2125 422 2154 sunt
439 2117 652 2167 (plerasque
667 2117 766 2154 enim
786 2116 856 2154 sub
876 2117 967 2168 ipsis
987 2117 1094 2155 factis
1111 2118 1167 2154 vel
1189 2126 1275 2168 post
1295 2119 1373 2168 ipsa
1393 2118 1488 2156 facta
1507 2120 1693 2170 prodiisse,

235 2181 356 2232 palam
380 2183 475 2231 est),
498 2182 535 2218 in
555 2180 802 2231 appendicem
823 2182 869 2218 ad
901 2182 1003 2219 hunc
1036 2183 1244 2220 Excursum
1278 2181 1527 2232 conjecimus3
1556 2184 1689 2221 additis

235 2245 454 2283 feminarum
483 2245 670 2283 vaticiniis
693 2260 777 2296 quae
798 2260 868 2296 pro
889 2246 1044 2296 Sibyllis
1072 2246 1276 2297 aliquando
1311 2247 1441 2285 haberi
1467 2248 1688 2294 voluerunt,

234 2317 435 2359 vatumque
449 2309 560 2347 etiam
577 2310 746 2346 virorum
762 2323 921 2360 quornm
943 2312 1095 2348 oracula
1111 2312 1166 2348 vel
1189 2311 1394 2362 fragmenta
1414 2314 1538 2363 aliqua
1557 2327 1689 2365 snper-

234 2381 342 2418 sunt3
380 2373 514 2410 additis
560 2374 713 2423 insuper
759 2374 1020 2424 Aristophanis
1057 2385 1093 2413 et
1122 2375 1277 2413 Luciani
1315 2377 1494 2427 parodiis,
1529 2393 1718 2429 quarum·

234 2437 516 2487 comparatione
535 2439 673 2475 certior
698 2452 741 2476 ac
771 2439 916 2489 plenior
938 2440 1071 2477 notitia
1090 2441 1286 2492 Sibyllinae
1312 2455 1468 2492 poeseos
1498 2456 1519 2480 a
1540 2445 1688 2481 curioso

234 2503 366 2539 barum
397 2515 520 2539 rerum
549 2502 688 2539 lectore
715 2504 857 2554 percipi
887 2504 1016 2554 possit.
1040 2505 1124 2542 Haec
1144 2505 1271 2542 onmia
1297 2519 1382 2543 cum
1406 2519 1473 2544 sua
1500 2508 1689 2559 interpre-

235 2566 377 2604 tatione
402 2566 517 2603 latina
545 2579 705 2616 cumque
732 2568 977 2605 annotatione
997 2577 1126 2605 nostra
1146 2569 1223 2619 jam
1246 2578 1331 2620 post
1360 2570 1460 2608 hunc
1487 2584 1684 2610 excursum

231 2630 452 2682 prodibunt.
498 2630 655 2670 Oracnla
688 2643 778 2668 vero
811 2645 895 2682 quae
925 2645 999 2669 non
1036 2646 1057 2670 e
1098 2633 1323 2682 Sibyllarum
1357 2643 1422 2672 ant
1454 2645 1579 2674 vatum
1616 2650 1681 2674 suo

227 2697 380 2733 nomine
398 2695 703 2746 prophetantium
730 2708 817 2742 ore,
838 2696 901 2733 sed
927 2710 947 2734 e
972 2697 1120 2746 tripode
1141 2698 1255 2735 velex
1272 2697 1386 2748 adyto
1406 2701 1570 2738 Deorum
1589 2715 1680 2752 pro-

226 2762 314 2811 lata,
345 2760 481 2811 passim
514 2758 615 2810 apud
645 2768 816 2798 auctores
850 2762 1117 2812 reperiuntur,
1153 2763 1325 2800 consulto
1354 2766 1679 2814 praetermisimus,

225 2833 264 2861 nt
286 2833 375 2875 poti·
400 2824 448 2861 ab
478 2823 649 2860 instituto
672 2832 801 2861 nostro
821 2825 968 2864 aliena:
997 2838 1158 2875 quorum
1181 2827 1209 2863 si
1231 2828 1312 2877 quis.
1336 2828 1677 2884 desiderium-amre
