1752 3495
98 183 158 227 62
480 180 553 224 AD
586 181 936 229 SIBYLLINOS
971 184 1180 228 LIBROS

102 289 210 331 ptos,
236 277 385 317 AEnei'd.
417 277 481 324 vt,
500 290 536 316 v.
556 291 622 325 72,
641 292 827 329 nusquam
855 288 979 316 autem
1002 278 1050 317 ab
1079 280 1162 331 ipsa
1183 280 1396 331 Tarquinio
1424 284 1556 322 allatos

98 344 291 397 professus
314 349 388 388 est,
408 353 476 378 nec
505 355 584 392 quo
606 342 720 379 modo
736 342 891 379 Romam
912 344 1136 392 perventuri
1151 352 1296 391 essent,
1315 345 1439 384 AEneae
1456 360 1557 398 prae-

96 410 223 448 dicere
236 408 394 445 curavit.
410 405 510 451 Quid
528 404 576 442 de
591 419 632 443 ea
646 419 689 449 re
704 405 864 442 senserit
882 406 983 455 ipse,
1003 420 1081 443 nnn
1103 416 1272 445 nostrum
1289 417 1344 446 est
1362 422 1529 459 quaerere
1545 426 1553 448 :

95 481 198 512 certe
214 469 364 509 silentio
393 482 463 507 suo
490 482 674 507 summam
704 468 967 507 difficultatem
997 470 1133 518 elusit,
1167 484 1230 508 seu
1263 485 1370 509 novae
1402 474 1556 524 Sibyllae

68 564 74 571 .
91 532 356 587 procreandae,
375 546 439 572 seu
457 532 634 571 Cumanae
657 545 724 582 per
739 540 883 583 septem
906 533 984 571 sere
1001 534 1136 572 saecula
1157 534 1413 586 producendae
1439 546 1554 588 atque

87 602 125 637 in
147 612 283 637 munus
304 597 526 636 indecorum
546 597 795 644 reservandae,
815 610 931 648 quam
948 606 985 636 et
1004 599 1111 637 Divae
1128 599 1287 638 similem
1308 601 1458 640 etsenio
1473 603 1552 653 jam

88 671 311 715 provectam
330 662 454 700 AEneae
473 661 646 699 comitem
663 660 878 702 addiderat.
893 662 1021 701 Serius
1040 664 1370 704 tentavitSolinus
1384 680 1488 717 ‚cap.
1513 681 1549 712 2,

87 727 383 778 Tarquinianam
407 725 588 775 Sibyllam
623 738 707 762 cum
738 726 908 762 Cumana
937 726 1047 763 simul
1079 737 1116 764 et
1138 728 1263 766 Sicula
1291 730 1551 778 confundere,

85 793 244 845 ejusque
258 791 433 829 sacellum
451 790 590 833 Cumis,
604 790 820 840 sepulcrum
841 789 1001 840 Lilybaei
1019 792 1257 842 monstravit,
1271 793 1336 830 sed
1351 803 1550 833 auctorum

85 857 210 904 solus,
239 864 281 893 ut
309 853 418 891 nobis
442 852 595 903 quidem
623 853 801 900 videtur,
819 861 936 903 utque
963 854 1083 901 infra,
1106 868 1189 905 cap.
1216 868 1281 900 11,
1301 856 1439 896 iterum
1471 873 1551 897 mo·

86 920 270 959 nebimus.
290 918 416 957 Ceteri
448 926 535 968 post
563 918 762 967 Virgilium
784 918 944 957 Romani
962 920 1187 970 scriptores,
1213 920 1330 958 divini
1351 922 1409 959 sui
1429 933 1551 974 poetae

84 984 250 1035 vestigiis
263 1012 274 1034 ,
293 991 334 1020 ut
349 983 484 1028 solent,
507 981 757 1031 adliaerentes,
779 982 947 1021 Cumana
967 984 1118 1034 quidem
1136 985 1289 1022 oracula
1310 986 1451 1036 ubique
1471 1002 1551 1026 me-

80 1057 249 1095 morant,
265 1048 312 1086 de
333 1060 466 1085 eorum
485 1055 611 1084 autem
628 1047 840 1085 venditrice
861 1048 1004 1098 Sibylla
1025 1049 1118 1086 nihil
1137 1050 1239 1088 clare
1260 1050 1467 1097 definiunt,
1484 1055 1549 1091 vi-

80 1115 297 1163 denturque
328 1111 602 1150 diversissimas
625 1111 733 1149 binas
760 1112 984 1151 traditiones
1007 1113 1264 1152 Cumanorum
1293 1124 1330 1153 et
1359 1118 1548 1156 Romano-

81 1191 186 1222 rum,
216 1175 355 1214 erroris
384 1174 528 1211 vitandi
559 1188 694 1220 causa,
724 1175 887 1213 incertas
928 1185 1042 1227 atque
1070 1190 1271 1228 suspensas
1303 1181 1544 1231 relinquere,

78 1241 184 1292 quod
202 1240 354 1278 interim
374 1252 396 1276 a
419 1238 625 1276 lectoribus
647 1239 786 1277 nostris
807 1240 1057 1290 requirimus,
1083 1242 1205 1280 donec
1229 1252 1345 1282 totam
1367 1244 1414 1282 de
1443 1259 1485 1283 ea
1506 1259 1546 1283 re

80 1304 300 1343 sententiam
322 1303 440 1340 fusius
458 1303 744 1353 exposuerimus
763 1303 802 1340 in
825 1303 917 1341 Exc.
939 1303 1007 1341 111.

757 1450 845 1459 .—

148 1547 259 1586 (2AP.
278 1545 341 1585 lx.
363 1546 418 1581 De
441 1544 578 1580 Italica
598 1542 741 1591 Sibylla
753 1573 763 1592 ,
781 1558 846 1581 seu
864 1546 911 1581 de
927 1546 1123 1583 Carmenta
1142 1549 1311 1586 Evandri
1330 1560 1463 1590 matre.

125 1682 242 1721 Juxta
259 1680 467 1718 Cumanam
487 1685 612 1715 autem
632 1676 814 1727 Sibyllam
834 1691 897 1726 ac,
916 1678 946 1716 si
963 1678 1018 1717 sas
1037 1679 1186 1728 dicere,
1210 1681 1321 1732 juxta
1341 1691 1542 1735 utramque

73 1748 278 1786 Cumanam
292 1772 302 1790 ‚
321 1744 393 1781 suit
408 1744 532 1782 Romae
552 1750 657 1780 vates
672 1741 744 1779 alia
761 1741 955 1792 antiquior
973 1752 1136 1794 utraque
1160 1753 1198 1783 et
1214 1746 1252 1783 in
1270 1747 1403 1797 primis
1421 1748 1538 1796 clara,

73 1813 275 1850 Carmenta
291 1821 429 1858 nempe
456 1819 522 1844 seu
548 1806 783 1855 Carmentis,
812 1806 981 1844 Evandri
1009 1817 1128 1846 mater
1150 1820 1160 1848 τ
1191 1822 1304 1859 quam
1326 1819 1451 1848 tamen
1481 1814 1540 1851 Si·

71 1876 210 1927 byllam
229 1889 249 1913 a
263 1874 444 1913 Romanis
464 1885 649 1922 nusquam
666 1871 795 1909 vocari
811 1871 1094 1923 videmus3imo
1109 1871 1310 1926 distinguit
1324 1886 1456 1927 aperte
1473 1877 1539 1916 Li-

73 1941 166 1988 vius,
182 1939 247 1978 lib.
265 1939 296 1989 1,
317 1939 338 1988 §
358 1951 396 1985 7,
416 1936 482 1975 ubi
500 1936 547 1973 de
562 1949 605 1974 ea
621 1935 778 1974 muliere
797 1935 1008 1974 honorifice
1027 1937 1198 1988 loquitur
1212 1968 1223 1987 ,
1241 1956 1257 1973 «
1278 1953 1390 1990 quam
1409 1942 1538 1979 fatilo-

69 2023 85 2039 ι.
114 2017 243 2054 quam,
261 2003 403 2053 inquit,
424 2009 512 2039 ante
529 2000 683 2050 Sibyllae
706 2001 745 2038 in
770 2001 916 2039 ltaliam
936 2002 1143 2041 adventum
1165 2005 1309 2043 miratae
1332 2006 1388 2043 liae
1407 2017 1538 2057 gentes

68 2083 84 2104 a
115 2069 285 2118 fuerant3
302 2084 316 2100 υ
347 2066 545 2116 distinguit
564 2065 678 2103 etiam
698 2065 910 2103 Martianus
924 2066 1100 2117 Capella,
1122 2067 1170 2105 de
1192 2068 1344 2120 Nuptiis
1376 2070 1532 2119 Philol„

68 2131 135 2171 lib.
155 2130 203 2177 11,
222 2130 306 2168 loco
322 2130 400 2177 jam
420 2129 484 2166 cit.
499 2143 508 2165 ε
521 2146 536 2161 «ι
552 2128 625 2165 Alii
641 2141 793 2178 quoque
811 2128 925 2177 hujus
938 2131 1084 2179 generis
1100 2131 1322 2176 homincsin
1339 2133 1534 2173 divinandi

67 2214 82 2229 η
114 2207 224 2232 usum
253 2202 290 2231 et
313 2193 588 2244 praescientiam
609 2192 819 2243 procreati,
846 2202 888 2230 ut
914 2194 1124 2232 Carmentis
1146 2195 1183 2232 in
1215 2197 1446 2243 Arcadiam..
1469 2200 1532 2238 Si-

65 2277 83 2292 «
113 2257 309 2308 byllae,vel
331 2256 528 2306 Erythraea
548 2269 708 2306 quaeque
726 2255 877 2294 Cumaea
893 2266 962 2305 est,
979 2266 1047 2297 etc.
1063 2276 1077 2293 ι
1093 2258 1264 2297 Clemens
1282 2269 1405 2298 tamen
1419 2263 1528 2302 Alex.

67 2336 144 2361 non
171 2321 360 2360 dubitavit
380 2322 419 2358 in
449 2321 678 2371 Sibyllarum
701 2320 827 2358 album
847 2321 946 2360 hanc
971 2336 1126 2374 quoque
1152 2325 1312 2371 referre,
1345 2327 1531 2374 Italicam,

67 2390 217 2427 incerto
237 2395 407 2436 auctore,
425 2385 576 2433 dictam,
599 2385 658 2423 his
678 2385 803 2424 verbis
823 2400 833 2426 ε
862 2386 932 2425 'Essa
949 2386 985 2424 δὲ
1011 2387 1074 2434 τὴν
1101 2374 1276 2435 Ἰταλζκῆν
1316 2389 1506 2444 Σίὸυλλαν]
1521 2423 1531 2440 ,

64 2453 88 2500 ἣ
103 2452 144 2491 τὸ
160 2453 195 2490 ἐν
209 2450 332 2502 Ῥώμῃ
350 2448 536 2502 Κάρμαλον
550 2447 703 2502 ᾤκησεν,
720 2443 760 2495 ἧς
771 2449 840 2493 υἱὸς
856 2450 1042 2504 Εὔανδρος,
1059 2454 1076 2490 ὁ
1090 2452 1130 2490 τὸ
1144 2454 1179 2490 ἐν
1194 2452 1318 2505 Ῥώμῃ
1339 2456 1397 2491 τοῦ
1415 2454 1530 2499 Πανὸς

62 2517 154 2570 ἱερὸν
168 2516 208 2554 τὸ
231 2513 445 2568 Αουπέρκιον
462 2513 671 2564 καλούμενον
687 2514 817 2556 κτίσας.
833 2516 927 2561 Quae
942 2509 1073 2554 Graeci
1088 2518 1332 2564 recentiores,
1349 2519 1526 2566 Photius,

65 2581 277 2622 Scholiasta
296 2579 408 2626 Plat.,
445 2582 668 2629 Anonymus
698 2592 851 2629 quoque
885 2581 1068 2630 praesator
1090 2581 1138 2618 ad
1166 2581 1371 2632 Sibyllina,
1394 2584 1526 2622 iisdem

63 2645 222 2684 omnino
239 2643 465 2693 transcripta
484 2642 611 2680 verbis
632 2652 668 2680 et
692 2643 728 2679 in
750 2643 967 2693 catalogum
986 2645 1169 2682 Varronis
1189 2646 1367 2685 audacius
1384 2648 1527 2686 intrusa

63 2710 110 2748 ad
126 2708 368 2749 Cimmeriam
386 2707 596 2745 retulerunt
616 2721 624 2744 ε
645 2705 806 2757 Τετάρτη
828 2711 848 2754 ἠ
869 2707 1037 2753 Ἰταλικὴ,
1060 2711 1081 2755 ἡ
1103 2709 1137 2746 ἐν
1159 2711 1336 2764 Κιμμερίᾳ
1355 2714 1414 2758 τῆς
1431 2712 1524 2750 Ἰτα-

60 2775 158 2822 λίας,
177 2768 216 2820 ἧς
247 2772 318 2816 υἱὸς
339 2771 532 2824 Εὔανδρος,
565 2786 597 2808 κ.
617 2786 648 2810 τ.
681 2772 712 2809 λ.
734 2772 795 2810 Sic
821 2773 881 2810 isti
913 2772 1124 2811 Cimmeriae
1154 2776 1347 2824 Varronis,
1382 2777 1418 2814 id
1448 2787 1524 2824 est,

62 2839 227 2890 antiquae
249 2838 440 2883 (minante,
465 2836 630 2875 italicam
649 2836 852 2874 Clementis
877 2847 912 2875 et
929 2851 1031 2875 suam
1048 2839 1290 2878 suffecerunt.
1315 2842 1353 2880 ln
1370 2841 1521 2878 illorum
