1752 3495
192 181 249 224 18
558 177 638 220 AD
671 177 1015 222 SIBYLLINOS
1047 175 1256 221 LIBROS

186 276 289 315 nulla
317 282 412 312 esset
436 272 482 311 de
502 272 584 324 ejus
604 273 758 324 Sibyllae
778 283 899 312 morte
927 274 1209 324 controversia,
1238 286 1354 324 quum
1386 275 1468 323 ipsa
1499 274 1643 326 Apolli·

190 352 273 377 nem
291 337 571 376 interfectorem
590 338 761 376 versibus
779 339 855 376 suis
871 338 1039 389 designet
1060 350 1069 375 t

395 400 467 440 Kal
482 401 560 440 τότε
580 416 639 452 μοι
656 402 817 454 φθονέσας
837 404 970 448 Λητοῦς
989 399 1159 452 ἐρικυδέος
1171 401 1242 442 υἱὸς

392 464 618 513 Μαντοσῦνης
633 495 644 513 ,
664 464 800 504 παθέων
817 465 854 504 δὲ
875 465 1116 506 κατοικτίσσας
1135 464 1232 504 ὀλοὸν
1250 466 1333 517 κῆρ,

394 529 527 581 Ψυχὴν
542 529 701 577 ἐκλύσει,
719 544 754 567 κ.
779 543 810 567 τ.
831 529 864 567 λ.
1354 524 1355 527 “

187 593 252 633 ubi
270 603 361 633 nota
376 593 564 645 duplicem
579 593 762 643 Apollinis
780 592 976 640 affectum,
999 591 1182 630 invidiam
1198 594 1355 645 quippe,
1375 601 1416 630 ut
1435 593 1553 642 vatis3
1578 594 1647 630 mi-

186 659 444 706 sericordiam,
471 667 512 696 ut
540 658 675 695 fratris.
696 657 850 695 Invidiae
869 666 997 695 autem
1025 658 1064 695 in
1090 659 1170 697 Deo
1198 666 1284 698 vate
1313 658 1415 696 alind
1433 658 1646 709 exemplum

186 723 384 770 habemus,
405 722 507 773 quod
527 722 660 759 Linum
676 734 829 772 quoque
849 721 997 772 sagittis
1012 723 1213 761 confixisse
1242 724 1414 761 tradatur
1435 735 1455 760 a
1474 722 1645 774 Diogene

188 789 313 828 Laert.
343 788 383 834 1,
402 791 420 833 S
443 793 485 834 43
505 786 736 825 Philochoro
755 786 856 837 apud
878 786 1052 826 Eustath.
1075 787 1122 824 ad
1145 788 1185 825 ll.
1206 802 1241 833 σ,
1265 787 1338 834 570
1352 815 1361 833 ‚
1387 796 1460 827 etc.
1481 787 1554 826 Sed
1575 787 1647 825 lioc

188 854 362 898 sortasse,
382 859 422 888 ut
444 850 515 887 alia
535 850 653 887 multa
673 851 710 887 in
731 851 928 900 Erythraeo
949 850 1131 898 carmine,
1163 851 1285 889 furori
1306 850 1496 901 Sibyllino
1519 851 1648 902 impu-

188 916 354 962 tabatur,
373 927 496 964 neque
524 913 563 951 in
592 927 830 952 communem
852 914 1092 952 traditionem
1111 915 1269 952 abierat.

238 979 374 1028 Utique
393 977 440 1014 de
468 977 549 1027 ejus
567 985 688 1015 morte
707 978 867 1016 reticere
886 978 1010 1016 solent
1044 986 1218 1017 auctores
1237 992 1245 1016 t
1275 992 1362 1016 nam
1386 992 1471 1029 quae.
1495 979 1648 1018 Servius

185 1043 299 1082 habet
333 1040 379 1079 ad
405 1041 551 1080 AEneid.
577 1042 640 1089 Vl,
662 1043 730 1080 321
754 1070 765 1086 ,
796 1042 916 1079 voluit
944 1043 1025 1092 ipse
1053 1042 1100 1080 ad
1130 1042 1338 1081 Cumanam
1367 1044 1482 1093 magis
1504 1044 1649 1082 referri.

185 1106 257 1146 Sed
288 1113 373 1157 post
392 1113 551 1142 mortem
571 1105 662 1143 mira
683 1119 812 1143 rursus
838 1114 1040 1143 consecuta
1064 1106 1336 1151 tradebantur,
1368 1120 1451 1157 quae
1479 1107 1651 1144 videmus

186 1185 207 1210 a
223 1169 404 1222 gravibus
417 1169 527 1206 etiam
541 1168 758 1206 auctoribus
776 1169 896 1219 repeti
914 1182 923 1208 ε
941 1182 1076 1220 nempe
1091 1170 1211 1220 ipsam
1225 1184 1271 1207 ne
1289 1179 1476 1208 mortuam
1497 1169 1649 1221 quidem

187 1248 207 1273 a
227 1233 409 1271 vaticiniis
426 1245 591 1279 cessare,
608 1231 673 1269 sed
694 1232 859 1269 animam
879 1232 918 1269 in
936 1245 1023 1270 aera
1040 1232 1217 1270 diffusam
1237 1233 1426 1271 ominibus
1440 1234 1563 1272 adliuc
1580 1234 1652 1272 lio-

187 1299 306 1336 mines
332 1297 510 1343 edocere3
542 1297 714 1348 corporis
747 1305 872 1334 autem
901 1298 1080 1348 insepulti
1115 1299 1285 1349 reliquiis
1319 1307 1447 1350 pastas
1481 1300 1652 1338 volucres

187 1362 326 1400 aliasve
353 1362 581 1408 animantes,
613 1361 673 1399 vel
695 1375 780 1413 quae
798 1361 997 1400 subortum
1019 1376 1065 1400 ex
1088 1362 1170 1413 ejus
1189 1363 1276 1402 tabe
1294 1377 1448 1415 gramen
1467 1364 1652 1402 comedis·

187 1434 285 1472 sent,
305 1425 471 1476 auguriis
491 1425 744 1476 auspiciisque
766 1424 890 1462 sutura
911 1427 1112 1476 praesagire
1132 1427 1305 1478 coepisse.
1327 1428 1414 1466 Haec
1433 1428 1586 1478 quidem
1606 1440 1652 1466 ex

189 1491 306 1541 ipsius
324 1489 542 1527 testimonio
555 1518 564 1535 ‚
582 1489 725 1540 quippe
742 1490 789 1527 de
809 1503 847 1527 se
868 1490 954 1527 talia
975 1491 1185 1541 profitentis
1206 1492 1307 1542 apud
1326 1492 1447 1539 plut„
1471 1493 1517 1531 de
1535 1493 1650 1542 Pyth.

191 1567 295 1593 orac.
327 1554 398 1592 loc.
428 1553 491 1591 cit.
513 1564 524 1591 ἓ
544 1551 605 1595 Ὡς
624 1551 700 1591 οὐδὲ
720 1554 936 1592 ἀποθανοῦσα
954 1553 1050 1601 λήξει
1073 1557 1134 1601 τῆς
1153 1558 1379 1605 μοιντικῆς....
1396 1558 1445 1608 τῷ
1466 1555 1501 1594 δὲ
1523 1556 1597 1610 ἀέρι
1615 1556 1654 1595 τὸ

193 1620 327 1668 πνεῦμα
346 1614 534 1669 συγκραθὲν
553 1617 587 1654 ἐν
609 1615 739 1669 φήμαις
764 1616 818 1654 ἀεὶ
840 1616 1027 1670 φορήσεται
1062 1617 1121 1656 καὶ
1138 1618 1321 1665 κληδόσιν·
1341 1620 1380 1657 ἐκ
1399 1620 1434 1657 δὲ
1451 1623 1511 1658 τοῦ
1533 1620 1654 1669 σώμα-

190 1697 248 1725 τος
269 1681 523 1730 μιταὸαὶόντος
551 1681 585 1718 ἐν
604 1683 646 1732 τῇ
672 1682 717 1732 γῇ
736 1679 823 1723 πόας
837 1680 894 1719 καὶ
914 1679 996 1727 ὕλης
1011 1681 1248 1734 ἀναφυομένης
1261 1711 1272 1727 ‚
1298 1682 1507 1734 βοσκήσεται
1525 1682 1653 1729 ταύτην

190 1742 264 1795 ἱερὰ
283 1743 479 1794 θρέμματα,
499 1742 588 1795 χρόα
607 1758 643 1781 τε
663 1741 883 1786 παντοδαπὰς
900 1742 1063 1795 ἴσχοντας
1083 1744 1142 1782 καὶ
1161 1743 1294 1797 μορφὰς
1314 1745 1373 1784 καὶ
1390 1746 1576 1793 ποιότητας
1595 1747 1653 1786 ἐπὶ

189 1810 258 1845 τῶν
289 1807 521 1859 σπλάγχνων,
553 1808 611 1860 ἀφ’
639 1800 685 1844 ὧν
718 1807 751 1844 αῖ
778 1806 1012 1859 προδηλώσεις
1039 1807 1229 1860 ἀνθρώποις
1256 1812 1315 1847 τοῦ
1339 1808 1533 1860 μέλλοντος.
1563 1811 1655 1857 Quas

191 1871 318 1910 omnia
343 1871 579 1922 transcripsit
595 1884 615 1908 e
635 1871 839 1909 Plutarcho
856 1862 1033 1909 Clemens
1051 1872 1158 1912 Alex.
1180 1864 1338 1919 strom„
1362 1873 1429 1914 lib.
1451 1875 1481 1922 l,
1506 1888 1544 1925 p.
1567 1876 1654 1922 358,

191 1935 251 1974 ed.
267 1937 336 1974 Ox.
358 1935 431 1974 Sed
448 1935 572 1986 palam
590 1948 638 1972 ex
657 1935 844 1984 Erythraei
869 1935 1046 1972 carminis
1065 1937 1217 1987 epilogo
1237 1945 1390 1987 sumpta
1410 1946 1499 1975 sunt
1518 1938 1599 1976 haec
1622 1953 1629 1974 :

383 1996 482 2037 Ἔνθ’
500 1997 567 2051 ἄρα
587 2013 645 2048 μοι
661 1996 755 2050 ψυχὴ
773 1997 834 2048 μὲν
855 1999 886 2040 ἐς
904 1997 992 2051 ἠέρα
1003 2003 1203 2046 πωτηθεῑσα
1215 2028 1226 2046 ,

401 2060 583 2112 Πνεύματι
605 2065 857 2113 συγκραθεῖσα,
877 2064 1007 2113 βροτῶν
1027 2063 1073 2105 εἷς
1094 2061 1202 2101 οὔατα
1219 2062 1351 2115 πέμψει

401 2125 599 2172 Κληδόνας,
619 2140 656 2164 κ.
675 2141 710 2165 τ.
730 2125 764 2163 λ.
1174 2163 1179 2169 ,

193 2199 230 2227 et
249 2197 488 2241 cetera,q11ae
506 2202 550 2227 ex
572 2189 656 2240 ipso
671 2190 835 2227 carmine
853 2189 1023 2239 requiras
1039 2191 1139 2241 apud
1160 2192 1424 2242 phlegontem,
1445 2205 1520 2229 non
1540 2192 1655 2231 modo

191 2267 234 2291 ea
254 2254 480 2301 tradentem,
495 2253 559 2292 scd
579 2263 617 2291 et
634 2253 908 2304 vulgatioribus
926 2253 1054 2291 verbis
1068 2254 1399 2306 interpretantem,
1418 2254 1464 2294 de
1478 2256 1652 2307 LongaeV.

188 2325 319 2369 (τομή.
341 2317 529 2370 Legentur
548 2318 661 2356 etiam
682 2318 780 2355 inter
798 2317 1005 2367 fragmenta
1020 2317 1208 2367 Sibyllina
1227 2319 1330 2369 apud
1353 2333 1420 2358 nos
1440 2320 1554 2369 infra,
1569 2329 1655 2372 post

194 2383 286 2421 Exc.
308 2382 359 2429 ll,
383 2396 468 2420 cum
489 2383 736 2420 annotatione
759 2381 972 2432 proditura.

246 2446 356 2484 Aliud
375 2446 422 2484 de
440 2446 583 2496 Sibylla
600 2454 748 2484 mortua
769 2446 960 2496 vulgatum
977 2446 1069 2492 suit,
1089 2446 1194 2496 quod
1217 2448 1253 2485 in
1269 2448 1422 2500 epilogo
1437 2447 1552 2487 hodie
1568 2449 1656 2499 qni-

195 2510 279 2549 dem
312 2523 389 2548 non
411 2510 550 2561 legitur
573 2518 611 2547 et
630 2523 652 2547 a
678 2509 888 2559 Phlegonte
916 2518 1196 2548 commentante
1218 2511 1399 2548 omissum
1428 2520 1505 2559 est;
1528 2513 1654 2562 potuit

195 2584 342 2620 tamen,
372 2576 449 2613 imo
486 2575 643 2613 sortasse
684 2573 815 2613 debuit
842 2575 881 2612 in
911 2571 1140 2625 quibusdam
1166 2575 1345 2613 carminis
1374 2576 1654 2627 exemplaribus

195 2640 286 2678 olim
306 2640 427 2677 inesse
445 2653 454 2676 :
473 2653 610 2690 nempe
632 2648 794 2689 reeeptae
809 2639 848 2676 in
866 2640 998 2677 caelum
1018 2639 1116 2677 vatis
1140 2639 1253 2689 hujus
1273 2640 1406 2678 faciem
1431 2641 1650 2691 impressam

150 2718 156 2724 ·
191 2704 231 2741 in
265 2703 362 2740 lunae
391 2702 496 2740 disco
516 2715 683 2742 manere.
716 2702 845 2749 Quod,
871 2702 1044 2754 ineptum
1073 2703 1161 2741 licet
1181 2717 1223 2741 ac
1244 2704 1406 2754 puerile,
1430 2704 1654 2742 Plutarchus

195 2776 320 2804 tamen
335 2765 394 2804 bis
408 2775 611 2814 memorat,
633 2766 745 2804 semel
763 2765 811 2804 de
832 2766 944 2817 Pyth.
965 2780 1067 2805 orac.
1087 2768 1159 2805 loc.
1178 2768 1245 2807 cit.
1270 2768 1335 2806 nbi
1354 2768 1402 2806 de
1420 2768 1654 2806 carminibus

191 2828 346 2878 Sibyllae
361 2828 550 2879 loquitur,
571 2830 604 2867 ἐν
621 2823 672 2874 οἷς
693 2828 841 2880 ὕμνησεν
861 2828 1006 2878 ἑαυτὴν,
1029 2831 1074 2873 ὡς
1102 2829 1178 2868 οὐδὲ
1201 2832 1418 2872 ἀποθανοῦσαι
1447 2832 1541 2878 λήξει
1561 2847 1653 2882 μαν-
