1686 3500
76 229 170 274 444
490 226 570 271 AD
604 225 950 270 SIBYLLINOS
983 224 1194 270 LIBROS

75 325 260 365 censenda
304 334 371 364 cst.
403 324 497 364 Nam
526 324 672 363 etiamsi
711 338 783 376 pro
816 323 1000 375 dynastiis
1033 322 1270 374 accipiantur
1303 335 1396 374 quas
1432 333 1543 374 poeta

73 387 191 440 γενεάς
220 397 353 440 vocat,
378 401 453 426 non
479 387 636 426 videtur
670 401 782 426 sanus
804 387 891 426 inde
913 399 1045 425 sensus
1065 386 1146 424 erui
1172 398 1305 436 posse,
1335 386 1542 437 praesertim

72 455 190 503 quum
219 450 341 490 Graeci
367 459 405 489 et
429 451 586 490 Romani
626 464 702 489 una
736 448 979 502 generatione
1007 447 1265 487 includantur.
1293 447 1367 486 Sed
1403 448 1544 486 nihilo-

73 515 198 554 minus
213 522 376 567 apparet
399 514 514 552 fuisse
536 523 659 565 poetae
675 514 713 553 in
732 514 858 553 animo
878 521 920 551 ut
939 525 1185 565 quocumque
1203 511 1318 554 inodo
1337 511 1562 550 numeratis'

71 579 382 632 generationibus
415 579 600 617 decimam
627 592 731 617 suam
754 578 913 625 faceret,
948 577 1149 646 quoniam
1149 576 1187 614 id
1208 577 1400 614 communi
1423 576 1541 614 tradi-

73 645 175 683 tione
194 652 388 696 receptum
408 652 496 682 ante
522 657 562 681 se
594 650 809 694 repererat3
834 654 993 692 eamque
1011 626 1182 679 omnium
1205 640 1374 679 ultimam
1394 641 1544 680 censuit

71 718 108 748 et
123 722 274 761 usque.
264 708 311 746 ad
327 716 496 747 extrema
519 707 650 746 mundi
669 707 915 752 duraturam,
937 719 972 745 v.
995 712 1070 752 47.

227 771 331 812 Ἀλλὰ
343 774 386 810 τὰ
401 771 463 822 μὲν
481 771 607 821 δεκάτῃ
626 772 723 821 γενεῇ
744 769 838 821 μάλα
858 768 971 808 πάντα
984 770 1158 820 τελεῖται,

71 836 173 876 unde
188 845 227 875 et
243 850 373 888 supra,
393 850 431 876 v.
455 850 515 882 20,
534 844 634 873 recta
659 834 771 872 lectio
791 847 811 872 a
832 834 944 872 nobis
965 834 1138 872 restituta
1158 842 1215 872 est
1240 848 1248 872 ε

228 900 296 940 Ἐκ
314 900 455 952 πρώτης
469 901 585 950 γενεῆς
604 898 704 950 ἄχρις
721 899 754 942 ἐς
771 898 918 945 δεκάτην
938 897 1145 951 ἀφικέσθαι,

70 965 138 1004 ubi
154 966 304 1018 vulgata
327 965 416 1002 salsa
436 972 517 1002 erat
540 963 642 1016 ἄχρις
667 962 866 1010 ἑνδεκάτης.
899 964 981 1003 Non
1003 963 1129 1015 potuit
1149 963 1250 1002 enim
1273 963 1409 1001 Noster
1428 977 1446 1000 a
1472 977 1540 1001 so-

70 1031 184 1070 lemni
208 1031 272 1070 illo
294 1030 450 1068 denario
482 1042 643 1067 numero
670 1028 889 1076 discedere,
921 1042 1034 1080 quem
1067 1029 1105 1067 in
1138 1027 1318 1067 omnibus
1347 1028 1541 1080 Sibyllinis

69 1095 208 1132 nostris
227 1102 400 1132 constare
420 1092 584 1131 vidimus
601 1107 644 1131 ac
662 1093 885 1132 videbimus.

123 1158 236 1198 Liber
250 1158 353 1204 vm,
370 1163 391 1206 §
418 1172 450 1209 ι,
470 1158 637 1197 mulieris
652 1158 788 1209 ignotae
808 1157 1123 1207 dominationem,
1143 1171 1257 1210 quam
1279 1159 1416 1197 ultimo
1429 1157 1537 1210 judi-

68 1224 129 1262 cio
151 1223 327 1275 praeviam
352 1222 432 1260 sore
463 1223 706 1273 vaticinatur,
732 1223 769 1261 in
803 1224 914 1261 {inem
951 1223 1107 1275 conjicit
1138 1224 1295 1263 decimae
1322 1223 1541 1276 generatio·

67 1289 149 1335 nis,
169 1288 226 1326 his
243 1300 381 1339 nempe
403 1286 553 1334 verbis,
580 1301 615 1324 v.
642 1301 729 1338 199,
752 1300 838 1338 sqq.
859 1301 866 1326 ε
1414 1283 1423 1297 ’

225 1351 316 1391 Ἀλλ’
333 1350 413 1391 ὅταν
433 1354 454 1399 ἡ
470 1351 598 1399 δεκάτη
614 1352 713 1403 γενεὴ
732 1351 836 1403 δόμον
854 1351 966 1395 Ἄϊδος
984 1352 1086 1399 εἴσω,

221 1415 425 1469 Θηλυτέρης
443 1415 629 1466 μετέπειτα
647 1414 738 1468 μέγα
758 1416 895 1470 κράτος.
1108 1414 1111 1417 ⁴

65 1479 109 1519 ln
125 1493 203 1533 quo
223 1494 312 1519 sane
330 1480 484 1519 videtur
503 1481 564 1519 hic
585 1480 685 1519 liber
712 1481 850 1520 mirum
874 1490 1060 1533 quantum
1091 1495 1111 1520 a
1141 1482 1276 1520 ceteris
1301 1481 1538 1534 discrepare,

64 1545 95 1583 si
115 1553 199 1597 post
213 1545 396 1584 decimam
413 1554 603 1597 superstes
617 1545 689 1583 alia
707 1546 902 1596 generatio
920 1545 1173 1598 intelligatnr;
1192 1546 1256 1585 sed
1277 1559 1369 1584 cave
1389 1546 1537 1593 credas,

66 1623 163 1648 neve
193 1611 352 1649 nimium
380 1610 506 1649 latinae
537 1611 843 1663 interpretationi
879 1611 1067 1657 confidas,
1102 1624 1215 1662 quam
1243 1624 1311 1650 nos
1336 1611 1425 1650 olim
1451 1619 1540 1662 post

64 1682 210 1712 ceteros
238 1674 403 1713 editores
431 1675 655 1714 servandam
686 1676 782 1714 male
812 1675 1005 1715 duximus.
1030 1677 1137 1715 Nunc
1153 1675 1254 1714 enim
1282 1691 1323 1715 re
1355 1677 1539 1714 maturius

65 1752 276 1790 perpensa,
305 1753 421 1790 quum
446 1753 467 1779 e
496 1753 607 1779 versu
628 1741 757 1792 priore
779 1740 936 1779 verbum
968 1740 1068 1779 absit
1093 1750 1131 1779 et
1161 1754 1312 1779 sensum
1340 1741 1378 1779 in
1415 1741 1538 1780 medio

65 1805 268 1856 relinquat,
291 1806 384 1844 niliil
404 1805 559 1845 obstare
578 1820 775 1845 censemus
794 1808 1012 1859 quominus,
1028 1820 1102 1859 pro
1119 1806 1291 1859 παρέλθῃ,
1316 1808 1538 1859 suppleatur

64 1869 172 1907 ἐλθεῖν
185 1869 311 1921 μέλλῃ,
327 1883 391 1907 seu
410 1869 530 1908 simile
557 1870 674 1921 quid;
692 1870 749 1908 vel
770 1870 873 1922 quod
897 1871 1016 1922 magis
1037 1871 1194 1908 sortasse
1214 1871 1384 1921 placeat,
1411 1870 1537 1917 δεκάτη

63 1932 162 1984 γενεή
194 1934 270 1972 lato
298 1947 409 1972 sensu
430 1934 643 1986 accipiatur
667 1948 738 1986 pro
759 1934 919 1973 maxima
939 1933 1093 1972 decimae
1109 1943 1231 1985 parte,
1252 1942 1442 1985 provectae
1458 1934 1535 1986 jani

71 2006 110 2037 et
128 1998 176 2037 ad
198 1999 307 2037 {inem
328 1999 532 2050 vergentis.
1139 2042 1144 2048 ,

117 2064 297 2102 Dolcmus
316 2064 440 2102 necin
459 2063 559 2102 libro
583 2064 691 2108 vul,
712 2068 731 2111 §
753 2077 790 2114 a,
810 2078 879 2103 nec
900 2065 937 2102 in
961 2073 1127 2115 cognato
1148 2066 1183 2102 ei
1207 2065 1399 2104 l‘rooeniio
1418 2064 1534 2115 quid-

63 2142 178 2179 quam
200 2142 406 2167 occurrere
435 2129 539 2180 quod
572 2128 619 2166 ad
649 2128 748 2167 hanc
767 2130 1071 2168 controversiam
1093 2130 1226 2167 referri
1252 2129 1385 2181 possit.
1415 2130 1535 2167 Etiam

22 2213 27 2217 ·
64 2199 164 2237 libro
183 2200 214 2237 V
231 2213 409 2251 magnum
435 2199 482 2238 de
502 2199 572 2238 hac
594 2213 634 2237 re
650 2199 841 2238 silentium
864 2209 930 2238 est.
956 2202 1004 2238 At
1029 2200 1128 2237 libro
1148 2200 1216 2239 Vll
1244 2199 1359 2239 semel
1381 2200 1537 2238 ‹lecimae

61 2265 320 2314 generationis
340 2266 481 2303 mentio
507 2266 559 2312 fit,
577 2273 754 2316 tanquam
774 2266 932 2303 funestae
953 2274 991 2303 et
1004 2265 1190 2312 exitialis,
1207 2278 1239 2303 v.
1260 2279 1307 2315 97
1329 2277 1338 2305 :

218 2327 337 2380 Ἔσσῃ
358 2329 387 2365 δ’
410 2327 524 2366 οὐκέτι
543 2329 664 2374 νῆσος,
683 2327 764 2366 ὅταν
784 2327 924 2369 δεκάδος
943 2328 1065 2379 χρόνος
1080 2327 1162 2379 ἔλθῃ
1178 2356 1188 2374 ,

65 2392 163 2430 unde
179 2393 402 2444 conjicimus
421 2392 604 2431 decimam
633 2392 750 2441 illam,
769 2392 868 2430 sicut
885 2406 905 2429 a
923 2392 1060 2431 ceteris
1076 2391 1296 2443 Sibyllinis,
1319 2393 1367 2430 ita
1390 2392 1439 2430 ab
1464 2392 1535 2430 hoc

63 2470 236 2508 qnoque,
264 2467 442 2509 tauquam
460 2467 668 2497 extremam
682 2487 693 2507 ‚
714 2457 885 2509 praediei.

119 2520 224 2558 Libri
244 2521 277 2559 ll
301 2523 408 2559 initio
427 2522 537 2560 aliter
559 2522 714 2573 quidem
735 2521 883 2559 definiri
903 2521 1082 2559 videntur
1100 2521 1257 2559 deeimae
1277 2520 1535 2571 generationis

63 2586 220 2624 exordia
243 2596 330 2638 post
349 2588 506 2626 etlinicae
527 2588 719 2639 religionis
742 2589 879 2634 finem,
899 2600 936 2627 v.
965 2588 1025 2632 15,
1048 2600 1129 2637 sqq.
1149 2600 1157 2622 :

220 2650 273 2696 Δὴ
294 2650 369 2688 τότε
388 2650 446 2689 καὶ
465 2650 563 2701 γενεὴ
584 2650 711 2698 δεκάτη
733 2649 819 2700 μετὰ
832 2647 943 2688 ταῧτα
963 2655 1122 2703 φανεῖται

221 2714 423 2767 Ἀνθρώπων
439 2744 448 2761 ,
467 2714 592 2752 ὁπόταν
613 2714 795 2766 cenci-sym
815 2714 1054 2767 ἀστεροπητὴς

221 2779 385 2818 Εἰόώλων
407 2780 508 2828 ζῆλον
526 2778 665 2830 Θραύσει
678 2808 688 2827 ,
706 2795 738 2817 κ.
763 2794 795 2817 τ.
812 2779 845 2816 λ.

65 2845 120 2884 Ex
139 2845 183 2883 iis
203 2854 329 2883 autem
362 2858 446 2896 quae
467 2845 580 2896 paulo
611 2852 697 2882 ante
717 2843 866 2882 dixerat
886 2853 1012 2895 poeta,
1039 2858 1200 2896 quaeque
1222 2858 1310 2883 mox
1334 2844 1533 2883 additurus

63 2919 143 2960 est,
168 2911 340 2962 sequitur
372 2910 556 2949 decimani
588 2911 686 2948 illam
720 2924 794 2948 non
834 2911 942 2948 aliani
973 2925 1052 2949 esse
1085 2925 1196 2962 quam
1225 2911 1530 2950 Christianorum
