1686 3500
181 198 272 244 51ss
562 192 644 237 AD
677 191 1026 238 SlBYLLlNOS
1060 190 1269 235 LlBROS

176 292 432 339 Antichristo,
462 289 621 340 Elinque
650 301 735 327 cum
757 301 804 327 eo
823 286 1161 341 praedicationibus
1185 285 1404 326 decertante
1428 297 1437 325 :
1465 299 1542 337 quo
1565 299 1652 338 pei·-

177 359 299 397 tinent
322 369 408 408 quae
432 355 510 407 jam
541 353 642 392 dicta
673 362 761 392 sunt
779 353 827 392 de
848 362 991 392 mutata
1010 350 1219 394 nonsemel
1242 351 1343 388 circa
1366 363 1429 388 eas
1449 363 1507 388 res
1527 351 1652 401 Sibyl-

173 422 253 461 lina
273 420 459 461 sententia
473 449 484 469 ‚
503 432 642 471 supra,
671 432 759 470 cap.
783 419 845 459 ιδ.

544 633 656 672 CAP.
690 632 828 672 xvlll.
859 634 915 669 De
934 631 1100 667 mulieris·
1119 620 1286 677 imperio.

226 746 310 784 Non
326 743 453 782 statim
475 752 563 794 post
586 743 815 782 exstinctum
836 739 1114 781 Antichristum
1136 751 1265 776 rerum
1284 738 1393 777 finem
1418 752 1499 778 esse
1519 749 1654 779 ventu-

175 824 258 850 rum
274 838 284 856 ,
310 809 376 848 sed
396 807 546 860 aliquid
565 809 722 860 insuper
742 806 923 859 temporis
954 804 1190 857 poenitentiae
1217 803 1391 842 relictum
1416 804 1478 853 iri,
1499 805 1653 857 quidam

175 885 345 915 veterum
366 874 634 921 crediderunt,
655 882 769 923 atque
784 873 821 910 in
839 871 898 909 his
919 869 1319 922 pseudo-Augustinus
1335 868 1383 907 de
1403 869 1653 910 Antichristo.

173 943 214 981 ln
236 942 310 980 hoc
332 941 514 991 temporis
533 940 774 978 intervallum
799 938 902 976 cadit
919 935 1092 975 mulieris
1114 948 1292 986 regnum,
1309 935 1414 987 quod
1442 936 1498 973 liis
1515 945 1580 974 aut
1599 943 1655 974 ter

175 1008 349 1047 videmus
375 1006 414 1044 in
438 1005 635 1056 Sibyllinis
660 1005 897 1057 praedictum.
931 1006 984 1042 Ac
1008 1001 1194 1054 primum,
1217 1000 1318 1039 libro
1342 1001 1451 1050 Vlll,
1475 1005 1495 1049 S
1521 1016 1552 1047 1,
1573 1002 1654 1040 haec

174 1075 369 1124 leguntur,
387 1084 426 1111 v.
447 1085 534 1121 199,
556 1083 659 1121 sqq:

330 1135 423 1176 Ἀλλ’
444 1136 561 1183 ὅτανὴ
580 1135 707 1181 δεκάτη
727 1132 826 1185 γενεὴ
845 1133 949 1184 δόμον
966 1134 1079 1180 Ἄϊδος
1096 1135 1198 1187 εἴσω,

279 1202 281 1204 ’
332 1201 538 1253 Θηλυτέρης
558 1199 745 1250 μετέπειτα
765 1198 855 1251 μέγα
877 1200 1021 1251 κράτος,
1041 1197 1066 1254 ᾗ
1084 1200 1176 1239 κακὰ
1191 1198 1304 1238 πολλὰ

328 1264 477 1311 Αὖξήσει
493 1264 581 1308 Θεὸς
601 1263 719 1312 αὐτός,
739 1262 821 1302 ὅταν
846 1266 1034 1314 βασιληῖδα
1054 1265 1160 1317 τιμὴν

326 1328 536 1382 Στεψαμένη
557 1328 661 1381 τύχῃ.

170 1399 246 1437 Nec
268 1396 428 1434 multum
450 1394 572 1442 abest,
608 1403 648 1432 ut
680 1407 726 1432 eo
746 1407 904 1445 (linoque
928 1396 1122 1446 pertinere
1154 1395 1353 1435 credamus
1385 1394 1508 1433 locum
1540 1393 1654 1446 paulo

169 1460 406 1513 superiorem
428 1457 595 1508 ejusdem
619 1456 728 1505 libri,
753 1471 787 1496 v.
809 1464 879 1508 194
898 1472 906 1495 :
1126 1487 1129 1490 ,

328 1522 388 1570 Μή
408 1521 487 1560 ποτ’
507 1521 575 1574 ἐγὼ
597 1520 688 1576 ζῴην
711 1520 767 1560 ὅτε
785 1525 807 1569 ἡ
825 1521 929 1576 ἱλαρὰ
953 1523 1164 1576 βασιλεύσῃ,

169 1593 199 1630 si
216 1598 314 1629 recte
328 1589 435 1627 illum
464 1601 613 1626 versum
634 1587 903 1638 intelligimus,
927 1597 964 1626 et
983 1589 1012 1627 si
1034 1589 1148 1628 lectio
1168 1602 1259 1628 sana
1277 1598 1348 1630 est.

225 1655 330 1694 Alter
346 1654 449 1691 locus
461 1661 538 1700 est,
554 1651 620 1690 lib.
639 1651 714 1699 111,
731 1665 767 1691 v.
790 1652 855 1703 75,
870 1666 969 1704 sqq„
986 1667 1065 1704 quo
1080 1655 1186 1692 illum
1202 1668 1222 1692 e
1237 1653 1405 1692 secundo
1421 1652 1522 1691 libro
1540 1661 1657 1690 trans·

169 1721 294 1759 latum>
308 1732 388 1757 esse
404 1717 588 1769 suspicati
608 1730 739 1755 sumus
755 1717 793 1754 in
820 1718 908 1756 Exc.
927 1719 979 1765 V3
1002 1722 1109 1770 isque
1131 1720 1214 1757 talis
1230 1728 1287 1757 est
1307 1735 1314 1757 :

331 1783 401 1823 Καὶ
421 1781 500 1822 τότε
523 1781 565 1829 δὴ
583 1782 712 1833 κόσμος
732 1780 798 1820 ὑπὸ
816 1787 891 1827 ταῖς
910 1783 1098 1835 παλάμῃσι
1117 1782 1278 1835 γυναικὸς

330 1847 500 1888 'Eoos-ca:
520 1846 712 1900 ἀρχόμενος
731 1848 790 1887 καὶ
810 1848 1009 1901 πειθόμενος
1027 1851 1107 1903 περὶ
1125 1850 1265 1894 παντός.

329 1912 430 1952 Ἔνθ’
447 1912 576 1951 ὁπόταν
592 1911 725 1964 κόσμου
743 1912 872 1957 παντὸς
890 1913 984 1967 χήρη
1000 1913 1214 1967 βασιλεύσῃ,

330 1977 402 2019 Καὶ
424 1979 505 2031 ῥίψῃ
528 1975 657 2030 χρυσόν
675 1994 712 2017 τε
729 1977 789 2017 καὶ
805 1979 953 2032 ἄργυρον
973 1980 1021 2023 εἷς
1038 1978 1106 2019 ἅλα
1121 1980 1196 2018 δῖαν
1208 2008 1218 2028 ,

331 2044 400 2083 Καὶ
414 2042 544 2096 χαλκόν
564 2058 600 2081 τε
624 2043 765 2095 σίδηρον
784 2042 979 2097 ἐφημερίων
994 2043 1184 2097 ἀνθρώπων

331 2110 392 2152 Εἷς
410 2107 534 2147 πόντον
554 2109 635 2161 ῥίψῃ
649 2138 659 2159 ,
674 2108 751 2147 τότε
770 2108 810 2155 δὴ
832 2114 989 2163 στοιχεῖα
1005 2108 1190 2162 πρόπαντα

332 2173 670 2226 Χηρεόσεικόσμου,
688 2189 724 2213 κ.
744 2189 776 2212 τ.
797 2175 832 2214 λ.

224 2241 313 2280 Haec
326 2246 414 2276 sunt
431 2237 617 2288 Sibyllina
633 2237 681 2276 de
693 2252 735 2276 ea
754 2252 793 2276 re
813 2239 1046 2287 testimonia,
1064 2253 1084 2277 e
1104 2238 1243 2290 quibus
1257 2239 1358 2278 inter
1371 2251 1411 2278 se
1430 2238 1580 2278 collatis
1599 2238 1654 2276 lu·

169 2318 253 2345 oem
275 2304 440 2355 aliquam
462 2303 599 2341 elicere
622 2302 860 2343 conabimur.
889 2304 983 2351 Quae
1006 2313 1130 2343 tamen
1158 2318 1235 2342 non
1268 2304 1549 2343 dissimulamus
1579 2302 1653 2342 ob-

171 2385 282 2411 scura
295 2369 503 2409 admodum
522 2369 599 2407 visa
617 2382 699 2406 esse
713 2370 940 2418 Malvendae,
956 2371 1136 2422 scriptori
1150 2384 1227 2408 non
1245 2370 1399 2421 quidem
1417 2370 1652 2416 acutissimo,

170 2447 295 2476 tamen
317 2436 357 2474 in
378 2436 534 2474 Patrum
553 2448 596 2472 ac
621 2434 909 2487 Theologorum
941 2435 1104 2474 lectione
1124 2435 1377 2474 versatissimo
1391 2463 1401 2482 ,
1422 2436 1487 2487 qui
1516 2435 1554 2473 in
1575 2443 1652 2473 tra—

173 2509 274 2540 ctatu
293 2499 340 2538 de
359 2498 616 2543 Antichristo,
641 2499 706 2537 lib.
725 2500 795 2548 Xl,
819 2498 889 2538 sub
916 2500 997 2547 fin„
1025 2513 1144 2551 quum
1173 2501 1222 2539 de
1249 2499 1321 2537 fine
1343 2499 1475 2538 mundi
1505 2500 1650 2538 nullum

172 2579 280 2617 paene
304 2573 410 2602 vetus
440 2564 696 2601 testimonium
725 2563 909 2602 intactum
939 2565 1244 2616 praetermiserit,
1268 2573 1305 2602 et
1331 2565 1469 2602 horum
1499 2577 1651 2615 quoque

172 2632 343 2669 locorum
360 2637 577 2666 nostrorum
596 2629 820 2677 meminerit,
834 2642 1020 2680 nusquam
1032 2642 1072 2667 se
1082 2629 1292 2680 quidquam
1311 2629 1401 2667 alibi
1422 2629 1469 2667 de
1489 2629 1553 2667 illa
1575 2642 1651 2666 mn-

171 2698 267 2735 liere
299 2692 484 2744 reperisse
520 2701 706 2732 testatur:
742 2711 756 2726 α
778 2695 864 2732 llaeo
893 2707 985 2740 nos,
1026 2694 1150 2745 inquit
1163 2724 1174 2742 ‚
1203 2708 1280 2732 non
1318 2695 1587 2746 intelligimus,
1615 2702 1651 2731 et

171 2782 187 2796 α
205 2761 332 2799 forsan
349 2766 437 2796 sunt
458 2771 553 2795 vana
573 2765 610 2794 ct
629 2757 750 2795 sutilia
767 2766 984 2796 commenta
1005 2757 1052 2795 ab
1071 2759 1281 2810 impostore
1303 2760 1432 2811 aliquo
1453 2759 1648 2798 fabricata.

171 2847 187 2861 ι
203 2823 410 2869 Αῐιίιιηιιίῑ,
431 2822 557 2861 deleto
574 2822 821 2869 Antichristo,
839 2823 979 2861 nullam
993 2823 1156 2874 amplius
1171 2824 1210 2861 in
1224 2824 1368 2862 mundo
1380 2824 1548 2862 suturam
1566 2837 1646 2860 mo-

171 2889 417 2935 unarchiam,
437 2887 502 2925 sed
525 2887 745 2938 reipublicae
771 2887 930 2926 sormam
945 2907 971 2936 u,
989 2890 1093 2927 ete-..³
1116 2889 1227 2935 Quod
1250 2902 1409 2942 prorsus
1431 2889 1530 2928 idem
1549 2888 1649 2926 dixe·
