1737 3495
200 253 292 299 334
581 241 661 286 AD
695 231 1039 282 SIBYLLINOS
1073 224 1280 272 LIBROS

199 348 428 402 accepisset.
457 355 501 382 ao
523 340 595 379 nisi
612 336 708 376 sslud
728 349 799 388 per
822 333 969 384 aliquot
987 339 1107 367 annos
1124 325 1249 376 ¹egere
1273 333 1316 359 ue
1345 318 1474 358 mirari
1501 332 1660 358 consue-

198 417 324 455 visset.
348 413 480 461 ltaque
502 418 579 444 non
599 403 758 441 multum
781 411 851 437 nos
869 411 889 434 n
906 407 998 433 vero
1013 392 1153 429 distare
1170 386 1419 432 confidimus,
1437 383 1468 422 si
1489 383 1563 421 hoc
1581 397 1663 422 ean.

145 504 153 513 ·
202 493 288 519 men
314 473 506 524 antiquius
530 469 727 519 aliquanto
749 463 929 502 suciamus
946 454 1087 496 Justini
1111 451 1291 504 operibus
1307 457 1420 499 atque
1437 447 1522 484 ideo
1543 448 1663 485 Anto-

201 543 280 583 nini
302 540 361 581 Pii
381 535 611 589 principatu,
634 530 815 579 scriptum
835 535 974 572 nempe
999 519 1056 557 vel
1078 515 1258 556 Hadriani
1277 513 1337 551 vel
1353 511 1510 562 Trajani
1529 518 1666 562 tempo.

203 608 322 648 ribus,
338 605 448 644 Certe
462 612 540 637 non
557 605 644 635 ante
657 591 883 642 'l'rajanum3
912 598 997 623 nam
1017 594 1145 620 versus
1167 579 1242 617 255
1260 593 1270 616 ε

362 667 426 709 Εἷς
441 663 478 703 ὃν
495 665 513 702 ὁ
531 658 718 700 πιστεύσας
747 652 837 700 ζωὴν
858 650 994 689 αἰώνιον
1012 647 1093 692 ἔξει,

204 736 342 775 ductus
363 744 410 769 cx
430 724 635 776 Evangelio
656 719 734 758 divi
753 716 934 764 Joannis,
952 711 1024 751 sub
1044 708 1152 748 initia
1168 705 1326 758 Trajani
1342 703 1499 754 scrIptO,
1523 710 1665 740 aetatem

205 799 332 852 arguit
351 793 622 849 posteriorem3
643 783 747 837 quod
766 782 880 821 etiam
900 780 1065 817 innuunt
1084 786 1215 813 versus
1230 784 1300 819 271
1321 777 1359 808 et
1380 769 1454 805 336
1473 780 1522 805 ex
1538 766 1666 805 eodem

209 861 419 914 Evangelio
438 853 641 904 desumpti.
1469 837 1471 839 ’

259 927 333 967 Sed
356 936 423 962 nos
442 923 479 959 in
500 918 624 969 capite
644 914 773 966 priore
791 909 925 949 eadem
947 907 1024 945 sere
1044 903 1092 942 de
1113 900 1295 942 Prooemii
1311 905 1421 936 aetate
1441 892 1668 945 conjicieba-

207 1005 306 1038 mus,
330 996 545 1040 qunuquam
566 980 648 1018 aliis
667 977 715 1016 de
737 974 875 1014 causis.
897 970 1011 1018 Quod
1033 969 1063 1006 si
1084 965 1197 1005 ambo
1215 963 1382 1002 carmina
1404 961 1504 998 inter
1522 971 1563 995 se
1580 971 1670 995 con-

212 1059 393 1098 seramus»,
414 1048 545 1087 saltem
575 1043 622 1082 ab
639 1042 753 1092 hujus
768 1037 857 1077 libri
877 1047 988 1074 versu
1010 1033 1102 1082 359,
1127 1043 1225 1081 sqq.,
1247 1039 1382 1078 magna
1400 1023 1513 1062 nobis
1532 1020 1670 1059 obver-

209 1120 352 1160 sabitur
370 1126 488 1166 quum
507 1107 743 1160 argumenti,
776 1111 855 1140 tum
874 1100 989 1137 etiam
1012 1094 1287 1135 sententiarum
1316 1098 1353 1128 et
1381 1086 1560 1126 dictionis
1580 1085 1673 1123 sinni-

212 1183 347 1224 litudo.
363 1177 518 1221 Confer,
538 1170 700 1222 exempli
720 1180 831 1206 causa
845 1196 856 1213 ,
881 1176 1033 1203 versum
1055 1161 1126 1198 381
1149 1172 1158 1196 t

366 1242 438 1283 Τὸν
458 1241 600 1284 κτίστην
617 1231 841 1288 προλιπόντες
859 1226 1055 1279 ἀσελγείαις
1072 1224 1285 1275 ἐλάτρευσαν
1302 1248 1313 1266 ,

212 1309 384 1353 cumino
403 1303 599 1348 Prooemii,
621 1313 655 1338 v.
677 1312 723 1348 19
747 1310 754 1334 ε

366 1369 474 1411 ’Ὄττι
495 1365 586 1407 Θεὸν
605 1360 830 1416 προλιπόντες
847 1354 1007 1404 ἀληθινὸν
1026 1349 1148 1392 ἀέναόν
1166 1364 1205 1389 τι

369 1433 544 1480 Δοξάζειν.

216 1508 345 1559 lpsum
363 1499 523 1539 verbum
544 1494 692 1539 δοξάζειν
711 1490 770 1528 his
791 1485 961 1526 occurrit
981 1484 1021 1522 in
1039 1482 1111 1521 hac
1128 1478 1217 1518 libri
1234 1475 1319 1516 vlu
1342 1482 1473 1527 parte,
1496 1484 1533 1510 v.
1561 1471 1632 1508 330
1652 1481 1662 1510 :

375 1563 483 1604 Αὐτὸν
505 1559 692 1605 δοξάζουσα
711 1554 770 1593 καὶ
789 1553 823 1591 ἓν
844 1549 1033 1604 στέρνοισιν
1055 1545 1184 1598 ἔχουσα
1203 1571 1214 1591 ,

219 1643 258 1674 et
280 1646 320 1674 ν.
341 1631 417 1670 380
437 1645 446 1668 2

374 1690 562 1737 Δοξάζουσι
577 1687 689 1727 λιταῖς
707 1681 766 1721 καὶ
786 1676 1012 1733 θρησκείῃσιν
1029 1673 1203 1726 ἀνοίγνοις.

221 1767 269 1803 At
291 1757 395 1812 quod
418 1755 516 1795 libro
537 1751 674 1804 legitur
694 1755 855 1792 octavo,
870 1756 910 1782 v.
933 1742 1033 1793 393:

376 1821 527 1875 Δαίμοσι
546 1814 731 1863 ποιήσουσι
749 1814 902 1864 νεκροῖς,
920 1809 966 1851 ὡς
984 1803 1190 1859 οὐρανίοισι,

377 1883 579 1939 Θρησκείαν
598 1880 695 1921 ἄθεον
709 1907 722 1927 ,

222 1968 350 1997 nonne
363 1954 401 1993 in
419 1947 612 1991 Prooemio
631 1955 787 1997 quoque
804 1941 948 1979 dictum
968 1944 1073 1984 erat,
1099 1948 1138 1974 v.
1158 1946 1206 1972 απ
1229 1946 1239 1973 :

379 2016 533 2067 Δαίμοσι
549 2012 610 2055 τὰς
629 2008 744 2052 θυσίας
764 2006 950 2052 ἐποιήσατε
969 2007 1078 2040 τοῖσιν
1100 2000 1135 2038 ἐν
1151 1997 1229 2052 ᾅδῃ.

224 2088 364 2126 Versus
381 2092 534 2134 quoque
548 2075 675 2115 octavi
690 2071 801 2120 libri,
822 2069 896 2109 366
914 2082 923 2106 z

383 2144 493 2188 Αὐτὸς
510 2141 576 2196 γὰρ
598 2137 729 2193 μορφὰς
746 2136 876 2187 ἀνδρῶν
896 2131 956 2171 καὶ
974 2133 1051 2169 νοῦν
1073 2121 1258 2176 idumea,

227 2212 435 2255 consimilis
451 2217 507 2247 est
527 2206 639 2245 huic:

382 2274 491 2318 Αὐτὸς
508 2273 537 2311 δ’
561 2267 718 2322 ἐστήριξε
735 2264 843 2304 τόπον
865 2261 999 2314 μορφῆς
1020 2256 1182 2311 μερόπων
1197 2269 1234 2293 τι
1247 2281 1259 2301 ,

228 2343 334 2399 quod
351 2341 467 2381 hodie
488 2337 643 2390 quidem
664 2335 765 2371 inter
782 2330 991 2379 fragmenta
1013 2324 1166 2374 legitur,
1183 2319 1297 2358 fuisse
1317 2327 1412 2354 vero
1431 2312 1522 2353 olim
1546 2308 1692 2349 videtur

228 2410 268 2449 in
285 2409 372 2460 ipso
391 2402 605 2448 Prooemio,
625 2399 723 2438 sicut
742 2389 1057 2445 nosjampridem
1078 2383 1356 2424 annotavimus.

282 2474 350 2513 nis
365 2468 592 2510 adducimur
609 2473 652 2503 ut
673 2461 923 2513 suspicemur,
943 2452 1160 2493 diffidenter
1178 2459 1302 2488 tamen
1317 2475 1328 2495 ‚
1350 2452 1393 2483 ut
1414 2443 1453 2482 in
1470 2454 1574 2480 mera
1593 2438 1693 2477 decet

233 2537 469 2592 conjectura,
488 2540 681 2570 auctorem
704 2522 888 2565 prooemii
906 2518 1079 2558 eumdem
1101 2527 1182 2553 esse
1200 2524 1313 2565 quem
1327 2507 1418 2548 libri
1439 2505 1577 2556 V111,§
1598 2516 1631 2542 α.
1649 2500 1694 2540 Et

235 2616 324 2643 sane
344 2609 429 2653 post
447 2599 532 2637 illos
558 2607 693 2634 versus
714 2593 752 2630 in
774 2585 957 2629 Prooemii
982 2584 1057 2621 fine
1075 2581 1219 2632 positos
1243 2576 1293 2615 de
1311 2574 1435 2627 poenis
1453 2571 1639 2610 malorum
1656 2577 1693 2602 ac

234 2669 283 2706 de
296 2666 487 2705 bonorum
504 2659 688 2712 praemiis,
707 2669 784 2694 non
804 2652 899 2691 male
919 2647 1147 2701 procederet
1161 2640 1387 2682 acrostichis
1401 2635 1606 2689 dejudieio
1621 2643 1633 2672 2

394 2725 551 2779 Ἰδρώσει
569 2723 606 2763 δὲ
625 2721 732 2775 χθὼν,
749 2718 897 2773 κρίσεως
918 2717 1065 2764 σημεῖον
1082 2708 1132 2748 ὅτ’
1150 2707 1269 2754 ἔσται,
1297 2721 1330 2744 κ.
1352 2720 1388 2744 τ.
1407 2703 1442 2741 λ.
1571 2710 1574 2712 “

213 2797 321 2836 'lmo
349 2794 412 2833 vix
433 2793 542 2831 aliter
568 2789 652 2840 capi
678 2793 804 2838 potest
831 2780 925 2820 illud
949 2777 1006 2829 δέ,
1028 2789 1142 2828 quam
1162 2774 1194 2812 si
1222 2769 1406 2811 nonnussa
1430 2760 1696 2820 praecesserim,

238 2868 276 2899 et
295 2857 427 2911 quidni
456 2853 691 2896 Prooemium
722 2849 876 2901 ipsum?
903 2845 1044 2883 Verum
1072 2840 1111 2880 id
1139 2840 1299 2879 sortasse
1327 2831 1565 2888 probabilius
1592 2825 1696 2866 etiam
