<?xml version="1.0" encoding="UTF-8"?>
<!DOCTYPE html PUBLIC "-//W3C//DTD XHTML 1.0 Transitional//EN"
    "http://www.w3.org/TR/xhtml1/DTD/xhtml1-transitional.dtd">
<html xmlns="http://www.w3.org/1999/xhtml" xml:lang="en" lang="en">
 <head>
  <title>
</title>
<meta http-equiv="Content-Type" content="text/html;charset=utf-8" />
  <meta name='ocr-system' content='tesseract 3.04.00' />
  <meta name='ocr-capabilities' content='ocr_page ocr_carea ocr_par ocr_line ocrx_word'/>
</head>
<body>
  <div class='ocr_page' id='page_1' title='image "./excursusadsibyll00alexuoft_0150.png"; bbox 0 0 1752 3495; ppageno 0'>
   <div class='ocr_carea' id='block_1_1' title="bbox 568 150 1559 217">
    <p class='ocr_par' dir='ltr' id='par_1_1' title="bbox 568 150 1559 217">
     <span class='ocr_line' id='line_1_1' title="bbox 568 150 1559 217; baseline -0.002 -1"><span class='ocrx_word' id='word_1_1' title='bbox 568 169 649 217; x_wconf 77' lang='lat' dir='ltr'>AD</span> <span class='ocrx_word' id='word_1_2' title='bbox 684 172 1012 216; x_wconf 75' lang='lat' dir='ltr'>ExcusssuM</span> <span class='ocrx_word' id='word_1_3' title='bbox 1046 173 1107 216; x_wconf 88' lang='lat'>11.</span> <span class='ocrx_word' id='word_1_4' title='bbox 1145 150 1148 153; x_wconf 72' lang='grc'><strong>’</strong></span> <span class='ocrx_word' id='word_1_5' title='bbox 1477 171 1559 214; x_wconf 71' lang='grc' dir='ltr'>Μι</span> 
     </span>
    </p>
   </div>
   <div class='ocr_carea' id='block_1_2' title="bbox 220 268 1342 462">
    <p class='ocr_par' dir='ltr' id='par_1_2' title="bbox 220 268 1342 462">
     <span class='ocr_line' id='line_1_2' title="bbox 259 268 1256 321; baseline -0.007 -9"><span class='ocrx_word' id='word_1_6' title='bbox 259 271 545 321; x_wconf 79' lang='lat' dir='ltr'>Vastabuntque</span> <span class='ocrx_word' id='word_1_7' title='bbox 563 281 676 321; x_wconf 81' lang='lat' dir='ltr'>agros</span> <span class='ocrx_word' id='word_1_8' title='bbox 692 268 892 320; x_wconf 82' lang='lat' dir='ltr'>Scythicos</span> <span class='ocrx_word' id='word_1_9' title='bbox 911 276 949 306; x_wconf 88' lang='lat' dir='ltr'>et</span> <span class='ocrx_word' id='word_1_10' title='bbox 968 268 1124 319; x_wconf 76' lang='lat' dir='ltr'>Mysidis</span> <span class='ocrx_word' id='word_1_11' title='bbox 1142 280 1231 306; x_wconf 81' lang='lat' dir='ltr'>arva</span> <span class='ocrx_word' id='word_1_12' title='bbox 1247 281 1256 304; x_wconf 91' lang='lat'><strong>:</strong></span> 
     </span>
     <span class='ocr_line' id='line_1_3' title="bbox 220 326 1342 388; baseline -0.006 -11"><span class='ocrx_word' id='word_1_13' title='bbox 220 370 227 388; x_wconf 61' lang='lat' dir='ltr'>x</span> <span class='ocrx_word' id='word_1_14' title='bbox 257 338 330 377; x_wconf 86' lang='lat' dir='ltr'>Sed</span> <span class='ocrx_word' id='word_1_15' title='bbox 351 349 468 387; x_wconf 86' lang='lat' dir='ltr'>quum</span> <span class='ocrx_word' id='word_1_16' title='bbox 486 334 702 373; x_wconf 78' lang='lat' dir='ltr'>Threiciam</span> <span class='ocrx_word' id='word_1_17' title='bbox 719 332 904 371; x_wconf 76' lang='lat' dir='ltr'>invadent</span> <span class='ocrx_word' id='word_1_18' title='bbox 920 326 1112 371; x_wconf 82' lang='lat' dir='ltr'>horrenda</span> <span class='ocrx_word' id='word_1_19' title='bbox 1133 332 1342 384; x_wconf 73' lang='lat' dir='ltr'>minantes,</span> 
     </span>
     <span class='ocr_line' id='line_1_4' title="bbox 220 397 1238 462; baseline -0.006 -22"><span class='ocrx_word' id='word_1_20' title='bbox 220 401 227 462; x_wconf 58' lang='lat' dir='ltr'>f</span> <span class='ocrx_word' id='word_1_21' title='bbox 257 403 325 440; x_wconf 83' lang='lat' dir='ltr'>Hic</span> <span class='ocrx_word' id='word_1_22' title='bbox 343 401 431 438; x_wconf 75' lang='lat' dir='ltr'>vitae</span> <span class='ocrx_word' id='word_1_23' title='bbox 446 400 557 438; x_wconf 75' lang='lat' dir='ltr'>finem</span> <span class='ocrx_word' id='word_1_24' title='bbox 577 397 772 436; x_wconf 86' lang='lat' dir='ltr'>invenient</span> <span class='ocrx_word' id='word_1_25' title='bbox 792 397 987 448; x_wconf 81' lang='lat' dir='ltr'>satumque</span> <span class='ocrx_word' id='word_1_26' title='bbox 1006 410 1238 448; x_wconf 84' lang='lat' dir='ltr'>supremum.</span> 
     </span>
    </p>
   </div>
   <div class='ocr_carea' id='block_1_3' title="bbox 794 511 876 520">
    <p class='ocr_par' dir='ltr' id='par_1_3' title="bbox 794 511 876 520">
     <span class='ocr_line' id='line_1_5' title="bbox 794 511 876 520; baseline -0.012 0"><span class='ocrx_word' id='word_1_27' title='bbox 794 511 876 520; x_wconf 68' lang='lat' dir='ltr'>-n-</span> 
     </span>
    </p>
   </div>
   <div class='ocr_carea' id='block_1_4' title="bbox 585 593 1080 623">
    <p class='ocr_par' dir='ltr' id='par_1_4' title="bbox 585 593 1080 623">
     <span class='ocr_line' id='line_1_6' title="bbox 585 593 1080 623; baseline 0.002 -1"><span class='ocrx_word' id='word_1_28' title='bbox 585 594 763 623; x_wconf 68' lang='lat' dir='ltr'>PARODM&#39;.</span> <span class='ocrx_word' id='word_1_29' title='bbox 784 593 1080 623; x_wconf 71' lang='lat' dir='ltr'><strong>ARISTOPRAMS.</strong></span> 
     </span>
    </p>
   </div>
   <div class='ocr_carea' id='block_1_5' title="bbox 824 703 855 738">
    <p class='ocr_par' dir='ltr' id='par_1_5' title="bbox 824 703 855 738">
     <span class='ocr_line' id='line_1_7' title="bbox 824 703 855 738; baseline -0.032 0"><span class='ocrx_word' id='word_1_30' title='bbox 824 703 855 738; x_wconf 92' lang='grc' dir='ltr'>Ι.</span> 
     </span>
    </p>
   </div>
   <div class='ocr_carea' id='block_1_6' title="bbox 252 782 1490 1917">
    <p class='ocr_par' dir='ltr' id='par_1_6' title="bbox 253 782 1074 824">
     <span class='ocr_line' id='line_1_8' title="bbox 253 782 1074 824; baseline -0.002 -1"><span class='ocrx_word' id='word_1_31' title='bbox 253 786 287 824; x_wconf 90' lang='grc' dir='ltr'><strong>Ο</strong></span> <span class='ocrx_word' id='word_1_32' title='bbox 306 783 434 823; x_wconf 87' lang='lat' dir='ltr'>miseri</span> <span class='ocrx_word' id='word_1_33' title='bbox 454 791 492 821; x_wconf 90' lang='lat' dir='ltr'>et</span> <span class='ocrx_word' id='word_1_34' title='bbox 512 782 618 821; x_wconf 80' lang='lat' dir='ltr'>stulti</span> <span class='ocrx_word' id='word_1_35' title='bbox 635 783 816 820; x_wconf 87' lang='lat' dir='ltr'>mortales</span> <span class='ocrx_word' id='word_1_36' title='bbox 826 809 1074 822; x_wconf 88' lang='grc'><strong>..........</strong></span> 
     </span>
    </p>

    <p class='ocr_par' dir='ltr' id='par_1_7' title="bbox 253 846 1268 1087">
     <span class='ocr_line' id='line_1_9' title="bbox 253 846 1268 898; baseline -0.003 -12"><span class='ocrx_word' id='word_1_37' title='bbox 253 848 372 895; x_wconf 87' lang='lat' dir='ltr'><strong>Quid,</strong></span> <span class='ocrx_word' id='word_1_38' title='bbox 394 848 532 886; x_wconf 85' lang='lat' dir='ltr'>Divum</span> <span class='ocrx_word' id='word_1_39' title='bbox 551 847 675 898; x_wconf 82' lang='lat' dir='ltr'>ignari</span> <span class='ocrx_word' id='word_1_40' title='bbox 696 847 831 884; x_wconf 83' lang='lat' dir='ltr'>mentis</span> <span class='ocrx_word' id='word_1_41' title='bbox 850 846 1041 898; x_wconf 89' lang='lat' dir='ltr'>(socordia</span> <span class='ocrx_word' id='word_1_42' title='bbox 1063 855 1164 884; x_wconf 83' lang='lat' dir='ltr'>tanta</span> <span class='ocrx_word' id='word_1_43' title='bbox 1184 848 1268 896; x_wconf 86' lang='lat' dir='ltr'><strong>est),</strong></span> 
     </span>
     <span class='ocr_line' id='line_1_10' title="bbox 254 910 1241 958; baseline 0 -9"><span class='ocrx_word' id='word_1_44' title='bbox 254 912 330 950; x_wconf 87' lang='lat' dir='ltr'>Vos</span> <span class='ocrx_word' id='word_1_45' title='bbox 351 911 526 950; x_wconf 82' lang='lat' dir='ltr'>homines</span> <span class='ocrx_word' id='word_1_46' title='bbox 545 925 631 949; x_wconf 90' lang='lat' dir='ltr'>cum</span> <span class='ocrx_word' id='word_1_47' title='bbox 653 911 810 949; x_wconf 83' lang='lat' dir='ltr'>simiolis</span> <span class='ocrx_word' id='word_1_48' title='bbox 833 912 931 949; x_wconf 82' lang='lat' dir='ltr'>mala</span> <span class='ocrx_word' id='word_1_49' title='bbox 955 910 1097 949; x_wconf 83' lang='lat' dir='ltr'>soedera</span> <span class='ocrx_word' id='word_1_50' title='bbox 1118 911 1241 958; x_wconf 87' lang='lat' dir='ltr'>initis,</span> 
     </span>
     <span class='ocr_line' id='line_1_11' title="bbox 255 975 1122 1027; baseline -0.002 -12"><span class='ocrx_word' id='word_1_51' title='bbox 255 977 303 1016; x_wconf 85' lang='lat' dir='ltr'>Et</span> <span class='ocrx_word' id='word_1_52' title='bbox 324 977 420 1015; x_wconf 82' lang='lat' dir='ltr'>fatui</span> <span class='ocrx_word' id='word_1_53' title='bbox 436 976 555 1027; x_wconf 80' lang='lat' dir='ltr'><strong>mergi</strong></span> <span class='ocrx_word' id='word_1_54' title='bbox 573 975 751 1027; x_wconf 79' lang='lat' dir='ltr'>praebetis</span> <span class='ocrx_word' id='word_1_55' title='bbox 769 975 950 1027; x_wconf 82' lang='lat' dir='ltr'>vulpibus</span> <span class='ocrx_word' id='word_1_56' title='bbox 968 989 1096 1014; x_wconf 82' lang='lat' dir='ltr'>aurem</span> <span class='ocrx_word' id='word_1_57' title='bbox 1113 1006 1122 1025; x_wconf 92' lang='lat'>‚</span> 
     </span>
     <span class='ocr_line' id='line_1_12' title="bbox 253 1039 1057 1087; baseline 0.001 -9"><span class='ocrx_word' id='word_1_58' title='bbox 253 1041 425 1087; x_wconf 85' lang='lat' dir='ltr'>Quarum</span> <span class='ocrx_word' id='word_1_59' title='bbox 446 1053 549 1078; x_wconf 88' lang='lat' dir='ltr'>mens</span> <span class='ocrx_word' id='word_1_60' title='bbox 567 1040 708 1078; x_wconf 82' lang='lat' dir='ltr'>insecta</span> <span class='ocrx_word' id='word_1_61' title='bbox 728 1039 826 1078; x_wconf 87' lang='lat' dir='ltr'>dolis</span> <span class='ocrx_word' id='word_1_62' title='bbox 836 1067 1057 1080; x_wconf 87' lang='grc'><strong>.........</strong></span> 
     </span>
    </p>

    <p class='ocr_par' dir='ltr' id='par_1_8' title="bbox 252 1104 1490 1279">
     <span class='ocr_line' id='line_1_13' title="bbox 252 1104 1268 1157; baseline -0.002 -13"><span class='ocrx_word' id='word_1_63' title='bbox 252 1108 423 1157; x_wconf 82' lang='lat' dir='ltr'>Namque</span> <span class='ocrx_word' id='word_1_64' title='bbox 444 1104 559 1143; x_wconf 85' lang='lat' dir='ltr'>Bacin</span> <span class='ocrx_word' id='word_1_65' title='bbox 576 1104 758 1155; x_wconf 82' lang='lat' dir='ltr'>Nymphae</span> <span class='ocrx_word' id='word_1_66' title='bbox 778 1105 848 1142; x_wconf 84' lang='lat' dir='ltr'>nisi</span> <span class='ocrx_word' id='word_1_67' title='bbox 866 1105 1052 1156; x_wconf 76' lang='lat' dir='ltr'><strong>decepere</strong></span> <span class='ocrx_word' id='word_1_68' title='bbox 1071 1104 1268 1151; x_wconf 79' lang='lat' dir='ltr'>docentes,</span> 
     </span>
     <span class='ocr_line' id='line_1_14' title="bbox 254 1168 1490 1221; baseline -0.002 -12"><span class='ocrx_word' id='word_1_69' title='bbox 254 1173 330 1210; x_wconf 87' lang='lat' dir='ltr'>Nec</span> <span class='ocrx_word' id='word_1_70' title='bbox 350 1170 459 1209; x_wconf 84' lang='lat' dir='ltr'>Bacis</span> <span class='ocrx_word' id='word_1_71' title='bbox 477 1171 559 1221; x_wconf 87' lang='lat' dir='ltr'>ipse</span> <span class='ocrx_word' id='word_1_72' title='bbox 578 1170 763 1215; x_wconf 86' lang='lat' dir='ltr'>homines,</span> <span class='ocrx_word' id='word_1_73' title='bbox 783 1183 852 1207; x_wconf 89' lang='lat' dir='ltr'>nec</span> <span class='ocrx_word' id='word_1_74' title='bbox 876 1182 959 1216; x_wconf 87' lang='lat' dir='ltr'>vos,</span> <span class='ocrx_word' id='word_1_75' title='bbox 978 1168 1180 1220; x_wconf 86' lang='lat' dir='ltr'>Nymphae,</span> <span class='ocrx_word' id='word_1_76' title='bbox 1204 1168 1316 1207; x_wconf 84' lang='lat' dir='ltr'>Bacin</span> <span class='ocrx_word' id='word_1_77' title='bbox 1337 1168 1461 1220; x_wconf 84' lang='lat' dir='ltr'>ipsum</span> <span class='ocrx_word' id='word_1_78' title='bbox 1478 1196 1490 1215; x_wconf 85' lang='lat'>,</span> 
     </span>
     <span class='ocr_line' id='line_1_15' title="bbox 254 1232 1189 1279; baseline -0.003 -6"><span class='ocrx_word' id='word_1_79' title='bbox 254 1234 432 1275; x_wconf 84' lang='lat' dir='ltr'>Nondum</span> <span class='ocrx_word' id='word_1_80' title='bbox 449 1234 583 1272; x_wconf 73' lang='lat' dir='ltr'>eratin</span> <span class='ocrx_word' id='word_1_81' title='bbox 608 1234 693 1271; x_wconf 79' lang='lat' dir='ltr'>fatis</span> <span class='ocrx_word' id='word_1_82' title='bbox 712 1233 869 1271; x_wconf 81' lang='lat' dir='ltr'>dissolvi</span> <span class='ocrx_word' id='word_1_83' title='bbox 889 1233 1038 1271; x_wconf 88' lang='lat' dir='ltr'>vincula</span> <span class='ocrx_word' id='word_1_84' title='bbox 1057 1232 1189 1279; x_wconf 84' lang='lat' dir='ltr'>Pacis;</span> 
     </span>
    </p>

    <p class='ocr_par' dir='ltr' id='par_1_9' title="bbox 253 1300 948 1350">
     <span class='ocr_line' id='line_1_16' title="bbox 253 1300 948 1350; baseline -0.001 -12"><span class='ocrx_word' id='word_1_85' title='bbox 253 1300 325 1339; x_wconf 76' lang='lat' dir='ltr'>Sed</span> <span class='ocrx_word' id='word_1_86' title='bbox 349 1309 429 1337; x_wconf 87' lang='lat' dir='ltr'>turn</span> <span class='ocrx_word' id='word_1_87' title='bbox 442 1329 452 1347; x_wconf 93' lang='lat'>‚</span> <span class='ocrx_word' id='word_1_88' title='bbox 470 1312 588 1350; x_wconf 90' lang='lat' dir='ltr'>quum</span> <span class='ocrx_word' id='word_1_89' title='bbox 608 1300 771 1350; x_wconf 82' lang='lat' dir='ltr'>primum</span> <span class='ocrx_word' id='word_1_90' title='bbox 782 1327 948 1337; x_wconf 85' lang='grc'><strong>.......</strong></span> 
     </span>
    </p>

    <p class='ocr_par' dir='ltr' id='par_1_10' title="bbox 252 1362 1277 1608">
     <span class='ocr_line' id='line_1_17' title="bbox 252 1362 1262 1414; baseline -0.003 -11"><span class='ocrx_word' id='word_1_91' title='bbox 252 1364 422 1405; x_wconf 86' lang='lat' dir='ltr'><strong>Necdum</strong></span> <span class='ocrx_word' id='word_1_92' title='bbox 441 1364 509 1402; x_wconf 86' lang='lat' dir='ltr'>Dis</span> <span class='ocrx_word' id='word_1_93' title='bbox 531 1364 681 1414; x_wconf 83' lang='lat' dir='ltr'>superis</span> <span class='ocrx_word' id='word_1_94' title='bbox 701 1363 837 1411; x_wconf 85' lang='lat' dir='ltr'>visum,</span> <span class='ocrx_word' id='word_1_95' title='bbox 857 1362 1073 1401; x_wconf 79' lang='lat' dir='ltr'>intermissa</span> <span class='ocrx_word' id='word_1_96' title='bbox 1097 1362 1262 1414; x_wconf 83' lang='lat' dir='ltr'>relinqui</span> 
     </span>
     <span class='ocr_line' id='line_1_18' title="bbox 254 1426 1270 1478; baseline 0 -12"><span class='ocrx_word' id='word_1_97' title='bbox 254 1429 370 1474; x_wconf 82' lang='lat' dir='ltr'>Bella,</span> <span class='ocrx_word' id='word_1_98' title='bbox 395 1428 501 1478; x_wconf 87' lang='lat' dir='ltr'>prius</span> <span class='ocrx_word' id='word_1_99' title='bbox 519 1441 632 1478; x_wconf 85' lang='lat' dir='ltr'>quam</span> <span class='ocrx_word' id='word_1_100' title='bbox 654 1436 774 1478; x_wconf 87' lang='lat' dir='ltr'>nupta</span> <span class='ocrx_word' id='word_1_101' title='bbox 795 1427 888 1478; x_wconf 89' lang='lat' dir='ltr'>lupo</span> <span class='ocrx_word' id='word_1_102' title='bbox 912 1440 951 1464; x_wconf 86' lang='lat' dir='ltr'>se</span> <span class='ocrx_word' id='word_1_103' title='bbox 966 1426 1142 1478; x_wconf 81' lang='lat' dir='ltr'>junxerit</span> <span class='ocrx_word' id='word_1_104' title='bbox 1162 1439 1270 1477; x_wconf 80' lang='lat' dir='ltr'>agna.</span> 
     </span>
     <span class='ocr_line' id='line_1_19' title="bbox 254 1491 1277 1544; baseline -0.001 -14"><span class='ocrx_word' id='word_1_105' title='bbox 254 1495 425 1544; x_wconf 85' lang='lat' dir='ltr'>Namque</span> <span class='ocrx_word' id='word_1_106' title='bbox 445 1501 487 1529; x_wconf 87' lang='lat' dir='ltr'>ut</span> <span class='ocrx_word' id='word_1_107' title='bbox 507 1492 628 1530; x_wconf 82' lang='lat' dir='ltr'>blatta</span> <span class='ocrx_word' id='word_1_108' title='bbox 645 1491 739 1542; x_wconf 86' lang='lat' dir='ltr'>jacit</span> <span class='ocrx_word' id='word_1_109' title='bbox 760 1492 907 1542; x_wconf 81' lang='lat' dir='ltr'>fugiens</span> <span class='ocrx_word' id='word_1_110' title='bbox 928 1491 1129 1529; x_wconf 82' lang='lat' dir='ltr'>inamabile</span> <span class='ocrx_word' id='word_1_111' title='bbox 1148 1491 1277 1536; x_wconf 57' lang='lat' dir='ltr'>idrus,</span> 
     </span>
     <span class='ocr_line' id='line_1_20' title="bbox 257 1555 1209 1608; baseline -0.004 -12"><span class='ocrx_word' id='word_1_112' title='bbox 257 1559 306 1597; x_wconf 92' lang='lat' dir='ltr'>Ut</span> <span class='ocrx_word' id='word_1_113' title='bbox 325 1570 538 1608; x_wconf 86' lang='lat' dir='ltr'>properans</span> <span class='ocrx_word' id='word_1_114' title='bbox 557 1569 676 1594; x_wconf 85' lang='lat' dir='ltr'>caecos</span> <span class='ocrx_word' id='word_1_115' title='bbox 695 1556 776 1593; x_wconf 83' lang='lat' dir='ltr'>avis</span> <span class='ocrx_word' id='word_1_116' title='bbox 793 1555 872 1594; x_wconf 86' lang='lat' dir='ltr'>edit</span> <span class='ocrx_word' id='word_1_117' title='bbox 891 1556 1044 1606; x_wconf 82' lang='lat' dir='ltr'>garrula</span> <span class='ocrx_word' id='word_1_118' title='bbox 1066 1556 1209 1606; x_wconf 88' lang='lat' dir='ltr'>pullos,</span> 
     </span>
    </p>

    <p class='ocr_par' dir='ltr' id='par_1_11' title="bbox 253 1618 1305 1917">
     <span class='ocr_line' id='line_1_21' title="bbox 254 1618 1295 1671; baseline 0 -12"><span class='ocrx_word' id='word_1_119' title='bbox 254 1624 317 1660; x_wconf 83' lang='lat' dir='ltr'>Sic</span> <span class='ocrx_word' id='word_1_120' title='bbox 337 1630 375 1658; x_wconf 87' lang='lat' dir='ltr'>tu</span> <span class='ocrx_word' id='word_1_121' title='bbox 395 1634 442 1659; x_wconf 87' lang='lat' dir='ltr'>ue</span> <span class='ocrx_word' id='word_1_122' title='bbox 462 1620 620 1658; x_wconf 84' lang='lat' dir='ltr'>nimium</span> <span class='ocrx_word' id='word_1_123' title='bbox 639 1634 850 1671; x_wconf 81' lang='lat' dir='ltr'>properans</span> <span class='ocrx_word' id='word_1_124' title='bbox 869 1620 965 1657; x_wconf 85' lang='lat' dir='ltr'>male</span> <span class='ocrx_word' id='word_1_125' title='bbox 987 1618 1295 1670; x_wconf 74' lang='lat' dir='ltr'>foederajungaS.</span> 
     </span>
     <span class='ocr_line' id='line_1_22' title="bbox 253 1684 1228 1736; baseline -0.005 -11"><span class='ocrx_word' id='word_1_126' title='bbox 253 1688 456 1736; x_wconf 80' lang='lat' dir='ltr'>Nunquam</span> <span class='ocrx_word' id='word_1_127' title='bbox 478 1694 516 1722; x_wconf 80' lang='lat' dir='ltr'>tu</span> <span class='ocrx_word' id='word_1_128' title='bbox 538 1693 641 1722; x_wconf 88' lang='lat' dir='ltr'>recta</span> <span class='ocrx_word' id='word_1_129' title='bbox 658 1684 775 1722; x_wconf 74' lang='lat' dir='ltr'>{acies</span> <span class='ocrx_word' id='word_1_130' title='bbox 798 1684 1006 1735; x_wconf 74' lang='lat' dir='ltr'>procedere</span> <span class='ocrx_word' id='word_1_131' title='bbox 1025 1697 1228 1733; x_wconf 83' lang='lat' dir='ltr'>cancrum,</span> 
     </span>
     <span class='ocr_line' id='line_1_23' title="bbox 253 1748 1305 1800; baseline -0.002 -12"><span class='ocrx_word' id='word_1_132' title='bbox 253 1752 332 1789; x_wconf 85' lang='lat' dir='ltr'>Nec</span> <span class='ocrx_word' id='word_1_133' title='bbox 354 1750 468 1787; x_wconf 83' lang='lat' dir='ltr'>facies</span> <span class='ocrx_word' id='word_1_134' title='bbox 485 1763 654 1800; x_wconf 84' lang='lat' dir='ltr'>unquam</span> <span class='ocrx_word' id='word_1_135' title='bbox 673 1756 713 1786; x_wconf 86' lang='lat' dir='ltr'>ut</span> <span class='ocrx_word' id='word_1_136' title='bbox 733 1748 836 1786; x_wconf 81' lang='lat' dir='ltr'>laevis</span> <span class='ocrx_word' id='word_1_137' title='bbox 855 1749 926 1785; x_wconf 82' lang='lat' dir='ltr'>siet</span> <span class='ocrx_word' id='word_1_138' title='bbox 944 1761 1056 1798; x_wconf 83' lang='lat' dir='ltr'>asper</span> <span class='ocrx_word' id='word_1_139' title='bbox 1076 1748 1252 1785; x_wconf 83' lang='lat' dir='ltr'>echinus.</span> <span class='ocrx_word' id='word_1_140' title='bbox 1269 1776 1278 1785; x_wconf 89' lang='lat'><em>.</em></span> <span class='ocrx_word' id='word_1_141' title='bbox 1295 1775 1305 1786; x_wconf 85' lang='lat'><strong>.</strong></span> 
     </span>
     <span class='ocr_line' id='line_1_24' title="bbox 255 1813 1179 1865; baseline -0.004 -13"><span class='ocrx_word' id='word_1_142' title='bbox 255 1815 357 1865; x_wconf 77' lang='lat' dir='ltr'>Ergo</span> <span class='ocrx_word' id='word_1_143' title='bbox 375 1827 467 1852; x_wconf 84' lang='lat' dir='ltr'>cave</span> <span class='ocrx_word' id='word_1_144' title='bbox 490 1822 555 1851; x_wconf 89' lang='lat' dir='ltr'>tua</span> <span class='ocrx_word' id='word_1_145' title='bbox 574 1814 807 1861; x_wconf 65' lang='lat' dir='ltr'>circumagat</span> <span class='ocrx_word' id='word_1_146' title='bbox 826 1826 874 1850; x_wconf 87' lang='lat' dir='ltr'>ne</span> <span class='ocrx_word' id='word_1_147' title='bbox 893 1821 1047 1862; x_wconf 83' lang='lat' dir='ltr'>pectora</span> <span class='ocrx_word' id='word_1_148' title='bbox 1068 1813 1179 1849; x_wconf 82' lang='lat' dir='ltr'>fallax</span> 
     </span>
     <span class='ocr_line' id='line_1_25' title="bbox 256 1879 738 1917; baseline 0 -1"><span class='ocrx_word' id='word_1_149' title='bbox 256 1879 405 1917; x_wconf 82' lang='lat' dir='ltr'>Insidiis</span> <span class='ocrx_word' id='word_1_150' title='bbox 424 1879 561 1916; x_wconf 80' lang='lat' dir='ltr'>milvus</span> <span class='ocrx_word' id='word_1_151' title='bbox 572 1906 738 1917; x_wconf 89' lang='grc'><strong>.......</strong></span> 
     </span>
    </p>
   </div>
   <div class='ocr_carea' id='block_1_7' title="bbox 811 1980 858 2015">
    <p class='ocr_par' dir='ltr' id='par_1_12' title="bbox 811 1980 858 2015">
     <span class='ocr_line' id='line_1_26' title="bbox 811 1980 858 2015; baseline 0 -1"><span class='ocrx_word' id='word_1_152' title='bbox 811 1980 858 2015; x_wconf 91' lang='lat'>11.</span> 
     </span>
    </p>
   </div>
   <div class='ocr_carea' id='block_1_8' title="bbox 193 2052 1374 2556">
    <p class='ocr_par' dir='ltr' id='par_1_13' title="bbox 253 2052 1219 2106">
     <span class='ocr_line' id='line_1_27' title="bbox 253 2052 1219 2106; baseline -0.002 -12"><span class='ocrx_word' id='word_1_153' title='bbox 253 2059 320 2095; x_wconf 79' lang='lat' dir='ltr'>Ast</span> <span class='ocrx_word' id='word_1_154' title='bbox 338 2055 496 2106; x_wconf 86' lang='lat' dir='ltr'>ubijam</span> <span class='ocrx_word' id='word_1_155' title='bbox 513 2055 649 2092; x_wconf 86' lang='lat' dir='ltr'>domus</span> <span class='ocrx_word' id='word_1_156' title='bbox 670 2068 745 2091; x_wconf 87' lang='lat' dir='ltr'>una</span> <span class='ocrx_word' id='word_1_157' title='bbox 766 2054 888 2104; x_wconf 84' lang='lat' dir='ltr'>lupis</span> <span class='ocrx_word' id='word_1_158' title='bbox 905 2052 1125 2091; x_wconf 81' lang='lat' dir='ltr'>cornicibus</span> <span class='ocrx_word' id='word_1_159' title='bbox 1145 2067 1219 2092; x_wconf 85' lang='lat' dir='ltr'>una</span> 
     </span>
    </p>

    <p class='ocr_par' dir='ltr' id='par_1_14' title="bbox 193 2117 1374 2233">
     <span class='ocr_line' id='line_1_28' title="bbox 256 2117 1374 2171; baseline -0.003 -13"><span class='ocrx_word' id='word_1_160' title='bbox 256 2121 337 2159; x_wconf 77' lang='lat' dir='ltr'>Fiet</span> <span class='ocrx_word' id='word_1_161' title='bbox 358 2120 528 2171; x_wconf 82' lang='lat' dir='ltr'>utrisque</span> <span class='ocrx_word' id='word_1_162' title='bbox 550 2119 721 2171; x_wconf 79' lang='lat' dir='ltr'>placens,</span> <span class='ocrx_word' id='word_1_163' title='bbox 744 2118 845 2156; x_wconf 80' lang='lat' dir='ltr'>inter</span> <span class='ocrx_word' id='word_1_164' title='bbox 861 2117 1025 2168; x_wconf 84' lang='lat' dir='ltr'>Sicyona</span> <span class='ocrx_word' id='word_1_165' title='bbox 1045 2117 1374 2168; x_wconf 81' lang='lat' dir='ltr'>Corinthumque,</span> 
     </span>
     <span class='ocr_line' id='line_1_29' title="bbox 193 2181 1146 2233; baseline -0.004 -10"><span class='ocrx_word' id='word_1_166' title='bbox 193 2229 195 2232; x_wconf 13' lang='grc' dir='ltr'><em>Α</em></span> <span class='ocrx_word' id='word_1_167' title='bbox 254 2185 383 2223; x_wconf 77' lang='lat' dir='ltr'>Ariete</span> <span class='ocrx_word' id='word_1_168' title='bbox 400 2183 617 2223; x_wconf 85' lang='lat' dir='ltr'>Pandoram</span> <span class='ocrx_word' id='word_1_169' title='bbox 638 2183 799 2233; x_wconf 82' lang='lat' dir='ltr'>primam</span> <span class='ocrx_word' id='word_1_170' title='bbox 820 2181 1030 2232; x_wconf 84' lang='lat' dir='ltr'>placaveris</span> <span class='ocrx_word' id='word_1_171' title='bbox 1046 2181 1146 2219; x_wconf 87' lang='lat' dir='ltr'>albo.</span> 
     </span>
    </p>

    <p class='ocr_par' dir='ltr' id='par_1_15' title="bbox 254 2245 1258 2298">
     <span class='ocr_line' id='line_1_30' title="bbox 254 2245 1258 2298; baseline -0.005 -11"><span class='ocrx_word' id='word_1_172' title='bbox 254 2251 353 2287; x_wconf 86' lang='lat' dir='ltr'>Tum</span> <span class='ocrx_word' id='word_1_173' title='bbox 375 2249 442 2298; x_wconf 87' lang='lat' dir='ltr'>qui</span> <span class='ocrx_word' id='word_1_174' title='bbox 462 2256 592 2286; x_wconf 76' lang='lat' dir='ltr'>nostra</span> <span class='ocrx_word' id='word_1_175' title='bbox 613 2246 682 2284; x_wconf 77' lang='lat' dir='ltr'>tibi</span> <span class='ocrx_word' id='word_1_176' title='bbox 703 2256 809 2284; x_wconf 77' lang='lat' dir='ltr'>vates</span> <span class='ocrx_word' id='word_1_177' title='bbox 831 2247 927 2283; x_wconf 79' lang='lat' dir='ltr'>seret</span> <span class='ocrx_word' id='word_1_178' title='bbox 950 2245 1097 2290; x_wconf 83' lang='lat' dir='ltr'>omina,</span> <span class='ocrx_word' id='word_1_179' title='bbox 1117 2253 1258 2284; x_wconf 83' lang='lat' dir='ltr'>vestem</span> 
     </span>
    </p>

    <p class='ocr_par' dir='ltr' id='par_1_16' title="bbox 255 2310 1354 2362">
     <span class='ocr_line' id='line_1_31' title="bbox 255 2310 1354 2362; baseline -0.004 -10"><span class='ocrx_word' id='word_1_180' title='bbox 255 2312 351 2352; x_wconf 87' lang='lat' dir='ltr'>lluic</span> <span class='ocrx_word' id='word_1_181' title='bbox 376 2313 556 2350; x_wconf 86' lang='lat' dir='ltr'>mundam</span> <span class='ocrx_word' id='word_1_182' title='bbox 576 2311 827 2362; x_wconf 84' lang='lat' dir='ltr'>crepidasque</span> <span class='ocrx_word' id='word_1_183' title='bbox 847 2323 962 2347; x_wconf 87' lang='lat' dir='ltr'>novas</span> <span class='ocrx_word' id='word_1_184' title='bbox 982 2310 1128 2347; x_wconf 81' lang='lat' dir='ltr'>donare</span> <span class='ocrx_word' id='word_1_185' title='bbox 1149 2318 1354 2348; x_wconf 85' lang='lat' dir='ltr'>memento.</span> 
     </span>
    </p>

    <p class='ocr_par' dir='ltr' id='par_1_17' title="bbox 255 2374 1233 2426">
     <span class='ocr_line' id='line_1_32' title="bbox 255 2374 1233 2426; baseline -0.003 -12"><span class='ocrx_word' id='word_1_186' title='bbox 255 2377 368 2423; x_wconf 86' lang='lat' dir='ltr'>Quod</span> <span class='ocrx_word' id='word_1_187' title='bbox 390 2377 439 2423; x_wconf 90' lang='lat' dir='ltr'>si,</span> <span class='ocrx_word' id='word_1_188' title='bbox 457 2377 542 2414; x_wconf 91' lang='lat' dir='ltr'>dive</span> <span class='ocrx_word' id='word_1_189' title='bbox 565 2389 673 2426; x_wconf 88' lang='lat' dir='ltr'>puer,</span> <span class='ocrx_word' id='word_1_190' title='bbox 697 2384 796 2413; x_wconf 85' lang='lat' dir='ltr'>recte</span> <span class='ocrx_word' id='word_1_191' title='bbox 816 2388 897 2412; x_wconf 84' lang='lat' dir='ltr'>mea</span> <span class='ocrx_word' id='word_1_192' title='bbox 917 2375 1021 2424; x_wconf 82' lang='lat' dir='ltr'>jussa</span> <span class='ocrx_word' id='word_1_193' title='bbox 1043 2374 1233 2424; x_wconf 81' lang='lat' dir='ltr'>sequaris,</span> 
     </span>
    </p>

    <p class='ocr_par' dir='ltr' id='par_1_18' title="bbox 258 2438 1223 2491">
     <span class='ocr_line' id='line_1_33' title="bbox 258 2438 1223 2491; baseline -0.004 -12"><span class='ocrx_word' id='word_1_194' title='bbox 258 2442 340 2479; x_wconf 81' lang='lat' dir='ltr'>Fies</span> <span class='ocrx_word' id='word_1_195' title='bbox 361 2454 448 2478; x_wconf 86' lang='lat' dir='ltr'>mox</span> <span class='ocrx_word' id='word_1_196' title='bbox 469 2440 596 2491; x_wconf 87' lang='lat' dir='ltr'>aquila</span> <span class='ocrx_word' id='word_1_197' title='bbox 619 2440 657 2478; x_wconf 87' lang='lat' dir='ltr'>in</span> <span class='ocrx_word' id='word_1_198' title='bbox 678 2440 770 2477; x_wconf 78' lang='lat' dir='ltr'>caelo</span> <span class='ocrx_word' id='word_1_199' title='bbox 790 2453 798 2479; x_wconf 92' lang='lat'>:</span> <span class='ocrx_word' id='word_1_200' title='bbox 819 2440 874 2476; x_wconf 88' lang='lat' dir='ltr'>sin</span> <span class='ocrx_word' id='word_1_201' title='bbox 897 2451 1035 2489; x_wconf 85' lang='lat' dir='ltr'>parcus</span> <span class='ocrx_word' id='word_1_202' title='bbox 1053 2438 1223 2484; x_wconf 85' lang='lat' dir='ltr'>omittas,</span> 
     </span>
    </p>

    <p class='ocr_par' dir='ltr' id='par_1_19' title="bbox 253 2503 1285 2556">
     <span class='ocr_line' id='line_1_34' title="bbox 253 2503 1285 2556; baseline -0.005 -12"><span class='ocrx_word' id='word_1_203' title='bbox 253 2507 338 2545; x_wconf 88' lang='lat' dir='ltr'>Non</span> <span class='ocrx_word' id='word_1_204' title='bbox 362 2506 487 2556; x_wconf 81' lang='lat' dir='ltr'>aquila</span> <span class='ocrx_word' id='word_1_205' title='bbox 504 2506 543 2542; x_wconf 87' lang='lat' dir='ltr'>in</span> <span class='ocrx_word' id='word_1_206' title='bbox 565 2504 677 2550; x_wconf 83' lang='lat' dir='ltr'>caelo,</span> <span class='ocrx_word' id='word_1_207' title='bbox 697 2504 763 2541; x_wconf 86' lang='lat' dir='ltr'>sed</span> <span class='ocrx_word' id='word_1_208' title='bbox 784 2517 856 2542; x_wconf 88' lang='lat' dir='ltr'>nec</span> <span class='ocrx_word' id='word_1_209' title='bbox 873 2512 1000 2541; x_wconf 81' lang='lat' dir='ltr'>turtur</span> <span class='ocrx_word' id='word_1_210' title='bbox 1017 2516 1140 2553; x_wconf 86' lang='lat' dir='ltr'>neque</span> <span class='ocrx_word' id='word_1_211' title='bbox 1164 2503 1285 2553; x_wconf 88' lang='lat' dir='ltr'>picus.</span> 
     </span>
    </p>
   </div>
   <div class='ocr_carea' id='block_1_9' title="bbox 105 2615 1576 2895">
    <p class='ocr_par' dir='ltr' id='par_1_20' title="bbox 105 2615 1576 2895">
     <span class='ocr_line' id='line_1_35' title="bbox 105 2615 1575 2659; baseline -0.001 -9"><span class='ocrx_word' id='word_1_212' title='bbox 105 2626 172 2659; x_wconf 73' lang='lat' dir='ltr'>sqq.</span> <span class='ocrx_word' id='word_1_213' title='bbox 193 2618 243 2652; x_wconf 78' lang='lat' dir='ltr'>ed.</span> <span class='ocrx_word' id='word_1_214' title='bbox 267 2619 401 2651; x_wconf 79' lang='lat' dir='ltr'>Brunck.</span> <span class='ocrx_word' id='word_1_215' title='bbox 426 2618 472 2650; x_wconf 86' lang='lat' dir='ltr'>lbi</span> <span class='ocrx_word' id='word_1_216' title='bbox 494 2618 616 2650; x_wconf 82' lang='lat' dir='ltr'>Bacidis</span> <span class='ocrx_word' id='word_1_217' title='bbox 638 2618 800 2659; x_wconf 75' lang='lat' dir='ltr'>praecipue</span> <span class='ocrx_word' id='word_1_218' title='bbox 913 2621 943 2650; x_wconf 84' lang='grc'>3.</span> <span class='ocrx_word' id='word_1_219' title='bbox 969 2622 1015 2649; x_wconf 73' lang='lat' dir='ltr'>Ex</span> <span class='ocrx_word' id='word_1_220' title='bbox 1028 2617 1248 2657; x_wconf 72' lang='lat' dir='ltr'>Aristophane.</span> <span class='ocrx_word' id='word_1_221' title='bbox 1264 2616 1297 2648; x_wconf 87' lang='lat' dir='ltr'>in</span> <span class='ocrx_word' id='word_1_222' title='bbox 1309 2615 1486 2656; x_wconf 56' lang='lat' dir='ltr'>Avibusfl.</span> <span class='ocrx_word' id='word_1_223' title='bbox 1500 2617 1575 2655; x_wconf 77' lang='lat'><strong>967,</strong></span> 
     </span>
     <span class='ocr_line' id='line_1_36' title="bbox 106 2662 1576 2705; baseline -0.001 -10"><span class='ocrx_word' id='word_1_224' title='bbox 106 2664 283 2697; x_wconf 78' lang='lat' dir='ltr'>deridentur</span> <span class='ocrx_word' id='word_1_225' title='bbox 299 2665 488 2705; x_wconf 77' lang='lat' dir='ltr'>imitatores,</span> <span class='ocrx_word' id='word_1_226' title='bbox 502 2665 587 2697; x_wconf 87' lang='lat' dir='ltr'>uude</span> <span class='ocrx_word' id='word_1_227' title='bbox 601 2665 677 2696; x_wconf 87' lang='lat' dir='ltr'>illud</span> <span class='ocrx_word' id='word_1_228' title='bbox 694 2666 730 2697; x_wconf 81' lang='grc' dir='ltr'>Εἰ</span> <span class='ocrx_word' id='word_1_229' title='bbox 744 2664 802 2705; x_wconf 82' lang='grc' dir='ltr'>γὰρ</span> <span class='ocrx_word' id='word_1_230' title='bbox 872 2674 941 2705; x_wconf 85' lang='lat' dir='ltr'>sqq.</span> <span class='ocrx_word' id='word_1_231' title='bbox 958 2664 1091 2696; x_wconf 76' lang='lat' dir='ltr'>videtur</span> <span class='ocrx_word' id='word_1_232' title='bbox 1107 2663 1249 2695; x_wconf 80' lang='lat' dir='ltr'>comicus</span> <span class='ocrx_word' id='word_1_233' title='bbox 1269 2662 1365 2694; x_wconf 85' lang='lat' dir='ltr'>simul</span> <span class='ocrx_word' id='word_1_234' title='bbox 1382 2662 1503 2694; x_wconf 74' lang='lat' dir='ltr'>Bac-‚ldis</span> <span class='ocrx_word' id='word_1_235' title='bbox 1520 2670 1576 2703; x_wconf 78' lang='lat' dir='ltr'>pn·</span> 
     </span>
     <span class='ocr_line' id='line_1_37' title="bbox 107 2710 1574 2753; baseline -0.002 -9"><span class='ocrx_word' id='word_1_236' title='bbox 107 2712 146 2750; x_wconf 79' lang='grc' dir='ltr'>μὴ</span> <span class='ocrx_word' id='word_1_237' title='bbox 163 2713 283 2753; x_wconf 75' lang='grc' dir='ltr'>Νύμφαι</span> <span class='ocrx_word' id='word_1_238' title='bbox 296 2723 344 2752; x_wconf 83' lang='grc' dir='ltr'>γε,</span> <span class='ocrx_word' id='word_1_239' title='bbox 360 2723 431 2744; x_wconf 53' lang='lat' dir='ltr'>aar.</span> <span class='ocrx_word' id='word_1_240' title='bbox 449 2713 476 2744; x_wconf 89' lang='grc' dir='ltr'>λ.</span> <span class='ocrx_word' id='word_1_241' title='bbox 497 2712 586 2743; x_wconf 83' lang='lat' dir='ltr'>Bacis</span> <span class='ocrx_word' id='word_1_242' title='bbox 601 2711 686 2743; x_wconf 80' lang='lat' dir='ltr'>enim</span> <span class='ocrx_word' id='word_1_243' title='bbox 703 2716 802 2752; x_wconf 82' lang='lat' dir='ltr'>Nym·</span> <span class='ocrx_word' id='word_1_244' title='bbox 874 2712 996 2743; x_wconf 81' lang='lat' dir='ltr'>rodiam</span> <span class='ocrx_word' id='word_1_245' title='bbox 1016 2712 1136 2751; x_wconf 76' lang='lat' dir='ltr'>facere,</span> <span class='ocrx_word' id='word_1_246' title='bbox 1151 2710 1243 2742; x_wconf 83' lang='lat' dir='ltr'>simul</span> <span class='ocrx_word' id='word_1_247' title='bbox 1263 2710 1403 2750; x_wconf 79' lang='lat' dir='ltr'>Homeri,</span> <span class='ocrx_word' id='word_1_248' title='bbox 1420 2710 1513 2749; x_wconf 81' lang='lat' dir='ltr'>cujus</span> <span class='ocrx_word' id='word_1_249' title='bbox 1525 2710 1574 2741; x_wconf 86' lang='lat' dir='ltr'>est</span> 
     </span>
     <span class='ocr_line' id='line_1_38' title="bbox 108 2755 1573 2798; baseline -0.002 -10"><span class='ocrx_word' id='word_1_250' title='bbox 108 2758 236 2796; x_wconf 83' lang='lat' dir='ltr'>pharum</span> <span class='ocrx_word' id='word_1_251' title='bbox 253 2759 455 2798; x_wconf 72' lang='lat' dir='ltr'>instigatione</span> <span class='ocrx_word' id='word_1_252' title='bbox 471 2767 584 2790; x_wconf 84' lang='lat' dir='ltr'>canere</span> <span class='ocrx_word' id='word_1_253' title='bbox 600 2767 635 2790; x_wconf 80' lang='lat' dir='ltr'>se</span> <span class='ocrx_word' id='word_1_254' title='bbox 648 2758 803 2798; x_wconf 79' lang='lat' dir='ltr'>jactabat,</span> <span class='ocrx_word' id='word_1_255' title='bbox 873 2758 1029 2789; x_wconf 70' lang='lat' dir='ltr'>cantilena</span> <span class='ocrx_word' id='word_1_256' title='bbox 1054 2758 1197 2797; x_wconf 73' lang='grc' dir='ltr'><strong>,Κάμινος</strong></span> <span class='ocrx_word' id='word_1_257' title='bbox 1223 2756 1283 2787; x_wconf 85' lang='lat' dir='ltr'>hoc</span> <span class='ocrx_word' id='word_1_258' title='bbox 1307 2755 1425 2788; x_wconf 80' lang='lat' dir='ltr'>initio:</span> <span class='ocrx_word' id='word_1_259' title='bbox 1459 2757 1495 2787; x_wconf 75' lang='lat' dir='ltr'>El</span> <span class='ocrx_word' id='word_1_260' title='bbox 1518 2756 1573 2796; x_wconf 83' lang='grc' dir='ltr'>μὲν</span> 
     </span>
     <span class='ocr_line' id='line_1_39' title="bbox 107 2803 1574 2845; baseline -0.001 -12"><span class='ocrx_word' id='word_1_261' title='bbox 107 2807 237 2837; x_wconf 74' lang='lat' dir='ltr'>vocatus</span> <span class='ocrx_word' id='word_1_262' title='bbox 252 2806 322 2837; x_wconf 81' lang='lat' dir='ltr'>idco</span> <span class='ocrx_word' id='word_1_263' title='bbox 334 2814 352 2837; x_wconf 83' lang='lat' dir='ltr'>a</span> <span class='ocrx_word' id='word_1_264' title='bbox 365 2805 530 2844; x_wconf 75' lang='lat' dir='ltr'>Pausania,</span> <span class='ocrx_word' id='word_1_265' title='bbox 545 2806 606 2837; x_wconf 88' lang='lat' dir='ltr'>loc.</span> <span class='ocrx_word' id='word_1_266' title='bbox 619 2814 714 2845; x_wconf 81' lang='lat' dir='ltr'>supra</span> <span class='ocrx_word' id='word_1_267' title='bbox 730 2806 802 2843; x_wconf 59' lang='lat' dir='ltr'>cit„</span> <span class='ocrx_word' id='word_1_268' title='bbox 875 2805 990 2836; x_wconf 74' lang='grc' dir='ltr'>δώσετε</span> <span class='ocrx_word' id='word_1_269' title='bbox 1003 2805 1122 2844; x_wconf 75' lang='grc' dir='ltr'>μισθὸν,</span> <span class='ocrx_word' id='word_1_270' title='bbox 1137 2803 1247 2842; x_wconf 78' lang='grc' dir='ltr'><strong>ἀείσω,</strong></span> <span class='ocrx_word' id='word_1_271' title='bbox 1262 2803 1288 2834; x_wconf 82' lang='grc' dir='ltr'>ὥ</span> <span class='ocrx_word' id='word_1_272' title='bbox 1301 2806 1502 2845; x_wconf 74' lang='grc' dir='ltr'><strong>κεραμῆις...,</strong></span> <span class='ocrx_word' id='word_1_273' title='bbox 1515 2803 1574 2833; x_wconf 79' lang='grc' dir='ltr'>Ἦν</span> 
     </span>
     <span class='ocr_line' id='line_1_40' title="bbox 108 2850 1460 2895; baseline 0.001 -14"><span class='ocrx_word' id='word_1_274' title='bbox 108 2851 177 2892; x_wconf 75' lang='grc' dir='ltr'>ἀνὴρ</span> <span class='ocrx_word' id='word_1_275' title='bbox 188 2854 376 2895; x_wconf 74' lang='grc' dir='ltr'>κατάσχετος</span> <span class='ocrx_word' id='word_1_276' title='bbox 390 2853 425 2884; x_wconf 75' lang='grc' dir='ltr'>ἐκ</span> <span class='ocrx_word' id='word_1_277' title='bbox 441 2854 589 2893; x_wconf 74' lang='grc' dir='ltr'>Νυμφῶν.</span> <span class='ocrx_word' id='word_1_278' title='bbox 875 2852 901 2882; x_wconf 79' lang='grc' dir='ltr'>δ’</span> <span class='ocrx_word' id='word_1_279' title='bbox 918 2851 966 2883; x_wconf 83' lang='grc' dir='ltr'>ἐπ’</span> <span class='ocrx_word' id='word_1_280' title='bbox 979 2850 1132 2888; x_wconf 81' lang='grc' dir='ltr'>ἀναιδείην</span> <span class='ocrx_word' id='word_1_281' title='bbox 1147 2851 1328 2892; x_wconf 70' lang='grc' dir='ltr'><strong>τρεφθέντες,</strong></span> <span class='ocrx_word' id='word_1_282' title='bbox 1345 2862 1373 2882; x_wconf 75' lang='grc' dir='ltr'>κ.</span> <span class='ocrx_word' id='word_1_283' title='bbox 1388 2860 1417 2883; x_wconf 86' lang='grc' dir='ltr'>τ.</span> <span class='ocrx_word' id='word_1_284' title='bbox 1432 2850 1460 2882; x_wconf 88' lang='grc' dir='ltr'>λ.</span> 
     </span>
    </p>
   </div>
  </div>
 </body>
</html>
