1686 3500
169 95 262 142 561
557 94 638 140 AD
671 91 1019 140 stssYfflNos
1051 76 1258 140 mssnos

161 190 345 244 quoniam
372 204 420 230 ex
445 191 528 244 ejus
547 199 710 229 tractatu
740 204 854 242 quem
884 192 964 243 regi
998 192 1204 231 Ptolemaeo
1233 190 1502 242 inscripserat,
1532 190 1646 229 arten

159 256 368 304 Eusebius,
387 256 557 306 Praepar.
579 254 645 295 lib.
668 255 771 301 XIII,
789 269 873 306 cap.
898 269 960 301 ια,
980 256 1116 293 multos
1138 254 1494 305 pseudo-Orphicos
1510 268 1644 293 versus

164 320 303 372 passim
325 319 523 371 judaicam
550 318 738 370 originem
771 319 992 370 prodentes.
1017 318 1058 358 Id
1081 332 1173 356 vero
1190 331 1260 356 cur
1280 317 1392 356 nobis
1411 319 1536 357 minus
1553 332 1643 370 pro-

109 378 130 388 ”
161 384 290 433 betur,
318 384 484 422 diximus
498 384 577 434 jam
600 384 636 421 in
663 384 753 422 Exc.
771 383 816 431 V,
837 397 923 435 cap.
941 397 977 422 α.
998 384 1072 421 Ista
1100 383 1232 434 potius
1246 382 1538 434 insequentibus
1557 384 1640 420 [icta

159 447 424 501 temporibus,
455 448 581 499 primo
605 457 698 499 puta
717 457 805 485 ante
825 449 1021 486 Christum
1051 447 1210 493 saeeulo,
1232 446 1388 486 Judaeus
1412 446 1548 497 aliquis
1570 446 1644 484 sub

161 512 376 553 Aristobuli
394 512 570 559 nomine,
593 511 665 549 viri
687 512 785 550 sama
808 513 936 565 potius
956 524 1072 561 quam
1099 512 1251 562 scriptis
1269 511 1388 559 ·n0ti,
1417 524 1641 562 composue-

163 579 238 616 rit:
257 578 356 616 sicut
375 577 479 627 apud
501 577 664 628 gentiles
687 591 842 628 quoque
864 576 935 615 sub
954 576 1054 613 idem
1078 584 1230 628 tempus
1248 576 1473 628 philosophi
1494 578 1643 628 Neopy-

159 641 346 693 thagorici
374 641 564 691 Orphicos
585 641 772 691 quosdam
797 642 959 691 hymnos
986 649 1025 678 et
1054 640 1246 691 Orphicas
1270 639 1411 683 τελετὰς
1433 642 1639 678 commini-

157 705 378 752 scebantur,
401 705 550 755 aliaque
571 703 664 742 salsa
682 705 766 742 falsi
788 705 882 741 vatis
902 717 1020 755 opera
1034 732 1044 748 ,
1069 717 1237 755 quorum
1269 705 1478 755 fragmenta
1498 706 1639 755 partim

156 770 335 815 ethnicis,
350 769 488 821 partim
502 768 668 820 judaicis
683 778 747 806 aut
768 769 881 806 etiam
899 768 1117 806 christianis
1137 769 1255 807 mixta
1277 769 1438 815 laciniis,
1461 769 1640 807 doctissi-

156 847 239 872 mus
265 835 508 872 Hermannus
529 831 754 883 colligenda,
795 832 1047 880 recensenda,
1074 832 1122 870 ad
1154 833 1265 871 metri
1298 833 1399 883 leges
1428 832 1637 884 redigenda

158 898 277 949 magis
303 898 461 935 fortasse
488 910 602 948 qnam
624 895 671 934 ad
692 897 814 934 fontes
840 910 930 935 suos
955 896 1173 935 reducenda
1195 905 1232 935 et
1253 896 1300 934 ad
1325 897 1636 947 philosophicum

161 975 315 1001 sensum
337 960 567 1013 exponenda
587 961 746 1001 curavit.

209 1030 307 1067 Nam
331 1026 462 1079 primis
480 1034 569 1064 ante
597 1034 633 1064 et
663 1034 750 1077 post
777 1025 973 1065 Christum
995 1025 1142 1063 saecnlis
1163 1037 1295 1062 verum
1318 1032 1376 1061 est
1395 1023 1641 1062 aemulatione

155 1091 320 1144 quadam
332 1098 497 1128 certasse
509 1089 597 1126 hinc
609 1091 782 1139 gentiles,
794 1091 990 1141 praecipue
1000 1090 1065 1141 qui
1078 1089 1247 1140 mysticis
1261 1089 1515 1140 philosophiae
1526 1089 1637 1127 sectis

158 1157 407 1202 adhaeserant,
420 1154 525 1191 illinc
541 1153 699 1192 Judaeos
719 1162 756 1191 et
777 1164 910 1205 postea
927 1156 1042 1193 etiam
1059 1154 1299 1193 Christianos
1312 1153 1578 1205 jud-ditantes,
1598 1163 1639 1192 ut

155 1211 508 1271 antiquissimorum
527 1230 595 1255 seu
615 1226 745 1255 vatum
771 1231 837 1256 seu
860 1219 1179 1270 philosophorum
1199 1218 1418 1256 nominibus
1441 1233 1507 1256 sua
1530 1220 1637 1269 quis-

153 1300 230 1337 que
252 1285 433 1336 dogmata
455 1291 642 1323 tueretur.
662 1283 755 1322 Inde
782 1283 874 1321 falsa
902 1283 1118 1321 Zoroastris
1138 1283 1322 1333 oracula,
1344 1283 1466 1334 λόγια,
1495 1296 1591 1333 soepe
1615 1296 1636 1320 a

153 1349 441 1402 Neoplatonicis
459 1348 596 1395 citata,
615 1348 788 1399 prosecta
805 1356 930 1386 autem
949 1361 969 1385 a
986 1347 1349 1399 Neopythagoricis‚
1368 1361 1453 1399 qnae
1473 1348 1635 1397 plurima

152 1416 202 1454 ‘ad
224 1428 294 1453 nos
318 1420 597 1466 pervenerunt,
624 1412 737 1451 Pselli
772 1412 966 1463 quondam
997 1421 1034 1450 et
1062 1412 1230 1451 Psellum
1257 1412 1380 1450 secuti
1413 1412 1635 1460 Pletlionis,

153 1478 337 1532 Opsopoei
355 1486 499 1531 postea,
514 1490 558 1515 ac
571 1477 878 1528 diligentioribus
892 1477 1078 1516 Francisci
1096 1477 1256 1515 Patricii
1271 1485 1309 1514 et
1322 1477 1482 1516 Joannis
1499 1477 1637 1517 Clerici

154 1544 256 1584 curis
275 1543 313 1582 in
337 1556 456 1582 unum
474 1542 635 1580 collecta
649 1555 804 1594 corpus.
833 1542 926 1581 lude
945 1542 1057 1580 etiam
1076 1542 1166 1580 libri
1186 1556 1206 1580 a
1234 1543 1400 1589 Justino‚
1416 1542 1636 1588 Clemente,

156 1608 357 1649 Lactantio
384 1621 484 1659 saepe
510 1607 670 1654 laudati,
690 1607 899 1654 llcrmetis‚
932 1608 1133 1659 Hystaspis
1164 1617 1279 1658 atque
1307 1607 1506 1655 Osthanis,
1538 1621 1636 1659 quos

157 1673 311 1712 minime
327 1671 486 1710 dubium
507 1680 564 1710 est
584 1684 605 1710 a
625 1670 848 1710 Christianis
869 1672 983 1724 primi
1012 1673 1140 1711 saeculi
1161 1671 1220 1710 vel
1239 1672 1399 1710 secundi
1419 1672 1636 1723 incipientis

156 1752 238 1776 esse
252 1739 458 1776 conlictos.'

208 1804 254 1842 Et
276 1802 474 1854 Hystaspis
486 1801 641 1854 quidem
658 1802 917 1854 Osthanisque
933 1803 1075 1855 scripta
1087 1833 1097 1851 ,
1118 1803 1157 1841 in
1173 1802 1314 1855 quibus
1331 1802 1448 1841 multa
1466 1815 1636 1840 consona

153 1868 354 1919 Sibyllinae
372 1867 636 1906 vaticinationi
664 1866 929 1914 tradebantur,
955 1868 1022 1905 vix
1043 1867 1155 1906 aliter
1176 1882 1290 1917 quam
1314 1880 1360 1906 ex
1383 1867 1536 1905 illorum
1561 1867 1634 1905 Pa·

155 1941 257 1971 trum
283 1932 508 1970 testimoniis
536 1931 802 1982 cognovimus.
828 1933 985 1970 Hermes
1009 1946 1103 1970 vero
1125 1933 1271 1984 integer
1287 1934 1365 1970 sere
1384 1931 1431 1970 ad
1455 1945 1525 1969 nos
1546 1943 1633 1982 per-

155 1999 280 2045 venit,
302 2011 394 2043 non,
415 2006 456 2036 ut
477 1997 655 2049 Orpheus
671 2007 709 2036 et
729 1998 974 2048 Zoroastres,
995 1998 1169 2049 poetico,
1195 1997 1260 2036 sed
1280 1997 1566 2050 philosophico,
1594 2006 1635 2034 ut

127 2055 130 2058 ⁴
153 2061 333 2109 decebat,
352 2062 507 2107 habitu,
522 2063 646 2113 gravis
662 2071 699 2100 et
721 2062 857 2100 doctus
880 2071 919 2100 et
942 2063 1166 2114 religiosus,
1187 2064 1286 2101 inter
1305 2062 1576 2114 platonismum
1596 2068 1634 2098 et

108 2174 112 2178 ,
150 2126 475 2165 christianismum
510 2126 674 2165 mediam
704 2126 812 2178 quasi
840 2127 939 2165 viam
974 2141 1128 2174 secans,
1160 2127 1305 2166 arduus
1335 2126 1500 2177 ideoque
1533 2139 1635 2177 saepe

153 2190 360 2239 obscurus,
379 2204 480 2229 nunc
500 2191 549 2229 nd
578 2204 714 2229 serena
734 2191 951 2230 christianae
979 2193 1175 2243 sapientiae
1204 2192 1344 2242 templa
1379 2191 1630 2242 perveniens,

153 2270 256 2294 nunc
275 2256 488 2304 (fatendum
507 2257 622 2308 enim)
645 2270 771 2295 aerem
801 2267 838 2294 et
871 2256 1032 2296 nebulas
1054 2266 1231 2309 captans;
1263 2256 1629 2308 Neoplatonicorum

155 2335 369 2374 praecursor
387 2323 489 2361 idem
509 2332 625 2374 atque
649 2324 831 2374 aemqus3
851 2323 989 2373 dignus
1015 2324 1080 2375 qui
1099 2324 1286 2362 editorem
1311 2323 1480 2375 reperiat
1499 2323 1631 2361 Ficino

155 2386 279 2425 minus
293 2386 782 2435 tenebricosum,Turnebo
795 2388 918 2426 minus
932 2389 1176 2435 taciturnum,
1187 2388 1345 2429 Rosselo
1361 2389 1483 2425 minus
1495 2388 1632 2425 intem-

154 2460 333 2502 peranter
357 2452 540 2500 effusum,
561 2452 677 2504 magis
706 2466 799 2490 vero
820 2452 1090 2504 philosophum
1114 2466 1228 2504 quam
1254 2453 1517 2504 philologum,
1539 2452 1630 2503 quia

153 2522 280 2554 textus
304 2515 526 2568 plerumque
546 2530 661 2556 sanus
680 2525 757 2564 est,
778 2518 1048 2570 interpretatio
1078 2518 1192 2556 latina
1219 2518 1445 2570 plerumque
1469 2525 1572 2555 recta
1594 2525 1630 2555 et

151 2579 226 2618 lida
241 2610 252 2627 ,
273 2593 379 2618 mens
398 2580 514 2632 igitur
542 2595 666 2620 rerum
696 2582 832 2633 saepius
860 2596 973 2634 quam
1001 2582 1206 2621 verborum
1228 2581 1462 2633 assequenda
1484 2590 1562 2620 est:
1581 2580 1629 2620 ad

150 2657 265 2696 quem
284 2644 454 2683 laborem
476 2645 618 2683 utinam
642 2645 752 2684 nobis
775 2646 833 2684 vel
852 2647 922 2685 otii
939 2647 1030 2685 satis
1047 2647 1107 2686 vel
1128 2647 1315 2687 doctrinae
1334 2650 1574 2699 suppeteret!

199 2709 277 2748 Tot
295 2709 396 2748 inter
417 2710 729 2762 apocryphorum
751 2711 937 2750 librorum
960 2711 1139 2759 illustria,
1158 2712 1223 2751 scd
1248 2713 1339 2751 salsa
1363 2714 1537 2759 nomina,
1557 2710 1631 2750 ctir

147 2773 310 2824 Sibyllas
339 2774 522 2813 hactenus
544 2776 806 2824 omiserimus,
828 2790 938 2815 nemo
972 2790 1050 2816 non
1085 2777 1202 2817 videt.
1226 2777 1422 2817 voluimus
1446 2777 1547 2816 enim
1569 2777 1629 2815 Si-
