1752 3495
162 197 223 244 24
541 197 621 241 Al)
655 196 915 242 SIBYLLIN
922 197 994 242 OS
1027 195 1232 242 LIBROS

159 312 234 336 πων
250 296 324 340 ἴδας
339 294 416 335 τότε
432 292 669 348 ὀνομάζεσθαι,
686 296 849 336 Pausan.
870 296 942 334 loc.
962 295 1024 333 cit.
1047 310 1056 334 ε
1077 294 1180 346 quod
1199 302 1238 333 et
1255 307 1386 333 verum
1407 301 1462 332 est
1482 300 1520 331 et
1540 293 1615 331 He-

159 362 328 402 rodoteis
343 361 521 413 exemplis
539 360 812 414 confirmatum.
831 362 880 401 Ut
893 368 1015 398 autem
1037 360 1109 399 hoc
1124 360 1234 398 facile
1253 359 1458 410 Erythraeis
1474 371 1616 397 conce-

158 428 304 474 dimus,
324 426 390 475 ita,
406 424 517 465 nobis
532 424 743 477 judicibus,
765 426 934 477 quisquis
954 424 1056 464 hunc
1078 426 1202 464 locum
1223 429 1343 462 totum
1360 424 1539 462 attentius
1555 436 1615 461 re-

157 491 498 543 legerit,'agnoscet
517 489 711 541 prioribus
727 490 880 540 quidem
899 490 1072 528 versibus
1088 490 1320 541 designatam
1342 501 1421 527 esse
1447 488 1616 539 parentis

96 593 103 600 ,
157 556 354 607 utriusque
370 554 627 594 conditionem
642 583 653 604 ,
674 568 774 591 nunc
791 567 882 592 vero
899 555 1130 593 mentionem
1150 554 1282 605 patriae
1296 552 1517 601 desiderari,
1532 565 1617 603 quae

157 621 197 659 in
216 633 308 658 voce
325 619 476 670 ἷδογενῆς
497 618 599 655 nulla
616 618 681 665 sit,
705 612 734 655 si
754 617 809 664 ἴδη
828 631 900 668 pro
920 619 1018 656 saltu
1046 628 1112 657 aut
1130 631 1286 656 nemore
1309 617 1530 668 accipiatur.

207 687 257 724 At
273 692 329 722 est
345 684 381 721 in
398 684 515 720 altero
530 681 767 720 hemistichio
783 695 792 719 ε
807 681 939 734 Πατρὶς
957 681 994 720 δέ
1011 683 1069 734 μοί
1082 683 1174 720 ἐστιν
1190 679 1351 734 Ἐρυορή.
1369 682 1483 719 Recte
1500 692 1588 718 sane
1606 694 1615 716 ε

155 760 226 786 nec
242 746 289 784 de
310 746 489 796 singulari
507 746 628 784 forma
651 745 807 796 pluralis
823 746 908 783 loco
931 746 1067 783 usitata
1088 746 1340 796 litigabimus,
1365 745 1544 796 quoniam
1563 744 1615 781 sic

156 821 309 860 quoque
331 821 412 845 eam
429 807 561 845 urbem
592 815 705 845 vocat
730 807 945 858 Stephanus
967 807 1014 845 de
1036 808 1218 853 Urbibus,
1243 817 1280 846 et
1299 816 1434 845 auctor
1454 807 1615 858 Sibylli-

157 886 293 912 norum
310 886 330 910 a
351 871 460 910 nobis
473 872 662 911 editorum
676 901 686 918 ,
704 871 773 911 lib.
792 872 864 919 111,
884 886 919 909 v.
936 871 1010 909 813
1033 887 1040 909 :

316 936 377 981 Ἐξ
399 937 568 990 Ἐρυθρῆς
586 941 759 987 γεγαυῖαν.

158 1002 322 1048 Tamen,
356 999 581 1039 observante
616 1001 820 1039 Klausenio
834 1029 844 1048 ,
876 1002 913 1038 in
937 1001 1010 1039 hoc
1047 1003 1242 1051 praesentis
1268 1001 1496 1039 hemistichii
1528 1013 1616 1051 seg-

157 1074 308 1112 ment0,
330 1063 453 1116 πατρὶς
471 1063 636 1117 Ἔρυθρή,
657 1065 798 1115 aliquid
819 1065 916 1103 inest
939 1064 1104 1116 ambigui
1120 1065 1222 1116 quod
1245 1073 1369 1116 poetae
1386 1065 1537 1116 placere
1554 1063 1616 1100 vix

159 1129 303 1180 potuit,
333 1128 488 1166 habenti
513 1130 720 1180 praesertim
741 1129 788 1166 ad
823 1142 976 1167 manum
998 1143 1007 1169 ε
1029 1128 1159 1182 Πατρὶς
1185 1128 1221 1166 δέ
1247 1127 1307 1179 μοι’
1326 1129 1410 1167 εἰσιν
1430 1126 1616 1180 Ἐρυθραί,

156 1194 260 1231 salvo
281 1193 333 1231 sic
353 1201 474 1230 metro
499 1202 536 1230 et
554 1192 725 1244 planiore
743 1206 867 1233 sensu.

207 1257 348 1296 Contra
372 1257 438 1307 qui
463 1255 585 1308 ἐρυθρὴ
606 1256 819 1308 Μερμησσός
841 1257 991 1307 legunt,
1019 1269 1173 1294 sensum
1192 1255 1377 1294 exhibent
1407 1268 1484 1292 non
1501 1253 1616 1292 modo

155 1331 349 1373 apertum,
370 1320 455 1367 sed,
484 1320 536 1357 uti
553 1319 631 1370 jam
652 1334 672 1357 e
693 1320 878 1358 Pausania
899 1333 942 1357 ac
967 1320 1163 1371 Stephano
1189 1319 1372 1370 Byzantio
1393 1318 1618 1364 didicimus,

156 1385 231 1424 loci
258 1393 404 1422 naturae
431 1384 743 1431 convenientem,
770 1384 837 1435 qui
870 1383 977 1422 rubri
995 1384 1066 1422 suit
1086 1383 1239 1422 coloris.
1265 1384 1450 1422 Praeterea
1472 1382 1616 1433 optime

157 1452 312 1504 Sibyuae
335 1451 471 1489 natalis
488 1451 594 1488 locus
615 1451 793 1488 delinitur
813 1450 871 1488 his
889 1449 1039 1487 verbis:

311 1516 489 1568 Μητρόθεν
510 1514 698 1566 Ἰδογενὴς,
718 1514 840 1568 πατρὶς
858 1512 894 1552 δέ
914 1513 973 1565 μοί
991 1515 1084 1552 ἐστιν
1104 1513 1227 1566 ἐρυθρὴ

308 1579 537 1633 Μερμησσὸς,
559 1580 688 1632 μητρὸς
710 1579 783 1633 ἱερὴ
796 1608 806 1626 ,
830 1579 983 1631 ποταμὸς
1003 1579 1033 1616 δ’
1052 1576 1240 1621 Ἀϊδωνεύς.

154 1647 264 1685 Vides
275 1646 377 1686 Idam
390 1655 572 1691 montem,
589 1645 692 1683 vides
712 1644 843 1683 urbem
860 1645 1119 1695 Mermessum,
1135 1657 1278 1681 sacram
1295 1642 1404 1680 Idaeae
1421 1641 1613 1693 nymphae,

155 1725 239 1763 quae
273 1710 425 1761 Sibyllae
456 1718 576 1748 mater
601 1709 739 1748 dicitur
770 1717 807 1747 et
841 1709 997 1748 sortasse
1026 1706 1259 1759 cognominis
1293 1705 1382 1745 urbi
1414 1720 1489 1745 suae
1523 1705 1614 1757 fuit,

152 1776 255 1815 unde
269 1776 478 1815 Martianus
496 1775 662 1827 Capella,
676 1775 750 1814 loc.
762 1788 875 1826 supra
890 1775 964 1821 cit.,
978 1773 1161 1824 Sibyllam
1178 1784 1285 1810 suam
1301 1771 1504 1823 'frojanam
1516 1771 1616 1809 Mar-

155 1842 273 1879 mensi
294 1841 403 1892 (lege,
423 1840 628 1890 Mermesst)
658 1840 772 1877 filiam
792 1838 970 1878 vocabat.
999 1837 1162 1877 Aidonei
1181 1849 1333 1887 quoque
1350 1836 1457 1874 fluvii
1474 1835 1614 1874 mentio

153 1914 253 1944 recte
276 1906 350 1944 huc
367 1905 519 1943 videtur
537 1904 686 1952 afferri,
701 1917 818 1955 quum
835 1912 873 1941 et
887 1903 934 1941 ad
956 1903 1082 1941 locum
1108 1891 1384 1953 designandum
1409 1900 1551 1952 prosit,
1579 1909 1616 1938 et

154 1983 330 2008 arcanam
358 1970 558 2020 quamdam
592 1969 815 2020 religionem
839 1968 990 2020 Sibyllae
1016 1966 1258 2006 incunabulis
1282 1965 1412 2005 addat.
1429 1965 1615 2004 Carminis

152 2035 270 2087 igitur
288 2034 416 2081 verba,
433 2035 492 2072 vel
515 2034 545 2072 si
564 2034 642 2072 sola
659 2033 969 2081 considerentur,
990 2032 1128 2071 rectius
1142 2044 1164 2069 a
1179 2030 1485 2070 Mcrmessiorum
1500 2043 1613 2074 quam

155 2099 203 2137 ab
220 2098 508 2150 Erythraeorum
528 2098 700 2150 patronis
714 2098 895 2136 constitui
914 2107 1028 2149 atque
1048 2097 1189 2147 exponi
1209 2095 1404 2135 videntur.
1516 2085 1519 2089 ¹

201 2167 280 2215 Age
301 2173 423 2202 tamen
435 2177 647 2214 quaeramus
663 2177 775 2210 nunc,
792 2173 876 2202 utra
894 2163 1006 2201 lectio
1019 2160 1371 2208 melius.conveniat
1382 2172 1467 2197 cum
1479 2158 1614 2211 priscis

153 2229 325 2267 locorum
344 2227 624 2266 traditionibus.
643 2228 726 2267 Jam
751 2227 914 2278 primum
935 2235 1021 2264 ante
1038 2226 1160 2276 ipsam
1179 2222 1524 2263 Alexandrinorum
1543 2234 1611 2258 ur-

153 2294 239 2332 bem
265 2293 303 2331 in
329 2293 478 2331 Troade
505 2292 719 2339 conditam,
748 2292 802 2330 vcl
830 2293 929 2330 circa
964 2290 1077 2342 hujus
1106 2288 1210 2327 urbis
1238 2287 1372 2333 initia,
1403 2285 1614 2336 reperimus

151 2356 419 2408 licllespontiae
438 2356 633 2407 cujusdam
659 2355 814 2406 Sibyllae
841 2355 1062 2393 memoriam
1092 2352 1193 2405 apud
1222 2360 1415 2390 auctorem
1455 2351 1493 2387 in
1524 2350 1613 2389 Asia

152 2422 289 2459 minori
308 2422 492 2458 viventem
507 2450 517 2466 ,
538 2419 772 2459 Heraclidem
793 2420 993 2459 Ponticum
1008 2447 1018 2465 ‚
1048 2416 1260 2456 Aristotelis
1288 2415 1523 2459 auditorem,
1544 2414 1615 2463 qui

151 2487 198 2524 de
217 2499 260 2524 ea
284 2485 426 2535 Sibylla
445 2494 579 2522 auctor
603 2484 765 2522 Varroni
796 2485 938 2530 fuerat,
958 2491 1052 2521 teste
1075 2481 1297 2524 Lactantio,
1313 2481 1385 2518 loc.
1407 2479 1472 2517 cit.
1495 2478 1612 2516 Plane

151 2549 338 2588 consentit
353 2550 526 2588 Clemens
546 2548 843 2595 Alexandrinus,
862 2548 1003 2586 Strom.
1023 2546 1095 2584 lib.
1119 2546 1148 2588 1,
1165 2542 1401 2583 Heraclidem
1422 2542 1610 2579 affirmans

149 2614 377 2664 Sibyllarum
404 2613 610 2663 Erythraea}
624 2621 660 2650 et
678 2612 852 2662 Phrygia:
871 2610 1085 2648 meminisse
1108 2623 1115 2647 ε
1136 2608 1344 2659 Μέμνηται,
1365 2606 1511 2657 inquit,
1527 2605 1611 2643 τού-

147 2695 217 2716 των
237 2677 463 2730 Ἡρακλείδης
490 2679 508 2714 ὁ
545 2673 715 2718 Ποντικὸς
743 2676 777 2712 ἐν
807 2676 856 2726 τῷ
874 2674 953 2727 περὶ
987 2671 1228 2726 Χρηστηρίων.
1250 2671 1324 2711 Ubi
1353 2679 1444 2707 nota
1469 2669 1609 2706 librum

148 2745 271 2795 ipsum
301 2742 509 2780 Heraclidis
548 2754 568 2778 a
611 2742 802 2779 Clemente
838 2739 1045 2790 designari,
1079 2737 1256 2776 amissum
1287 2735 1440 2786 quidem
1475 2733 1609 2781 hodie,

148 2821 216 2845 nec
236 2807 390 2845 omnino
415 2814 539 2843 tamen
569 2806 740 2856 ignotum
762 2819 770 2842 :
791 2806 928 2842 citatur
956 2803 1056 2841 euim
1076 2816 1098 2840 a
1114 2802 1252 2840 'szctze
1271 2800 1317 2837 ad
1335 2798 1491 2837 llcsiodi
1511 2797 1609 2835 Scu-

147 2881 247 2921 mm,
268 2885 305 2912 v.
329 2884 390 2919 70,
411 2878 566 2908 notante
594 2869 768 2920 Menagio
787 2868 831 2906 ad
852 2868 961 2920 Diog.
984 2867 1106 2906 Laert.
1129 2866 1355 2904 Meminerat
1378 2876 1467 2914 ergo
1487 2863 1609 2901 liora--
