1752 3495
672 189 974 236 EXCURSUS
1006 191 1086 236 111.
1149 197 1152 200 ’
1428 229 1436 239 ,
1500 193 1593 238 209

187 293 374 336 claudian.
393 289 441 329 de
460 288 555 329 Bell.
569 287 658 328 Get.
679 301 718 328 v.
733 289 822 334 231,
845 300 900 338 sq.

493 357 601 391 Inter
616 362 634 390 Ἰ
649 352 717 400 157
738 362 774 390 ee
796 366 809 390 1
822 354 889 391 161
914 351 1131 403 (hoa-408).

187 421 355 474 Sibyllini
372 419 459 458 libri
483 418 637 456 cremati
652 417 1006 469 Stilichonisjussu.

190 487 296 528 Rutil.
318 483 506 536 Num-jib.
524 484 560 532 l,
579 496 615 522 v.
628 484 692 530 51,
709 496 790 534 sqq.

236 776 339 816 CAP.
365 773 429 812 xl.
460 774 516 809 De
532 775 654 809 caus-Is
672 780 709 808 et
730 769 998 808 conditionibus
1019 769 1193 808 IIbmrum
1218 773 1487 814 adeundorum.

191 895 432 949 Aggredimur
451 907 552 931 nunc
573 893 731 931 alteram
757 893 951 931 Excursus
973 892 1093 930 nostri
1114 900 1260 942 partem
1277 921 1287 939 ,
1307 893 1345 930 in
1364 906 1439 944 qua
1458 894 1505 931 de
1527 907 1598 933 usu

146 965 313 1005 librorum
339 959 614 1010 Sibyllinorum
638 971 810 1009 agemus.
834 957 881 995 Et
910 958 1008 1006 jam,
1028 956 1132 1006 quod
1149 965 1230 994 erat
1250 957 1501 1010 praecipuum,
1522 959 1598 997 sci·

147 1043 215 1081 mus
236 1040 304 1079 qua
323 1033 448 1063 mente
465 1033 503 1062 et
521 1036 598 1074 quo
619 1022 781 1060 consilio
805 1021 943 1059 sacrati
967 1034 989 1059 a
1005 1021 1215 1072 Tarquinio
1235 1022 1413 1072 Superbo
1427 1052 1438 1070 ,
1459 1023 1599 1061 retenti

146 1102 291 1133 asenam
312 1092 492 1132 nomano,
512 1102 590 1126 non
611 1097 684 1126 tam
704 1095 745 1125 ut
767 1086 931 1137 publicis
962 1086 1070 1123 malis
1091 1085 1220 1123 divina
1241 1086 1408 1124 remedia
1432 1087 1599 1126 adhibe·

147 1168 279 1206 rentur,
299 1169 410 1207 quam
431 1154 553 1209 tit-illa
572 1167 640 1205 spe
665 1166 708 1190 ac
733 1152 806 1190 lide
825 1151 956 1189 delusa
978 1150 1086 1204 plebs
1110 1151 1149 1189 in
1170 1151 1305 1199 officio>¹
1317 1152 1594 1201 contineretur.

150 1222 352 1265 Addendum
382 1233 506 1267 nunc,
537 1219 607 1257 etsi
623 1221 704 1269 jam
727 1216 867 1267 aliquid
905 1217 978 1254 tale
1000 1229 1372 1266 praemonueramus,
1392 1218 1477 1256 illos
1495 1218 1600 1256 adire

150 1302 190 1326 ne
203 1285 357 1327 XVviris·
379 1283 533 1335 quidem
555 1283 704 1321 licuisse
738 1282 818 1319 sine
851 1280 1008 1331 publico
1037 1279 1166 1330 jussu,
1187 1281 1224 1318 id
1245 1289 1324 1327 est,
1343 1282 1426 1319 sine
1449 1291 1600 1321 senatus

150 1351 317 1398 consulto,
338 1348 441 1401 quod
462 1350 551 1386 satis
577 1356 706 1399 aperte
736 1346 850 1384 docet
882 1345 1090 1396 Dionysius
1123 1346 1243 1385 Halic.
1279 1346 1352 1384 loc.
1374 1359 1473 1397 saepe
1503 1347 1596 1385 cit.:

150 1415 330 1470 Χρῶνταιδ’
346 1415 460 1456 αὐτοῖς
479 1413 560 1451 ὅταν
579 1415 602 1459 ἡ
620 1411 727 1463 βουλὴ
744 1410 1125 1464 ψηφίσηται,ριότ5υ5
1142 1411 1465 1461 quemadmodum
1485 1411 1600 1450 ducta

150 1495 167 1520 e
184 1480 273 1517 libris
291 1491 467 1530 responsa
485 1476 721 1529 promulgari
741 1476 822 1513 sine
849 1475 932 1526 pari
954 1475 1111 1512 decreto
1135 1488 1211 1512 non
1235 1475 1425 1526 potuisse,
1458 1475 1552 1526 εἰμὴ
1574 1478 1597 1522 ἠ

152 1543 240 1594 βουλὴ
252 1542 448 1596 ψηφίσαιτο,
464 1540 663 1579 testabitur
678 1540 751 1578 Dio
770 1540 920 1579 Cassius
935 1538 1035 1575 infra
1053 1539 1241 1586 citandus,
1260 1552 1343 1589 cap.
1363 1545 1420 1583 ¹4·
1440 1540 1520 1578 Hoc
1542 1548 1599 1577 est

152 1606 312 1653 Varroni,
331 1606 377 1644 de
398 1607 449 1645 Re
470 1614 559 1643 rust.
579 1604 644 1643 lib.
664 1604 698 1653 l,
713 1604 734 1654 5
752 1617 766 1641 ι
784 1632 793 1649 ,
823 1621 837 1636 α
851 1602 1006 1655 publice
1022 1602 1069 1640 ad
1093 1602 1247 1653 Sibyllae
1276 1602 1393 1642 libros
1423 1604 1561 1645 redire.
1581 1622 1598 1638 υ

153 1675 218 1712 lloc
236 1679 286 1709 est
304 1671 408 1709 Livio
422 1699 433 1717 ,
453 1671 620 1716 decerni,
637 1668 675 1706 id
696 1678 774 1716 est,
804 1667 958 1720 publice
978 1667 1130 1718 juberi,
1161 1667 1229 1706 lib.
1259 1668 1378 1715 XXll,
1396 1671 1415 1715 5
1441 1682 1484 1719 9,
1514 1669 1597 1707 loco

152 1736 278 1788 plenius
294 1736 387 1774 infra
406 1734 574 1782 citando,
593 1734 659 1772 ubi
678 1734 732 1772 ait
753 1748 761 1771 ε
786 1752 801 1767 κ
823 1732 937 1779 Quod
958 1746 1033 1770 non
1052 1732 1129 1770 sere
1150 1732 1363 1772 decernitur
1378 1733 1462 1780 nisi,
1487 1742 1560 1774 etc.
1581 1752 1596 1769 υ

152 1802 325 1853 Sapienter
340 1801 378 1839 id
399 1809 565 1848 cautum,
584 1813 632 1838 ne
652 1808 716 1837 aut
735 1798 1011 1850 Sibyllinorum
1037 1799 1245 1837 auctoritas
1276 1799 1394 1837 nimio
1417 1813 1485 1838 usu
1504 1800 1597 1839 vile-

153 1874 273 1912 sceret,
296 1874 358 1903 aut
378 1865 529 1916 imperii
554 1877 693 1902 arcano
714 1863 887 1910 factiosi,
914 1871 1092 1913 tanquam
1125 1862 1291 1912 partium
1324 1863 1592 1911 instrumento,

153 1930 388 1971 abuterentur.
417 1933 539 1981 Atque
558 1929 621 1967 ille
643 1941 723 1966 mos
741 1927 837 1966 adeo
856 1926 1089 1973 obtinuerat,
1118 1926 1306 1976 quidquid
1333 1927 1380 1965 ad
1408 1927 1593 1980 Sibyllina

153 1995 346 2045 pertineret,
362 2007 474 2046 penes
499 2001 671 2032 senatum
700 2004 804 2038 esse,
825 1999 867 2030 ut
894 1991 1005 2028 etiam
1034 1989 1105 2028 sub
1125 1990 1282 2029 Tiberio
1303 1983 1510 2031 vider'imus
1532 2006 1594 2032 se·-

153 2067 245 2097 natus
259 2061 467 2098 consultum
498 2058 547 2097 de
572 2072 673 2095 novo
692 2056 792 2094 libro
810 2055 1032 2106 recipiendo
1051 2055 1196 2105 injussu
1220 2056 1404 2107 principis
1428 2070 1509 2095 esse
1535 2059 1594 2096 sa-

153 2132 250 2163 ctum.
270 2126 356 2172 Quae
370 2134 494 2163 autem
513 2124 585 2161 sub
605 2122 725 2160 libera
745 2120 945 2173 republica
960 2133 1073 2158 causa
1094 2119 1216 2157 fuerat
1232 2129 1274 2158 ut
1293 2130 1446 2160 senatus
1464 2122 1502 2160 id
1520 2122 1591 2162 sibi

146 2188 226 2239 juris
245 2190 458 2237 vindicaret,
475 2188 607 2227 eadem
627 2186 700 2225 sub
719 2184 958 2237 principibus
980 2185 1049 2222 fuit
1072 2190 1115 2221 ut
1133 2183 1180 2221 ad
1201 2185 1482 2236 imperatoriam
1517 2201 1591 2226 vo-

152 2253 307 2293 luntatem
334 2256 431 2293 idem
457 2254 521 2305 jus
554 2253 838 2291 transferretur.
869 2250 964 2289 lude
981 2249 1127 2289 Tiberii
1154 2250 1399 2298 intercessio,
1430 2252 1477 2290 de
1513 2267 1590 2304 qua

153 2320 309 2369 diximus,
326 2321 414 2359 ibid.
436 2336 444 2359 :
465 2334 512 2358 ex
538 2332 613 2370 qua
634 2318 771 2356 deinde
793 2331 860 2356 usu
894 2325 1089 2367 receptum
1118 2315 1267 2355 videtur
1287 2317 1415 2366 fuisse,
1447 2326 1487 2356 ut
1521 2333 1590 2358 nec

154 2396 290 2433 senatus,
305 2388 372 2426 nisi
398 2387 578 2439 principis
606 2385 774 2434 monitu,
792 2398 861 2421 nec
877 2384 1041 2431 XVviri‚
1069 2385 1140 2423 nisi
1164 2398 1208 2422 ex
1233 2391 1385 2421 senatus
1401 2385 1589 2433 consulto,

151 2451 329 2502 quidquam
352 2453 397 2491 (le
425 2466 467 2490 ea
486 2466 524 2489 re
544 2451 658 2489 licere
679 2449 752 2487 sibi
775 2448 1063 2487 arbitrarentur.
1096 2451 1150 2488 Ita
1185 2448 1367 2500 principis
1406 2458 1586 2499 potestas,

152 2524 278 2553 senatus
295 2516 507 2563 auctoritas,
534 2515 809 2565 Sibyllinorum
828 2512 1012 2550 librorum
1034 2514 1166 2565 religio
1183 2513 1368 2551 manebat.

194 2580 258 2616 Nec
277 2594 362 2617 vero
382 2589 546 2625 senatus,
565 2593 635 2616 nec
651 2587 779 2630 postea
798 2578 976 2628 princeps
995 2591 1066 2628 pro
1086 2591 1153 2615 sua
1174 2576 1332 2615 libidine
1345 2607 1356 2626 ,
1380 2576 1445 2615 sed
1476 2579 1589 2617 certis

152 2649 276 2680 tantum
294 2643 338 2682 de
356 2645 487 2691 causis,
505 2644 625 2682 libros
647 2643 746 2682 adiri
759 2642 934 2693 jubebat.

195 2707 317 2745 Causas
337 2709 521 2745 recensuit
541 2708 747 2757 Dionysius
779 2707 896 2744 l‘lalic.
918 2706 983 2745 lib.
1001 2708 1062 2754 lv,
1082 2708 1164 2744 loco
1176 2705 1255 2756 jam
1281 2706 1342 2743 cit.
1359 2706 1417 2743 his
1435 2706 1562 2745 verbis
1581 2721 1587 2745 z

153 2768 290 2819 Χρῶνται
308 2772 336 2809 δ’
356 2773 466 2815 αὐτοῖς
499 2771 580 2811 ὅταν
613 2776 633 2820 ἡ
659 2770 766 2824 βουλὴ
792 2771 1010 2825 ψηφίσηται,
1048 2770 1200 2813 στάσεως
1233 2770 1496 2817 καταλαὸούσης
1527 2770 1589 2817 τὴν

151 2832 247 2879 πόλιν,
267 2833 286 2880 ἢ
308 2836 486 2888 δυστυχίας
511 2837 599 2880 τινὸς
623 2835 778 2888 μεγάλης
807 2835 1051 2886 συμπεσούσης
1082 2834 1168 2873 κατὰ
1201 2834 1369 2884 πόλεμον,
1389 2833 1412 2880 ἢ
1441 2835 1589 2888 τεράτων

262 2907 332 2949 Ill.
1380 2908 1430 2960 ¹4
