1686 3500
662 208 973 254 EXCURSUS
1011 211 1082 255 Vl.
1409 214 1416 224 “
1516 213 1607 259 507

141 317 267 343 remus
281 319 289 343 z
301 312 507 353 estautem,
518 306 573 342 uti
587 306 728 342 rectius
744 303 782 342 in
797 305 899 343 curis
911 304 1192 356 posterioribus
1200 307 1430 355 monuimus,
1445 308 1607 354 Σεὸαστή

138 381 277 406 novum
296 368 475 407 Samariae
502 381 641 407 nomen
668 382 689 407 a
722 369 896 407 Romanis
928 369 1179 420 impositum3
1211 379 1249 408 et
1280 370 1498 420 Σεὸαστηνοί
1525 372 1610 424 ejus

140 432 243 471 urbis
263 432 365 472 cives
391 442 503 482 sunt,
524 441 682 471 auctore
709 433 907 485 Stephano
928 433 1137 484 Byzantio;
1158 442 1196 472 et
1214 435 1468 475 Antichristus
1488 449 1509 475 e
1534 437 1608 475 Sa-

139 498 257 535 maria
282 506 390 536 ortus
414 498 568 544 dicitur,
597 497 685 548 quia
704 506 741 535 et
764 498 883 536 invisa
912 511 1062 548 semper
1081 497 1227 537 Judaeis
1247 499 1311 536 illa
1332 498 1447 545 urbs,
1477 509 1515 539 et
1541 501 1627 539 de-·

136 562 314 601 sectionis
333 575 354 600 a
373 576 467 601 vero
481 561 551 600 Dei
566 562 668 600 cultu
686 571 801 614 caput
815 563 904 600 olim
924 563 1176 613 praecipuum,
1193 571 1231 600 et
1247 563 1317 601 sita
1338 563 1425 602 licet
1443 564 1482 602 in
1505 564 1607 604 tribu

134 627 327 674 Manasse,
349 626 416 665 diu
434 635 557 665 tamen
575 627 799 677 metropolis
814 627 946 665 habita
961 626 1129 665 tribuum
1145 627 1314 665 omnium
1330 626 1608 668 dissidentium.

135 691 192 730 Ex
208 704 339 729 earum
361 699 486 730 autem
517 704 678 729 numero
696 691 768 729 suit
795 692 900 738 Dan,
927 691 1055 728 sutura
1079 690 1305 730 Anticliristi
1327 692 1452 743 patria
1471 705 1610 730 secun·

136 755 225 793 dum
240 755 411 806 Judaeos,
427 756 480 794 sic
496 755 689 793 Geneseos
701 755 825 793 locum
840 756 1138 807 interpretantes
1154 754 1436 809 (consersupra,
1453 769 1491 808 p.
1505 761 1609 806 49¹),

135 821 187 859 ita
220 828 262 858 ut
288 819 483 872 hodieque
512 820 630 858 filium
658 822 741 859 Dan
771 829 933 867 vocent,
974 820 1153 859 hebi-alce
1182 820 1386 870 ben-Dan,
1413 821 1606 860 hominem

133 885 343 936 quemlibet
362 898 527 936 nequam
540 893 578 923 et
593 885 833 935 sceleratum,
849 894 943 924 teste
962 886 1138 924 l’omario
1155 886 1192 923 in
1206 886 1297 925 Lex.
1317 885 1420 925 Idem
1435 886 1483 924 de
1499 886 1610 925 Anti-

135 949 265 989 christi
287 950 409 1001 patria
429 950 591 989 sensisse
609 959 760 989 sanctos
787 950 992 1002 plerosque
1019 952 1170 997 Patres,
1198 950 1302 988 testis
1325 959 1381 989 est
1409 952 1609 990 Malvenda

134 1015 181 1052 ‹le
201 1015 391 1065 Antichr.,
412 1015 593 1053 Irenaeum
619 1015 741 1052 citans
759 1022 796 1052 et
816 1015 1066 1065 Hippolytum
1088 1023 1126 1053 et
1146 1015 1432 1054 Theodoretum
1460 1025 1495 1054 et
1512 1017 1608 1054 alios

133 1081 373 1130 complures,
395 1088 433 1117 et
453 1093 532 1131 prae
551 1079 729 1118 omnibus
750 1080 872 1130 ipsum
900 1079 978 1117 divi
1006 1080 1167 1118 Joannis
1196 1080 1390 1118 silentium
1408 1111 1419 1128 ,
1449 1082 1607 1132 Apocal.

133 1159 218 1197 cap.
247 1160 283 1194 7.
306 1161 341 1186 v.
362 1147 399 1195 5,
417 1159 515 1197 sqq„
539 1146 606 1184 ubi
626 1159 756 1183 omnes
773 1145 893 1183 tribus
910 1145 982 1183 hac
1001 1159 1074 1183 una
1091 1154 1249 1196 excepta
1271 1155 1534 1184 numerantur.

184 1211 293 1249 Nunc
325 1224 417 1249 vero
443 1211 667 1262 impostoris
693 1209 807 1261 hujus
841 1210 1048 1265 miracula,
1075 1224 1161 1261 quae
1190 1210 1277 1249 libri
1296 1211 1348 1250 111
1379 1211 1465 1249 loco
1491 1211 1607 1250 allato
1645 1256 1649 1260 .

130 1284 391 1323 recensentur,
425 1284 570 1313 montes
595 1275 842 1326 complanati‚
873 1289 975 1312 mare
996 1288 1279 1326 compressum,
1315 1277 1456 1314 mortui
1476 1276 1607 1327 sepul-

128 1341 202 1379 cris
230 1341 406 1387 excitati,
438 1340 608 1391 aliaque,
632 1354 759 1378 nonne
785 1350 915 1392 aperte
948 1340 1157 1391 respiciunt
1180 1341 1226 1377 ud
1253 1340 1330 1378 ‹livi
1358 1341 1465 1380 Pauli
1479 1341 1606 1379 locum

126 1419 239 1457 supra
260 1405 405 1444 dictum
419 1436 428 1453 ‚
449 1405 660 1456 praesertim
681 1418 799 1455 quum
821 1405 945 1442 statim
967 1404 1157 1442 addatur:

361 1471 452 1509 Ἀλλ’
478 1470 556 1523 οὐχὶ
576 1468 767 1524 τελεσφόρα
787 1469 898 1507 ἔσσετ’
919 1470 953 1507 ἐν
973 1470 1088 1522 αὐτῷ,

281 1534 386 1574 Ἀλλὰ
408 1535 523 1574 πλᾶνα
543 1566 551 1581 ,

122 1600 225 1651 quod
245 1600 370 1652 ipsum
388 1601 510 1640 Paulo
531 1609 608 1647 est,
632 1618 647 1633 α
662 1600 778 1651 siguis
793 1608 829 1637 et
848 1599 1034 1651 prodigiis
1054 1598 1316 1639 mendacibus.
1334 1616 1350 1633 υ
1372 1598 1469 1638 Illud
1489 1611 1603 1637 vero:

443 1665 512 1703 Καὶ
533 1664 573 1711 δὴ
592 1664 746 1716 μέροπας
770 1664 916 1708 πολλούς
936 1675 973 1702 τε
994 1662 1166 1710 πλανήσει

284 1729 434 1773 Πιστούς
452 1730 480 1767 τ’
502 1728 680 1772 ἐκλεκτούς
698 1730 726 1768 0’
743 1728 930 1783 Ἱίὅραίους
947 1759 957 1777 ,

125 1794 295 1847 ejusdem
316 1803 373 1834 est
390 1796 499 1835 Pauli
517 1795 642 1833 statim
664 1794 838 1837 addentis
855 1810 862 1833 :
879 1812 892 1827 α
906 1795 952 1833 Et
968 1794 1005 1831 in
1025 1793 1128 1831 omni
1151 1792 1374 1832 seductione
1395 1792 1605 1846 iniquitatis

128 1875 145 1896 α
160 1860 205 1898 iis
220 1861 285 1911 qui
302 1868 467 1911 pereunt
481 1878 495 1894 υ
507 1888 516 1905 ,
531 1874 608 1897 non
628 1867 750 1898 tamen
768 1859 848 1897 sine
867 1867 1040 1910 respectu
1057 1858 1104 1896 ad
1119 1858 1290 1896 Matthaei
1305 1857 1423 1908 locos,
1441 1871 1524 1909 cap.
1539 1862 1605 1903 24,

123 1941 157 1965 v.
179 1928 199 1965 5
216 1943 225 1966 :
241 1928 380 1967 «Multi
396 1928 497 1966 enim
514 1928 665 1965 venient
681 1926 719 1964 ln
738 1927 893 1972 nomine
906 1939 989 1964 meo
1008 1926 1177 1964 (licentes
1197 1940 1205 1964 τ
1225 1926 1304 1977 Ego
1319 1938 1402 1963 sum
1417 1925 1605 1973 Christus,

123 2011 137 2027 ιι
153 2002 191 2031 et
211 1993 352 2031 multos
369 1993 551 2031 seducent
565 2006 602 2043 υς
629 2000 667 2031 et
687 1992 804 2038 infra,
830 2005 864 2030 v.
889 1998 936 2036 24
960 2006 968 2028 :
985 2009 1000 2024 «ι
1018 1992 1182 2042 Sui-gent
1201 1991 1301 2029 enim
1325 1989 1602 2042 pseudochristi

121 2066 189 2095 «et
213 2057 587 2109 pseudoprophetae,
616 2065 653 2094 et
683 2055 831 2094 dubunt
850 2058 957 2107 sigua
983 2069 1136 2106 magna,
1157 2063 1194 2093 et
1212 2054 1410 2106 prodigia,
1430 2054 1483 2093 ita
1504 2063 1545 2093 ut
1564 2055 1603 2092 in

123 2135 323 2161 «errorem
343 2123 593 2170 inducuntur,
612 2122 641 2159 si
662 2122 741 2160 fieri
764 2129 909 2173 potest,
934 2122 1046 2159 etiam
1070 2121 1180 2159 electi
1195 2133 1234 2166 »;
1266 2120 1368 2171 quod
1390 2133 1509 2172 graece
1535 2129 1604 2166 est,

123 2183 212 2225 ὥστε
232 2187 422 2235 πλανῆσαι,
444 2187 472 2224 εἰ
493 2186 648 2234 δυνατὸν,
668 2185 728 2225 καὶ
753 2185 830 2230 τοὺς
853 2186 1056 2232 ἐκλεκτούς,
1083 2186 1182 2224 unde
1199 2186 1274 2224 huc
1294 2185 1478 2224 adductos
1495 2194 1602 2236 putes

123 2265 144 2288 a
160 2250 355 2302 Sibyllista
373 2242 514 2295 πιστόύς
533 2252 564 2288 τ’
585 2251 765 2296 ἐκλεκτούς
783 2250 812 2288 Θ’
833 2249 1032 2303 Ἱέὄραίους.
1056 2252 1176 2291 Nemo
1199 2250 1278 2288 fere
1301 2258 1355 2288 cst
1382 2258 1601 2288 sanctorum

123 2316 280 2354 Patrum
298 2317 363 2367 qui
384 2329 462 2354 non
481 2317 528 2354 ad
549 2316 611 2354 illa
631 2317 722 2354 salsa
741 2316 913 2368 prodigia
935 2317 1166 2367 respexerit,
1184 2315 1314 2366 etjam
1335 2314 1475 2367 aliquid
1495 2315 1603 2355 deiis

124 2379 336 2418 tradentem
357 2381 558 2419 citavimus
581 2381 832 2432 Hippolytum
850 2381 887 2418 in
910 2382 1000 2419 lix-c.
1016 2382 1078 2430 lv,
1104 2394 1188 2432 pag.
1223 2381 1310 2430 269.

175 2445 246 2483 Hie
266 2459 358 2484 vero
375 2446 490 2484 Belial
514 2446 781 2494 Antichristus,
814 2446 973 2484 multum
996 2460 1017 2484 a
1038 2447 1188 2485 Nerone
1208 2446 1406 2493 diversus,
1431 2459 1501 2484 nec
1523 2446 1601 2484 Ro-

124 2509 244 2546 manis
261 2508 405 2547 bellum
426 2510 577 2548 videtur
599 2509 792 2557 illaturus,
812 2523 882 2548 nec
904 2511 1060 2548 Romam
1079 2519 1288 2561 capturus,
1312 2523 1382 2547 nec
1400 2523 1532 2548 rursus
1551 2509 1601 2548 ab

122 2573 334 2612 Occidente
358 2584 599 2625 grassaturus
630 2575 668 2612 in
697 2575 848 2621 Asiam,
882 2583 922 2612 ut
961 2575 1008 2613 ‹lc
1040 2576 1190 2614 Nerone
1219 2575 1446 2614 Antichristi
1472 2583 1600 2626 partes

121 2645 276 2687 gerente
307 2639 535 2688 praedictum
570 2647 626 2676 est
652 2652 788 2690 supra,
818 2638 925 2677 libris
956 2641 985 2676 V
1009 2648 1045 2677 et
1069 2640 1179 2687 vill,
1206 2640 1227 2690 §
1252 2653 1284 2677 ι.
1309 2641 1401 2678 Nam
1418 2638 1519 2677 libro
1541 2639 1594 2684 ll,

122 2714 156 2738 v.
179 2703 267 2751 167,
287 2702 404 2741 Belial
429 2703 464 2740 in
483 2712 602 2742 terras
619 2703 814 2741 inducitur
833 2712 918 2754 post
933 2703 1147 2742 christianae
1167 2703 1362 2756 religionis
1376 2702 1600 2750 stabilitum,

122 2773 164 2803 ut
195 2766 380 2812 diximus,
415 2781 594 2819 regnum,
625 2767 729 2820 quod
762 2768 924 2820 imperio
955 2768 1127 2806 Romano
1152 2781 1413 2807 successurum
1432 2798 1443 2816 ,
1467 2779 1597 2807 eversa

123 2833 267 2885 quippe
283 2840 321 2870 et
335 2833 494 2870 flammis
514 2832 719 2884 absumpta
740 2834 872 2884 noma,
894 2832 1103 2871 canebatur
1119 2846 1245 2885 supra,
1260 2847 1293 2871 v.
1316 2847 1375 2881 17,
1389 2846 1469 2884 sqq.
1489 2846 1498 2870 z

283 2895 447 2937 Εἷδ(-’)λων
473 2898 573 2945 ζῆλον
595 2897 752 2951 θραύσει,
777 2898 859 2937 λαόν
882 2914 916 2936 τε
937 2898 1061 2943 τινάξει
