1686 3500
95 153 186 199 (30⁴2
475 151 557 196 AD
589 150 936 196 SlBYLLlNOS
970 150 1184 196 LlBROS

124 242 125 245 ¹
143 240 231 300 ’Ἆρα
247 247 334 299 (pro
353 245 436 300 ἄρα,
456 245 536 285 sine
554 247 880 298 interrogatione),
898 248 988 295 lll',
1005 248 1094 296 537,
1114 247 1240 284 minus
1257 245 1411 296 quidem
1429 246 1551 297 epice,

90 311 156 349 sed
173 311 347 362 exempla
363 324 439 348 non
457 310 594 348 desunt
611 311 838 350 Atticorum.
1169 362 1171 364 Ι

143 373 276 425 Δρυμοί
307 387 373 412 seu
404 373 528 427 Δρυμά
553 377 586 425 (υ
617 375 743 425 longo)
770 383 902 423 contra
919 386 1027 412 usum
1051 373 1318 421 Homericum,
1338 386 1407 410 nec
1430 381 1552 410 tamen

90 437 172 475 sine
192 436 303 475 bonis
319 438 512 488 exemplis,
535 438 620 486 111‘,
635 438 723 484 651,
742 438 788 485 73
800 452 830 476 1.

143 500 453 551 Ἐγγαστριμύθων
473 501 497 547 (ι
515 501 645 552 longo)
661 530 671 548 ,
691 500 778 548 111⁶,
797 503 888 548 226,
905 499 968 538 scd
985 500 1222 551 suspicamur
1237 497 1554 550 ἐγγαστερομύθων.

143 563 310 617 Ἔκριναν
332 567 358 616 (ι
376 565 594 617 correpto),
615 566 702 612 lll',
726 579 812 612 127,
834 565 992 617 pessime
1011 577 1122 615 sane,
1141 577 1257 614 quum
1276 559 1314 600 in
1333 562 1552 615 προέκριναν,

91 630 191 675 vlu,
217 643 276 679 19,
296 638 396 667 recte
416 629 665 680 producatur.
690 630 821 680 ltaque
843 641 912 679 pro
930 626 990 665 καί
1007 627 1036 681 ῤ’
1059 627 1216 681 ἔκριναν,
1235 627 1391 665 fuerunt
1414 625 1554 676 quibus

89 693 256 742 placeret
275 692 333 730 καὶ
358 694 499 745 κρῖναν,
521 692 742 743 conjectura
769 702 888 729 tamen
910 690 1010 728 baud
1033 690 1238 741 probabili,
1267 699 1426 742 propter
1447 703 1553 727 usum

88 758 281 808 particulae
301 756 342 811 ῥά
362 771 438 795 non
459 758 568 795 facile
592 758 665 795 buc
682 771 703 795 a
721 756 884 794 librariis
905 756 1113 795 invectum.

139 819 315 873 Ἑσπέραν
344 821 490 870 (ultima
511 820 646 871 brevi),
670 821 759 869 tw,
785 820 873 870 798,
895 820 995 857 ultro
1017 819 1057 857 in
1082 819 1225 872 ἕσπερον
1251 826 1554 868 converteretur,

90 886 158 921 nisi
182 886 361 923 mendum
390 886 587 924 videretur
610 885 774 922 auctoris
800 884 927 934 potius
950 897 1064 935 quam
1090 883 1252 924 librarii.

139 950 365 1002 Ζωογραφιάς
389 951 486 1000 (cum
518 950 626 988 initio
649 948 845 1000 iambico),
871 949 959 997 tw,
983 950 1072 998 589,
1102 948 1169 985 ubi
1189 947 1343 985 videtur
1371 956 1505 986 auctor
1526 964 1554 985 ω

89 1013 319 1065 corripuisse
336 1023 493 1065 propter
520 1022 740 1064 sequentem
761 1013 949 1061 vocalem,
972 1012 1073 1063 quod
1095 1013 1233 1049 factum
1255 1020 1311 1050 est
1331 1012 1368 1050 iu
1390 1014 1476 1060 ζῶα,
1496 1013 1529 1050 ll
1543 1040 1553 1058 ‚

90 1090 177 1116 210.
198 1078 265 1115 Vix
284 1078 383 1115 euim
401 1079 591 1115 credinms
612 1077 806 1130 ζωγραφίας
832 1090 911 1115 csse
931 1076 1219 1127 reponendum,
1236 1077 1406 1127 quamvis
1425 1089 1555 1114 versus

88 1141 140 1178 ita
157 1149 257 1179 stare
271 1132 408 1192 possit',
428 1141 492 1178 sed
513 1141 621 1178 male.
1254 1177 1259 1183 ,

144 1203 271 1255 Κριτής
299 1204 440 1254 (priore
463 1204 610 1254 longa),
641 1204 726 1251 lll',
754 1206 843 1252 781,
866 1203 1052 1254 repugnat
1079 1204 1265 1255 exemplis
1293 1212 1331 1241 et
1359 1203 1555 1254 aiialogiae,

90 1268 223 1305 melius
242 1275 460 1317 correptum
483 1266 520 1303 in
541 1264 787 1318 δικαιοκρίτης,
812 1266 900 1312 111⁹,
921 1271 1010 1314 704.

138 1329 281 1382 Μυρίων
304 1330 440 1379 (prima
460 1330 611 1380 longa),
640 1330 726 1375 ΗΓ,
743 1330 835 1376 648,
858 1329 923 1367 sed
946 1329 1147 1379 legendum
1170 1329 1329 1367 sortasse
1351 1332 1500 1383 μιαρῶν.

143 1393 334 1445 ΙΙαραλίαις
368 1396 466 1443 (cum
487 1409 498 1432 ι
519 1395 666 1443 longo),
701 1394 783 1441 lll',
814 1394 913 1443 (093,
947 1394 1069 1444 turpis
1103 1394 1187 1430 vitii
1215 1395 1452 1432 manifestum
1481 1405 1557 1442 est,

87 1471 305 1508 quanquam
324 1459 362 1495 in
383 1457 503 1507 ἀτιμίη
521 1487 531 1506 ,
551 1458 706 1510 ἀκαρπίη
728 1466 763 1494 et
783 1456 969 1495 similibus
991 1457 1088 1495 idem
1110 1457 1184 1495 sibi
1202 1457 1441 1495 indulserunt
1464 1459 1556 1496 boni

89 1530 232 1573 poc-tae,
249 1522 312 1559 sed
337 1522 374 1559 in
397 1522 643 1560 substantivis
662 1530 828 1568 tantum,
850 1534 1042 1571 nunquam
1063 1522 1100 1559 in
1120 1521 1328 1572 adjectivis,

139 1583 283 1636 Τύχωσι
314 1586 450 1636 (prima
478 1585 630 1635 longa),
664 1586 753 1634 lw,
781 1587 868 1632 634,
896 1585 1100 1623 barbarum
1130 1594 1204 1633 est;
1235 1594 1273 1623 et
1299 1593 1423 1623 tamen
1455 1585 1554 1624 idem

89 1649 266 1687 mendum
287 1651 467 1696 recurrit,
487 1649 552 1688 lib.
566 1650 653 1688 Vlll
667 1679 676 1697 ,
695 1663 731 1688 v.
752 1663 838 1688 202.

140 1713 220 1751 Υἱοί
239 1714 384 1764 (priore
404 1713 547 1765 brevi),
576 1714 665 1759 111⁶,
707 1715 792 1760 152,
812 1727 897 1751 cum
919 1727 1010 1765 quo,
1031 1714 1060 1751 si
1085 1723 1216 1760 vacat,
1237 1714 1371 1752 confer
1397 1715 1443 1761 V,
1466 1715 1489 1750 6
1518 1723 1556 1752 ct

89 1777 140 1815 ibi
162 1792 242 1819 rur.
262 1788 363 1830 post.

139 1840 354 1894 «ἲὶαρμακούς
371 1841 511 1893 (media
531 1842 682 1894 longa),
711 1843 798 1892 lll',
821 1842 912 1892 225,
933 1843 1092 1882 sortasse
1118 1842 1259 1880 rectius
1291 1842 1327 1879 iu
1354 1841 1556 1894 φαρμακέας

88 1905 324 1943 nudandunn

136 1968 284 2014 Ὠλένας
301 1969 427 2021 ἁγνάς,
449 1970 539 2018 1113·
552 1971 641 2022 591,
663 1971 793 2010 aeolice
807 1972 999 2024 scriptum
1014 1971 1186 2018 videtur3
1203 1971 1267 2010 sed
1291 1980 1348 2010 est
1372 1984 1474 2009 mera
1489 1984 1557 2008 au-

84 2035 202 2072 ctoris
219 2035 367 2073 licentia
386 2036 444 2073 vel
464 2049 589 2074 merus
612 2049 735 2087 error,
754 2036 864 2086 cujus
884 2050 1033 2075 causam
1050 2031 1232 2082 diximus,
1250 2050 1334 2088 pag.
1354 2036 1444 2080 584.

139 2099 320 2144 Quaedam
341 2100 555 2147 omisimus,
573 2114 658 2152 quae
678 2103 794 2153 vulgo
820 2102 858 2138 in
885 2102 1004 2152 epicis
1026 2101 1190 2153 produci
1211 2102 1342 2150 solita,
1361 2102 1478 2139 attico
1499 2109 1557 2139 ta-

88 2177 172 2200 men
189 2178 292 2202 more
307 2165 418 2203 etiam
432 2167 468 2203 in
485 2165 716 2203 hexametris
731 2165 1009 2204 recentioribus
1024 2167 1166 2217 corripi
1189 2180 1270 2204 mos
1293 2166 1554 2213 increbuerat,

89 2237 129 2266 ut
148 2228 248 2280 ἀνήρ,
267 2228 393 2277 καλός,
414 2239 449 2268 et
468 2230 617 2268 similia.
646 2231 713 2269 llis
730 2231 899 2282 exceptis
913 2261 923 2281 ,
949 2241 986 2269 et
1007 2231 1036 2268 si
1060 2244 1146 2282 quae
1169 2231 1240 2269 alia
1265 2230 1381 2269 dubia
1402 2239 1559 2282 possunt

91 2291 239 2340 haberi,
265 2294 411 2345 reliqua
439 2295 554 2332 modo
572 2294 683 2332 citata
710 2294 930 2345 hujusmodi
956 2304 1066 2345 sunt,
1088 2305 1129 2333 ut
1158 2295 1409 2346 sacilequivis
1430 2282 1558 2332 videat

87 2366 268 2406 quantum
293 2358 367 2396 sibi
388 2358 635 2409 licentiaejam
654 2359 788 2410 priscis
815 2360 887 2397 illis
913 2359 1147 2410 temporibus
1178 2360 1408 2397 indulserint
1437 2368 1557 2409 poetae

91 2433 224 2470 parum
256 2423 467 2474 diligentes,
500 2424 624 2462 Porro
644 2438 761 2475 quum
790 2423 836 2461 a'd
864 2424 999 2461 harum
1033 2425 1196 2475 partium
1229 2426 1424 2474 exemplar
1441 2425 1558 2462 ceteri

89 2484 264 2536 Sibyllini
283 2487 370 2526 libri
398 2490 597 2540 compositi
623 2489 719 2538 sint,
746 2489 839 2527 nihil
860 2490 995 2527 mirum
1018 2490 1062 2537 si,
1087 2495 1176 2540 post
1202 2489 1286 2526 illos
1314 2497 1458 2527 veteres
1485 2490 1559 2526 mi-

89 2563 237 2600 nusque
268 2552 414 2602 ineptos
440 2557 589 2605 poetas,
614 2554 677 2592 alii
704 2554 933 2592 recentiores
961 2564 998 2592 et
1030 2554 1264 2592 indoctiores
1294 2568 1362 2604 per
1386 2554 1557 2592 eamdem

91 2613 252 2651 orbitam
270 2614 416 2666 longius
432 2619 618 2667 progressi
639 2627 739 2656 suut.
759 2619 885 2669 thue
904 2619 1032 2669 paucis
1056 2631 1132 2655 rem
1152 2617 1403 2666 absolvamus,
1425 2618 1558 2657 viden-

94 2686 155 2714 tur
173 2691 247 2715 non
269 2693 420 2730 semper
437 2694 504 2718 nec
525 2681 676 2732 ubique,
694 2683 758 2719 scd
779 2683 890 2720 nimis
907 2682 1043 2720 erebro
1058 2682 1207 2719 duabus
1222 2682 1328 2720 abusi
1348 2697 1427 2721 esse
1445 2696 1557 2733 regu-

94 2742 154 2786 lis,
179 2756 270 2793 quas
289 2743 339 2780 ob
361 2758 480 2795 pauca
505 2755 676 2784 veterum
691 2747 862 2797 exempla
885 2748 1118 2797 grammatici
1139 2749 1286 2786 incaute
1304 2758 1531 2799 posuerant:

149 2805 186 2841 1⁰
211 2808 386 2847 Vocalem
413 2823 562 2848 omnem
582 2811 744 2849 *mediam
768 2812 846 2850 sive
863 2812 1088 2863 unicipitem,
1110 2827 1245 2864 nempe
1270 2828 1312 2863 α,
1334 2829 1366 2860 ι,
1390 2829 1426 2859 υ,
1450 2827 1558 2863 posse
