1686 3500
444 389 1011 478 EXCURSUS
1059 391 1200 474 VI.

200 760 276 804 DE
307 760 574 804 MATERIA
609 760 726 804 SEU
761 759 1051 803 DOCTRINA
1097 748 1432 803 SIBYLLINA.

133 1027 259 1074 Quum
298 1027 334 1064 in
369 1026 539 1066 Excursu
573 1026 701 1078 priore
725 1025 773 1064 de
801 1033 1025 1077 argumento
1053 1024 1263 1074 librorum,
1287 1024 1418 1077 quales
1451 1038 1553 1063 nune

82 1097 245 1135 exstant,
264 1088 536 1142 Sibyllinorum
569 1089 720 1128 abunde
740 1089 974 1142 disputatum
1002 1096 1120 1134 esset,
1144 1087 1309 1127 restabat
1342 1096 1382 1126 ut
1401 1087 1449 1126 de
1470 1087 1553 1138 ipso

82 1167 199 1206 opere
217 1153 401 1203 judicium
424 1154 620 1194 ferremus.
634 1154 775 1192 Totum
793 1162 914 1192 antem
932 1152 978 1191 de
995 1152 1388 1204 Sibyllinisjudicium
1404 1151 1442 1190 in
1460 1151 1554 1189 (luas

82 1227 209 1270 partes
237 1219 353 1257 (lividi
383 1231 492 1268 posse
518 1218 724 1267 sensimus,
757 1230 917 1268 quarum
948 1231 1020 1255 una
1042 1225 1096 1256 est
1115 1216 1162 1254 de
1190 1216 1346 1255 materia
1373 1229 1438 1254 seu
1460 1216 1553 1253 doe-

83 1283 206 1329 trina;
227 1283 342 1320 altera
357 1312 367 1330 ‚
390 1282 418 1319 si
452 1283 508 1319 sas
527 1282 581 1320 ita
605 1282 731 1332 loqui,
760 1281 807 1319 de
828 1281 947 1319 forma
961 1311 972 1332 ‚
993 1281 1028 1319 id
1048 1289 1122 1328 est,
1140 1280 1187 1319 de
1207 1281 1398 1331 graecitate
1414 1288 1451 1318 et
1475 1294 1554 1318 me-

83 1348 190 1386 trica.
216 1348 308 1386 Nam
335 1346 382 1385 de
409 1355 491 1385 arte
512 1355 548 1385 et
570 1347 724 1398 ingenio
751 1345 1034 1397 Sibyllistarum
1064 1359 1205 1397 panca,
1238 1354 1278 1383 nt
1306 1346 1343 1383 in
1374 1359 1415 1384 re
1441 1345 1552 1391 exili,

82 1411 196 1464 (ligna
230 1421 319 1450 sunt
352 1411 478 1460 dictu,
506 1420 542 1449 et
574 1424 660 1462 quae
700 1410 860 1449 dicenda
898 1419 1008 1458 sunt,
1037 1423 1156 1461 quum
1186 1410 1370 1461 pleraque
1399 1410 1443 1448 ad
1474 1423 1555 1447 rem

81 1477 268 1529 poeticam
301 1477 536 1528 pertincant,
570 1477 632 1514 vix
659 1490 680 1515 a
702 1476 858 1514 metrica
890 1476 1062 1527 separari
1092 1483 1266 1526 possunt.
1297 1479 1422 1526 Atque
1452 1476 1554 1514 illam

82 1555 231 1580 omnem
251 1550 398 1594 partem
414 1555 500 1593 quae
520 1541 568 1580 de
590 1543 711 1580 forma
727 1551 782 1579 est
801 1541 986 1580 orationis
1003 1572 1011 1586 ,
1032 1540 1069 1578 in
1090 1540 1319 1591 singularem
1345 1541 1555 1578 lixa-ursum

80 1604 238 1656 rejicere
250 1606 328 1657 jam
349 1606 526 1644 abinitio
543 1615 795 1644 statueramus
812 1618 821 1645 ε
837 1606 885 1644 de
899 1605 1071 1643 doctrina
1093 1614 1220 1643 autem
1244 1604 1449 1656 Sibyllina,
1469 1618 1555 1655 ‹111oe

80 1670 240 1722 propius
262 1671 308 1709 ad
336 1680 599 1722 argumentum
624 1683 738 1722 supra
761 1678 963 1709 tractatum
986 1669 1145 1714 attinet,
1168 1669 1203 1706 in
1226 1670 1298 1707 line
1320 1678 1357 1707 et
1376 1678 1556 1720 tanquam

80 1735 119 1772 in
151 1735 304 1787 epilogo
336 1737 475 1788 prioris
504 1736 694 1774 Excursus
720 1735 839 1774 acturi
874 1747 1046 1784 eramus,
1073 1733 1143 1771 nisi
1158 1732 1235 1785 jam
1259 1733 1319 1771 illa
1347 1733 1557 1785 disputatio

82 1800 119 1836 in
133 1799 295 1849 spatium
309 1801 416 1850 justo
434 1800 544 1840 latius
561 1800 802 1844 excurrisset.
826 1800 866 1838 ld
882 1798 992 1837 nobis
1009 1811 1132 1836 cansae
1152 1799 1243 1842 fuit,
1263 1812 1332 1836 cur
1350 1798 1458 1845 hane,
1481 1807 1556 1836 tan-

81 1876 194 1912 quam
228 1864 428 1915 specialem
459 1864 624 1914 aliquam
653 1865 1012 1902 commentationem
1047 1876 1068 1900 a
1097 1864 1225 1914 priore
1250 1863 1557 1914 sejungeremus;

82 1936 195 1978 atque
220 1928 270 1966 ita
301 1941 371 1979 pro
400 1942 462 1966 sex
496 1928 728 1967 Excursibus
755 1929 845 1966 olim
873 1930 908 1965 in
938 1928 1160 1978 praesntionc·
1184 1937 1313 1965 nostra
1343 1929 1558 1978 promissis,

82 2000 225 2042 septem
246 1992 426 2044 deinceps
455 1992 680 2038 osset-imus,
703 2007 724 2031 a
745 1994 930 2031 lectorum
967 1991 1234 2043 objurgatione
1264 1991 1408 2038 securi,
1439 2005 1559 2042 quum

83 2054 169 2106 plus
185 2055 316 2094 debito
337 2065 572 2107 praestemus.
1092 2050 1108 2064 ²
1332 2070 1346 2089 ·

137 2120 316 2157 Doctrina
335 2134 423 2158 vero
439 2120 644 2172 Sibyllina,
663 2121 709 2158 de
723 2134 796 2171 qua
819 2121 855 2158 in
873 2119 946 2159 lioc
970 2122 1141 2159 Excursu
1164 2119 1353 2171 agendum
1369 2127 1437 2165 est,
1454 2133 1560 2157 more

84 2183 184 2235 apud
216 2183 414 2235 theologos
442 2186 583 2224 usitato
608 2185 891 2224 distribuetur:
922 2197 1009 2237 pars
1035 2184 1135 2222 enim
1171 2183 1216 2221 ad
1242 2185 1359 2230 saeta,
1390 2197 1477 2235 pars
1512 2183 1557 2220 ad

84 2247 214 2294 fldem,
236 2261 322 2299 pars
337 2249 384 2286 ad
405 2262 528 2286 mores
548 2251 733 2300 pertinen
757 2248 858 2287 unde
892 2258 968 2287 tres
993 2249 1106 2286 ctiam
1136 2248 1412 2286 dissertationis
1432 2256 1560 2299 partes

84 2323 211 2359 eruut,
231 2327 391 2364 quarum
409 2328 476 2352 sno
497 2328 656 2365 qumque
673 2328 798 2366 graeco
819 2315 973 2352 nominc
997 2314 1124 2351 forsan
1154 2312 1257 2351 hand
1279 2313 1421 2352 absone
1446 2325 1559 2350 voca-

85 2376 201 2422 bitur,
217 2377 418 2421 historica,
433 2379 647 2429 dogmatica
659 2409 669 2429 ,
686 2379 827 2418 ethica.

420 2597 548 2633 PARS
576 2598 746 2633 PRIMA
781 2597 908 2634 SIVE
935 2595 1230 2634 HISTORICA.

142 2709 263 2760 Hujus
291 2711 422 2761 primae
448 2712 564 2761 partis
580 2711 709 2763 jejuna
737 2721 792 2750 est
825 2713 860 2749 in
890 2711 1086 2762 Sibyllinis
1114 2713 1310 2762 materies,
1345 2726 1458 2764 quam
1490 2726 1561 2766 pro

88 2787 216 2812 rerum
244 2782 379 2812 natura
417 2775 453 2812 in
490 2776 560 2812 tria
590 2784 781 2827 segmenta
811 2790 875 2814 scu
909 2777 1030 2827 capita
1059 2777 1215 2815 divisuri
1248 2782 1399 2825 sumus,
1430 2777 1562 2815 addito

85 2846 232 2888 tamen,
253 2839 477 2891 appendicis
509 2840 639 2886 instar,
663 2853 740 2877 uno
771 2840 894 2891 cupite
916 2840 962 2879 de
990 2841 1221 2892 geographia
1249 2850 1284 2879 ‹·t
1307 2841 1559 2892 chronologia

85 2901 282 2952 Sibyllina.
