1686 3500
657 140 967 190 EXCURSUS
1001 139 1063 187 ‘Vl
1073 177 1083 187 .
1190 191 1193 193 ‚
1385 150 1392 160 “
1522 139 1606 190 331

138 264 154 282 ι
170 259 249 287 non
269 245 454 298 sentient;
476 235 620 284 habent
647 243 749 281 enim
769 241 914 293 aliquid
932 241 971 279 in
988 253 1027 279 se
1048 241 1132 291 Dei,
1150 240 1257 292 quod
1275 240 1351 280 vim
1370 241 1532 281 flammae
1552 245 1616 282 re-¹

139 329 154 347 α
171 312 288 364 pellat
308 325 352 350 ac
370 319 537 364 respuat.
560 310 685 349 Tanta
706 307 762 345 vis
783 314 841 345 est
858 306 1103 353 innocentiae,
1134 313 1178 344 ut
1204 305 1253 344 ab
1273 320 1316 345 ea
1337 306 1435 358 ignis
1457 306 1521 346 ille
1551 320 1616 346 re-

138 395 155 413 «
173 376 294 429 fugiat
311 376 514 424 innoxius;
532 372 600 425 qui
619 373 769 424 accepit
784 384 806 410 a
824 371 905 410 Deo
924 370 1026 409 hanc
1040 369 1251 422 potentiam
1265 399 1276 419 ,
1299 380 1340 409 ut
1357 371 1496 422 impios
1513 380 1617 424 urat,

139 441 275 491 «justis
294 439 548 491 obtemperet.
562 454 577 471 u

191 506 305 546 Nunc
324 505 355 543 si
371 505 518 544 fontem
537 501 678 553 quaeris
696 500 812 550 hujus
829 499 1043 551 opinionis,
1064 499 1224 537 fortasse
1239 510 1318 537 non
1336 499 1491 540 aliunde
1505 501 1621 541 vesti-

140 569 288 623 gandus
312 578 368 608 est
386 581 502 620 quam
521 580 566 606 ex
583 566 747 619 epistola
766 564 846 603 divi
872 563 983 604 Pauli
1001 563 1050 602 ad
1070 562 1247 603 Corinth.
1267 563 1303 610 1,
1324 576 1412 615 cap.
1437 566 1478 617 3,
1495 578 1531 603 v.
1556 567 1619 615 13,

139 648 248 685 sqq.:
268 651 284 667 σι
301 631 612 684 Uniuscujnsque
629 643 727 682 opus
749 629 991 668 manifestum
1020 628 1106 667 erit.
1136 627 1225 666 Dies
1245 627 1345 666 enim
1365 629 1522 668 Domini
1547 631 1621 670 de-

141 717 156 733 «
170 697 354 746 clarabit,
374 697 464 749 quia
482 696 522 735 in
546 696 635 748 igne
652 693 884 734 revelabitur
898 706 910 745 3
922 701 961 731 et
979 691 1280 744 uniuscujusque
1298 705 1396 744 opus
1420 693 1533 744 quale
1551 695 1623 743 sit,

142 780 157 796 οι
175 764 270 815 ignis
290 762 483 815 probabit.
510 761 550 800 Si
569 760 677 812 cujus
696 772 793 810 opus
814 756 994 796 manserit
1005 756 1140 808 ,qnod
1161 756 1503 808 superaedificavit,
1523 771 1625 798 mer-

144 847 159 863 «
177 829 307 867 cedem
328 827 492 878 accipiet
513 840 521 864 ε
548 826 578 864 si
609 824 716 876 cujus
739 837 840 875 opus
857 823 1016 870 arserit,
1039 821 1310 860 detrimentum
1331 822 1516 874 patietur3
1544 823 1625 875 ipse

144 910 159 926 «
174 902 301 931 autem
324 892 447 930 salvus
465 890 559 938 erit,
579 890 634 928 sic
654 898 780 927 tamen
795 888 905 939 quasi
923 900 992 939 per
1008 887 1135 938 ignem
1151 904 1179 925 ο.
1200 886 1318 938 Cujus
1336 887 1411 926 loci
1429 888 1629 940 interpre-

144 958 256 1004 tatio,
286 957 374 995 licet
403 955 521 993 hodie
542 967 677 1006 parum
698 954 852 1003 vulgata
866 980 876 1000 ,
896 951 992 989 adeo
1011 965 1087 988 non
1108 951 1316 1002 Sibyllistis
1337 961 1404 990 aut
1430 952 1628 991 Lactantio

144 1022 304 1073 propria
324 1030 401 1073 est,
421 1029 465 1059 ut
480 1027 518 1058 et
533 1018 624 1057 olim
649 1032 671 1056 a
692 1017 824 1055 multis
843 1024 881 1054 et
900 1014 1063 1054 fortasse
1082 1016 1259 1068 plurimis
1279 1016 1480 1069 utriusque
1500 1017 1631 1057 Eccle-

144 1085 208 1123 siae
228 1084 412 1125 Patribus
438 1090 595 1134 recepta
624 1083 693 1129 sit,
714 1081 880 1129 Hilario,
910 1080 1073 1129 Basilio,
1104 1081 1344 1121 Nazianzeno
1361 1111 1371 1131 ,
1401 1081 1630 1130 Ambrosio,

147 1152 395 1202 Hieronyin0‚
410 1149 588 1196 Paulino,
604 1147 700 1186 aliis.
721 1147 926 1199 Origenem
938 1146 1114 1184 consulto
1128 1146 1337 1196 emisimus,
1348 1160 1566 1199 quanquam
1584 1148 1632 1186 de

146 1231 190 1256 ea
211 1231 250 1255 re
273 1215 588 1260 disertissimum,
617 1211 759 1252 liomil.
785 1214 806 1251 3
827 1211 867 1250 in
886 1211 1029 1252 Psalin.
1056 1211 1118 1257 36,
1140 1219 1176 1250 ct
1193 1210 1262 1252 lib.
1281 1211 1369 1251 vul
1389 1212 1427 1251 in
1447 1212 1562 1265 epist.
1582 1213 1631 1253 ad

144 1280 258 1320 Rom.
278 1289 375 1319 extr.
393 1279 598 1318 Maluimus
620 1278 721 1316 enim
742 1285 922 1315 auctores
943 1276 1062 1314 citare
1080 1289 1158 1315 non
1179 1276 1398 1324 doctiores,
1419 1277 1485 1316 sed
1508 1278 1630 1317 tutio-

148 1360 226 1387 res.
249 1347 422 1394 Quorum
450 1342 678 1384 Ambrosius
691 1370 702 1391 ,
724 1341 929 1394 Origenem
951 1341 1065 1380 tacite
1085 1350 1262 1394 secutus,
1281 1354 1329 1380 ne
1348 1342 1458 1381 divos
1477 1343 1631 1395 quidem

146 1415 305 1453 Petrum
326 1420 363 1451 et
378 1412 569 1451 Joannem
584 1410 632 1449 ab
647 1423 694 1448 eo
713 1409 802 1462 igne
819 1408 983 1461 excipit,
999 1409 1214 1448 Comment.
1235 1408 1282 1446 ad
1301 1408 1443 1449 Psalm.
1464 1410 1524 1458 16,
1542 1423 1578 1449 v.
1595 1411 1632 1450 3.

146 1477 313 1517 Hilarius
333 1490 425 1516 vero
444 1489 493 1514 ne
519 1477 674 1514 beatam
703 1474 859 1526 quidem
877 1473 1066 1524 virginem
1086 1473 1267 1520 Mariam,
1290 1473 1344 1512 ita
1370 1473 1544 1513 scribens
1560 1504 1570 1521 ,
1592 1474 1630 1512 in

147 1544 286 1584 Psalm.
309 1543 395 1591 118,
415 1554 523 1580 v.-2o
545 1552 555 1582 τ
576 1558 591 1575 «ι
608 1540 647 1580 Si
680 1553 771 1592 ergo
797 1539 835 1577 in
859 1537 997 1590 judicii
1029 1538 1273 1577 severitatem
1304 1551 1428 1590 capax
1458 1538 1522 1578 illa
1557 1540 1628 1578 Dei

145 1627 160 1643 «
175 1609 292 1660 Virgo
312 1615 475 1645 ventura
493 1613 572 1654 est,
593 1604 813 1643 desiderare
834 1604 920 1655 quis
937 1602 1094 1641 audebit
1112 1616 1133 1641 a
1155 1604 1236 1641 Deo
1257 1602 1470 1642 vindicari?
1484 1621 1499 1637 n

199 1672 302 1720 Quid
319 1685 465 1711 novum
484 1669 626 1710 deinde
651 1670 682 1709 si
701 1668 894 1720 Josephus
912 1667 1044 1707 Mariae
1061 1668 1223 1718 conjux,
1244 1668 1285 1706 in
1305 1668 1529 1720 apocrypha
1549 1670 1634 1719 ejus

147 1738 282 1777 mortis
297 1736 458 1776 historia
470 1765 481 1786 ,
496 1723 650 1774 arabice
667 1743 704 1772 et
719 1735 833 1772 latine
848 1733 950 1772 edita
970 1746 991 1770 a
1006 1732 1173 1783 Georgio
1187 1730 1373 1780 Wallino,
1391 1732 1497 1784 Lips.
1520 1745 1634 1782 1722,

146 1816 279 1841 rursus
305 1816 327 1840 a
348 1800 568 1839 doctissimo
595 1799 782 1846 Thilone,
816 1797 924 1849 Lips.
954 1798 1052 1835 1832
1078 1797 1213 1848 (latine
1234 1796 1406 1835 eamdem
1428 1796 1544 1837 habet
1564 1798 1634 1837 Fa-

148 1868 291 1906 bricius
306 1867 344 1904 in
359 1865 458 1904 Cod.
480 1863 727 1916 pseudepigr.
744 1863 787 1901 V.
803 1862 865 1913 T.)
885 1862 1051 1913 moriens
1068 1863 1192 1901 Deum
1207 1862 1375 1910 invocat,
1392 1870 1466 1901 tam
1482 1872 1633 1903 sanctus

146 1934 221 1980 vir,
241 1941 284 1970 ut
303 1931 428 1969 salvus
450 1942 521 1981 per
540 1929 648 1966 illum
665 1927 791 1980 ignem
808 1926 972 1965 evadere
989 1927 1135 1978 possit:
1159 1944 1174 1960 α
1189 1928 1321 1977 Neque
1345 1927 1464 1978 prius,
1484 1928 1630 1979 inquit,

148 2017 164 2033 «
183 1996 430 2047 submergant
455 1994 619 2032 animam
648 2005 769 2030 meam
785 1992 923 2030 fluctus
934 1991 1047 2029 maris
1064 1991 1191 2043 ignei:
1209 1990 1283 2030 hoc
1295 1992 1395 2030 enim
1410 1993 1533 2031 omnis
1549 2007 1633 2046 per·

147 2080 162 2097 a
181 2061 342 2100 transire
370 2058 485 2097 debet
510 2058 678 2096 anima».
699 2057 775 2103 Qui
804 2064 930 2094 tamen
964 2063 1086 2093 metus
1107 2053 1336 2094 deteriorem
1362 2056 1494 2108 prodit
1521 2057 1631 2097 istius

147 2128 238 2166 libri
257 2126 447 2178 originem
468 2136 477 2163 ε
497 2123 676 2174 displicet
696 2122 798 2160 enim
818 2121 856 2159 in
879 2121 943 2159 tali
966 2120 1053 2159 viro
1068 2150 1078 2169 ,
1099 2134 1213 2172 quem
1234 2121 1283 2159 ab
1303 2122 1522 2172 hujusmodi
1552 2132 1630 2163 ter-

149 2191 301 2232 roribus
319 2198 376 2228 tot
395 2202 515 2227 causae
534 2185 793 2226 vindicabant.
823 2186 873 2225 Et
896 2185 1051 2237 quidem
1081 2193 1230 2224 veteres
1256 2186 1374 2224 sancti
1393 2188 1524 2227 Patres
1547 2202 1631 2227 om·-

147 2271 214 2296 nes
236 2256 408 2308 profecto
423 2253 714 2299 intellexerunt,
733 2250 839 2288 illum
861 2263 931 2301 per
949 2263 1127 2288 accensos
1147 2250 1251 2301 ignes
1275 2251 1471 2289 transitum
1491 2255 1633 2293 sanctis

148 2322 219 2361 Dei
233 2318 485 2360 immaculatis
510 2325 576 2355 aut
605 2315 715 2367 prius
736 2313 785 2353 ab
804 2314 909 2353 omni
928 2314 1013 2353 labe
1034 2318 1225 2366 purgatis,
1255 2328 1333 2353 non
1360 2315 1632 2368 opprobrium,

149 2386 215 2425 sed
245 2383 509 2435 triumphum,
537 2394 613 2419 non
641 2379 883 2428 incendium,
920 2379 985 2417 sed
1017 2379 1148 2430 potius
1183 2379 1424 2431 refrigerium
1455 2381 1551 2429 sore,
1593 2393 1632 2422 ut

149 2460 280 2502 aperte
294 2450 348 2488 ait
375 2448 486 2486 divus
505 2445 704 2494 Paulinum,
724 2445 835 2495 epist.
855 2444 902 2482 nd
920 2446 1068 2493 Seven,
1083 2445 1104 2493 §
1121 2446 1159 2484 3.

202 2517 295 2562 Quae
313 2511 507 2560 doctrina,
529 2511 583 2549 sic
598 2509 798 2549 emendata
813 2539 823 2559 ‚
842 2523 890 2547 ue
908 2508 1025 2547 hodie
1047 2509 1201 2559 quidem
1228 2509 1426 2548 catholicae
1454 2511 1635 2552 Ecclesiae

148 2580 259 2618 valde
297 2584 506 2629 repugnat,
538 2576 577 2613 in
608 2573 747 2612 ritibus
767 2575 847 2612 suis
884 2572 1065 2611 feralibus
1083 2575 1206 2612 Deum
1227 2573 1418 2625 hodieque
1441 2575 1495 2614 sic
1519 2577 1634 2614 invo-

150 2645 272 2694 canti,
297 2660 314 2676 «
335 2655 405 2693 per
433 2654 520 2680 eum
548 2640 615 2691 qui
649 2647 829 2677 venturus
861 2646 917 2676 est
946 2637 1123 2688 judicare
1151 2639 1262 2676 vivos
1289 2647 1327 2676 et
1359 2648 1556 2690 mortuos,
1595 2649 1634 2679 et

152 2709 329 2748 saeculum
355 2719 425 2757 per
445 2705 570 2756 ignem
595 2722 625 2743 υ.
657 2702 769 2744 Unde
789 2715 859 2740 nec
878 2702 1018 2740 mirum
1045 2710 1237 2753 receptam
1258 2702 1359 2739 illam
1388 2703 1634 2744 traditionem

152 2781 218 2810 aut
235 2779 339 2810 certe
360 2770 558 2807 toleratam
591 2767 706 2805 fuisse
739 2781 760 2804 a
796 2765 1075 2804 recentioribus
1107 2766 1294 2817 theologis
1324 2767 1437 2804 etiam
1475 2769 1637 2806 maxime

153 2836 391 2875 orthodoxis.
421 2833 561 2872 Confer
590 2832 712 2869 multa
743 2831 789 2868 de
824 2844 870 2868 eo
905 2831 990 2880 igue
1020 2831 1266 2870 disserentem
1306 2833 1637 2881 Bouavcnturam,

1383 2897 1456 2952 34.
