1752 3495
82 239 177 284 218
464 238 545 281 AD
578 238 630 282 SI
639 237 931 282 BYLLINOS
965 237 1174 281 LIBROS

82 345 163 384 tur,
195 344 237 374 ut
265 347 384 387 quum
403 334 642 386 AEsculapius
669 335 880 386 Epidauro,
894 336 1016 373 Mater
1033 334 1128 373 ldaea
1148 335 1372 376 Pessinunte
1391 340 1545 382 advecta

80 394 148 438 est.
174 401 276 439 Dirae
299 399 506 451 aliquando
541 400 832 451 superstitiones
850 407 887 437 et
916 413 937 437 e
964 398 1176 437 barbaricis
1206 400 1452 451 religionibus
1480 419 1542 457 pe.

81 465 178 510 titae,
201 473 242 502 ut
263 464 446 502 sacrificia
462 465 638 511 humana,
654 463 701 501 ad
727 475 847 501 annos
876 477 994 500 nxxxr
1015 473 1052 502 et
1072 477 1250 502 nxxxvm
1267 465 1398 515 (Livio
1416 483 1546 518 nxxix,

79 528 236 578 nxxxvi)
251 556 262 575 ,
281 527 386 579 quod
409 527 561 579 quidem
582 527 695 565 semel
720 539 741 563 a
758 526 963 565 Plutarcho
980 527 1018 564 in
1038 527 1114 564 vita
1138 529 1325 575 Marcelli,
1344 539 1379 568 et
1401 545 1420 569 a
1441 534 1545 572 Livio

78 592 204 640 semel,
224 592 292 630 lib.
324 592 445 640 xxu,
466 592 487 641 §
511 592 572 638 57,
601 590 660 628 bis
688 590 788 627 idem
820 590 893 628 sub
922 590 1082 629 diversis
1108 592 1218 629 annis
1246 602 1438 632 narratum
1467 612 1544 637 esse

77 656 240 694 libenter
273 655 537 701 crederemus,
567 654 639 692 nisi
671 653 814 700 Livius,
847 664 1146 693 commemorato
1174 657 1386 707 posteriore
1417 673 1542 707 sacro,

76 721 203 758 statim
237 720 396 759 adderet
423 719 539 757 fuisse
561 719 686 756 locum
716 718 822 756 illum
853 718 920 757 ubi
951 720 1081 758 Gallus
1112 726 1151 760 et
1185 721 1308 772 Galla,
1329 723 1482 763 Grcecus
1510 736 1543 765 et

77 786 209 823 Graeea
230 785 307 823 vivi
332 784 471 822 defossi
491 791 581 822 sunt
609 783 718 832 «jam
749 791 836 821 ante
859 783 995 822 hostiis
1026 784 1201 823 humanis
1229 785 1435 827 imbutum.
1454 805 1468 822 υ

129 850 186 888 De
197 849 370 887 humanis
383 848 486 900 apud
498 847 694 886 Romanos
709 847 905 885 sacrificiis
926 848 1046 886 multa
1061 849 1248 887 disserere
1266 851 1386 888 nostri
1401 865 1476 890 non
1491 864 1543 892 est

77 913 253 953 instituti.
273 915 451 952 Testatur
468 912 550 964 ipse
567 912 718 959 Livius,
737 912 810 950 loc.
831 913 909 962 cit.,
932 912 1182 952 abhorruisse
1214 914 1391 965 publicos
1423 929 1541 956 mores

75 978 124 1016 ab
141 979 222 1022 illo,
245 978 343 1017 sicut
366 978 448 1028 ipse
468 977 536 1025 ait,
559 977 744 1015 «minime
764 977 935 1015 Romano
952 990 1099 1015 sacro».
1130 978 1205 1025 Qui
1229 980 1269 1016 fit
1292 979 1408 1029 igitur
1427 990 1469 1018 ut
1487 982 1541 1020 bis
1586 989 1589 991 '

75 1053 139 1082 aut
161 1044 275 1081 etiam
293 1051 350 1080 ter
367 1043 468 1092 (nam
487 1041 642 1079 tertium
659 1041 876 1093 exemplum
898 1042 996 1079 infra
1014 1042 1262 1093 proferetur),
1284 1043 1484 1094 Sibyllino,
1505 1047 1540 1084 id

75 1117 146 1155 est,
163 1108 310 1147 Xvirali
329 1121 394 1145 seu
412 1107 587 1145 XVvirali
606 1120 791 1157 responso
808 1106 957 1158 jussum
982 1106 1084 1145 istud
1097 1137 1108 1154 ,
1135 1120 1156 1144 a
1176 1116 1313 1146 senatu
1341 1108 1539 1159 probatum

75 1175 345 1224 decretumque
368 1173 513 1210 fuerit?

125 1238 296 1278 Primum
327 1237 480 1289 quidem
511 1250 612 1274 auno
641 1250 788 1286 nxxxt,
811 1236 998 1275 tumultus
1020 1236 1156 1276 Gallici
1189 1246 1384 1288 tempore,
1413 1239 1538 1288 cujus-

73 1303 177 1341 modi
203 1303 339 1340 nuntio
360 1302 542 1340 maximos
568 1314 717 1352 semper
740 1302 917 1340 Romanis
941 1309 1106 1339 terrores
1127 1302 1298 1339 incussos
1329 1301 1444 1340 fuisse
1462 1317 1539 1342 om-

71 1380 140 1406 nes
167 1367 305 1406 sciunt.
325 1367 481 1405 Emotas
502 1373 591 1402 tunc
614 1365 777 1403 maxime
799 1375 942 1404 mentes
967 1365 1014 1403 ad
1037 1366 1075 1402 id
1103 1366 1344 1404 crudelitatis
1369 1367 1539 1416 impulsas

73 1432 188 1471 suisse
206 1431 395 1469 credimus
413 1444 490 1468 non
510 1442 654 1481 pavore
681 1438 852 1479 tantum,
884 1429 950 1467 sed
971 1422 1142 1468 etiam'ae
1170 1430 1292 1467 multo
1313 1431 1430 1481 magis
1452 1434 1538 1471 Gal-

72 1497 195 1535 lorum
215 1497 386 1549 ipsorum
407 1497 597 1548 exemplo,
612 1497 680 1548 qui
705 1510 855 1548 semper
877 1497 1016 1536 talibus
1035 1498 1228 1536 sacrificiis
1246 1499 1404 1537 infames
1428 1501 1538 1540 fuere.

72 1561 116 1599 In
141 1561 206 1600 illa
231 1570 355 1600 tamen
378 1562 519 1599 atrocis
547 1562 709 1612 exempli
746 1562 975 1612 imitatione,
995 1575 1114 1613 genus
1141 1563 1274 1601 saltem
1296 1565 1399 1602 necis
1418 1565 1537 1616 elege-

71 1635 161 1664 runt
180 1626 284 1677 quod
311 1626 360 1664 ab
392 1626 588 1664 hominum
608 1626 691 1664 visu
713 1627 875 1664 maxime
891 1635 1078 1665 remotum
1105 1636 1216 1674 esset,
1236 1628 1282 1665 ad
1305 1629 1409 1679 quod
1432 1632 1537 1668 etiam

72 1689 275 1728 Vestalium
297 1689 492 1742 suppliciis
513 1690 782 1728 occalluerant.
800 1692 1017 1729 Notandum
1036 1692 1151 1730 etiam
1169 1693 1311 1730 erroris
1330 1703 1536 1744 suspectum

72 1767 153 1793 esse
181 1756 428 1794 Plutarchum
459 1755 524 1793 illo
545 1767 646 1793 anno
666 1757 816 1794 Graecas
836 1756 1008 1795 victimas
1028 1757 1184 1795 Gallicis
1212 1757 1414 1796 addentem
1442 1760 1476 1797 in
1497 1775 1538 1797 eo

72 1832 180 1858 sacro
199 1820 304 1872 quod
322 1820 505 1858 adversus
525 1821 656 1860 Gallos
681 1829 827 1858 tantum
844 1821 973 1860 fiebat.
987 1823 1068 1860 1100
1088 1822 1171 1874 ipse
1188 1823 1367 1861 videlicet
1383 1838 1403 1861 e
1424 1834 1539 1874 postc-

72 1884 185 1923 rioris
216 1885 306 1923 sacti
333 1885 516 1924 memoria
542 1898 624 1922 non
644 1885 735 1922 satis
766 1894 877 1923 caute
898 1886 973 1924 huc
995 1887 1154 1926 invexit.
1182 1888 1256 1926 Sed
1283 1888 1388 1939 quod
1409 1888 1538 1926 deinde

73 1949 173 1988 idem
191 1950 346 2002 adjicit,
368 1951 572 2002 quotannis
593 1951 631 1988 in
652 1950 718 1989 illo
739 1950 843 2000 loco,
868 1950 935 1988 ubi
959 1951 1031 1988 tale
1053 1953 1160 1990 nefas
1181 1961 1374 2003 patratum
1397 1954 1536 2000 fuisset,

71 2026 233 2052 arcanos
268 2015 386 2062 ritus,
405 2014 621 2067 ἀποῤῥήτους
645 2014 705 2052 καὶ
743 2015 904 2058 ἀθεάτους
938 2015 1150 2068 ἱερουργίας,
1182 2017 1384 2055 novembri
1419 2031 1537 2055 mense

71 2078 259 2117 celebrari
289 2078 430 2127 solere,
455 2079 494 2117 id
523 2079 571 2117 de
595 2079 755 2130 piaculis
781 2080 1140 2131 interpretandum,
1171 2091 1207 2119 et
1240 2082 1429 2133 exsequiis
1460 2082 1537 2132 qui-

73 2142 232 2182 busdam
269 2145 430 2192 annuis,
467 2138 563 2194 quas
595 2145 763 2182 emollita
800 2145 1061 2183 Romanorum
1086 2146 1220 2197 religio
1255 2146 1302 2184 ad
1339 2146 1536 2197 placandos

77 2207 290 2246 hostiarum
310 2221 438 2246 manes
457 2221 541 2245 sero
559 2207 710 2245 videtur
739 2208 964 2248 instituisse.

122 2273 340 2310 Secundum
380 2272 599 2324 exc-inpium
638 2272 710 2310 suit
743 2285 843 2310 anno
871 2285 1072 2318 nxxxvm,
1108 2271 1209 2310 haud
1244 2272 1372 2310 minus
1410 2271 1536 2309 emotis

72 2336 277 2384 mentibus,
300 2345 386 2388 post
406 2338 642 2382 Cannensem
668 2349 808 2387 nempe
826 2336 992 2384 cladem,
1012 2349 1138 2387 eoque
1166 2337 1314 2374 facilius
1340 2335 1386 2374 ad
1416 2336 1535 2374 omnia

73 2400 241 2438 remedia
268 2401 382 2438 etiam
409 2400 575 2438 absurda
599 2401 660 2439 vel
681 2402 827 2439 atrocia
858 2401 1183 2452 confugientibus.
1206 2402 1254 2440 Et
1276 2410 1355 2439 tum
1379 2410 1536 2452 quatuor

71 2462 255 2511 victimas,
286 2465 436 2503 Gallum
461 2465 711 2516 Gallumque,
733 2467 910 2504 Graecum
940 2467 1215 2517 Graeeamque,
1237 2467 1354 2504 fuisse
1377 2467 1536 2504 defossas

73 2528 305 2578 (Liv..xx11‚
327 2531 348 2580 §
368 2532 455 2581 57),
476 2545 553 2569 non
585 2541 642 2569 est
671 2545 739 2569 cur
758 2531 989 2582 ambigatur.
1013 2532 1114 2578 Quid
1139 2532 1259 2583 igitur
1275 2540 1451 2583 putemus
1469 2529 1535 2567 nisi

72 2594 306 2634 decemviros
332 2610 398 2634 seu
419 2598 601 2647 niajorem
622 2610 756 2635 eorum
777 2605 924 2648 partem
953 2596 999 2633 ad
1013 2597 1311 2647 compescendos
1342 2596 1443 2647 vulgi
1465 2603 1536 2631 ter-

72 2673 178 2697 rores
202 2661 440 2711 sacrilegium
466 2662 578 2709 illud,
602 2675 677 2699 non
699 2662 940 2709 sacrificium,
958 2662 1212 2712 excogitasse,
1234 2662 1353 2712 priori
1379 2660 1533 2698 recenti-

70 2735 145 2773 que
160 2723 285 2760 adbuc
295 2725 471 2774 exemplo
488 2726 748 2763 renovandum
762 2726 1040 2777 ffilagnamque
1056 2735 1133 2764 tum
1149 2726 1366 2764 incubuisse
1380 2722 1534 2762 necessi·

72 2794 183 2825 tatem
200 2786 359 2825 sedandi
376 2801 618 2840 quocumque
636 2790 750 2828 modo
762 2790 881 2840 vulgi,
896 2790 982 2828 idco
999 2790 1203 2838 credimus,
1219 2790 1320 2840 quod
1341 2789 1378 2826 id
1400 2789 1532 2825 factum

68 2859 184 2889 estne
206 2860 426 2903 exspectato
443 2852 594 2903 quidem
616 2854 738 2892 reditu
753 2857 800 2902 Q.
821 2853 922 2892 Fabii
943 2855 1116 2900 Pictoris,
1137 2855 1202 2906 qui
1224 2854 1391 2903 Delphus⁴
1408 2853 1532 2889 missus

45 1996 63 2023 Ι
