1752 3495
170 192 259 236 152
319 198 321 200 '
545 189 623 232 At)
651 188 998 232 SlBYLLlNOS
1032 186 1238 231 LIBROS

166 287 274 337 Lydi,
293 286 341 323 de
363 284 567 334 mensibus,
584 283 650 323 lib.
666 284 728 331 lV,
750 286 771 335 §
792 285 837 328 34
856 297 867 331 ς
888 285 1059 332 Zouarae,
1079 283 1211 321 Annal.
1235 282 1349 331 vlt,§
1373 294 1412 318 ιι
1430 277 1616 335 ;’Ί“κεῑιει-,

164 351 211 389 ad
230 350 418 401 Lycophr.
433 363 467 387 v.
493 349 589 396 1278
602 363 612 395 ;
627 349 768 394 Suidae.
788 362 825 388 v.
845 347 1012 387 Σίδυλλαι
1031 356 1067 385 et
1089 344 1367 396 Χρηματίζεσθαι
1386 353 1424 382 et
1437 344 1618 400 Ἧροφίλα,

164 414 375 453 testimonia
395 426 472 451 non
498 421 586 451 sunt
600 413 860 452 controversia
876 413 1002 463 digua,
1024 410 1096 449 nisi
1116 417 1297 460 quantum
1318 409 1417 447 iuter
1443 423 1483 447 se
1509 422 1572 451 aut
1598 429 1620 451 u

164 479 331 515 Varrone
355 476 552 515 disserunt.
575 477 766 515 Disserunt
793 484 917 514 autem
949 477 984 511 in
1013 473 1224 520 nonnullis,
1256 485 1418 522 quorum
1448 475 1619 523 quzedam

160 549 250 578 sunt
269 540 443 589 lev'ioris,
461 540 635 592 quaedam
656 540 838 591 gravioris
861 538 1054 577 momenti.

211 605 392 651 Levioris,
412 614 454 642 ut
472 618 590 656 quum
619 604 667 642 de
698 617 854 641 numero
877 603 1058 641 librorum
1077 600 1308 651 discrepant,
1329 613 1425 651 quos
1445 601 1617 653 plerique

160 678 234 707 tres
255 669 303 707 de
330 683 466 708 novem
497 678 666 708 servatos
696 669 874 716 tradunt,
901 666 1009 718 pauci
1042 679 1157 703 uuum
1181 662 1236 703 'de
1265 665 1412 716 tribus,
1435 667 1498 704 alii
1522 668 1618 706 inter

162 741 362 785 utramque
382 733 605 772 seutentiam
634 736 826 770 fluctuant.
854 730 950 778 Quid
977 743 1088 777 vero,
1116 730 1144 767 si
1173 730 1330 780 singulis
1362 731 1616 770 voluminibus

160 798 295 836 inclusi
313 806 422 835 erant
443 798 538 835 terni
558 797 670 834 libri?
692 796 762 835 Sed
787 795 822 832 id
846 793 1061 844 diligentius
1089 797 1158 831 erit
1185 794 1446 840 tractandum,
1478 795 1546 833 ubi
1573 798 1619 836 tle

161 862 285 900 forma
301 871 339 899 et
358 861 489 900 habitu
507 870 638 912 agetur
655 860 833 897 librorum
854 857 1123 908 Sibyllinorum
1137 886 1148 903 ,
1171 858 1291 906 infra,
1311 872 1394 909 cap.
1410 860 1444 897 3.

212 927 350 964 Levior
377 928 487 964 etiam
511 926 761 974 controversia
789 925 834 960 de
861 923 995 973 pretio.
1017 922 1115 967 Quid
1143 923 1242 960 enim
1269 924 1386 961 refert
1411 924 1441 961 si
1470 924 1613 974 Lydus⁸

160 991 231 1027 loc.
257 991 319 1029 cit.
343 991 525 1042 τριάκοντα
542 993 707 1042 χρυσοῦς,
727 1002 801 1025 uon
818 987 1031 1040 τριακοσίους
1050 987 1213 1037 scripsit,
1242 988 1512 1038 properantius
1537 989 1615 1027 for-

161 1062 256 1091 tasse
277 1054 391 1092 latina
420 1063 569 1092 vertens
596 1054 707 1090 homo
731 1052 895 1102 graecus?
917 1050 1036 1087 Simili
1065 1051 1307 1088 festinatione
1328 1053 1549 1102 Anonymus
1578 1055 1618 1092 iu

157 1119 375 1167 praesatioue
397 1119 441 1156 ad
459 1118 636 1168 Sibyllina
657 1125 783 1153 nostra
802 1115 949 1165 scripsit
967 1130 974 1151 :
993 1113 1131 1152 Ἰἰδωκε
1160 1114 1222 1164 μὲν
1252 1115 1339 1167 ὑπὲρ
1366 1116 1480 1154 αὐτῶν
1495 1117 1613 1156 ἑκατὸν

157 1182 399 1234 φιλιππαίους,
420 1181 482 1219 ubi
504 1181 727 1232 oportuisset
745 1178 956 1232 τριακοσίους
975 1193 1012 1231 φ.
1035 1178 1095 1216 vel
1121 1177 1207 1232 ὑπὲρ
1228 1178 1371 1218 ἑκάστου
1393 1181 1506 1218 αὐτῶν
1532 1182 1614 1219 ἑκα-

156 1245 216 1282 τὸν’
234 1260 271 1297 φ.
304 1245 413 1292 Quod
440 1258 530 1282 vero
548 1257 619 1295 pro
636 1248 756 1280 aureis
780 1243 928 1294 scripsit
956 1242 1177 1281 Lactantius
1201 1245 1394 1294 ceterique
1417 1253 1503 1295 post
1530 1259 1614 1284 eum

153 1311 381 1360 philippeos,
403 1310 478 1347 noli
499 1310 607 1346 nimis
625 1309 808 1359 indignari
828 1323 835 1345 :
857 1321 941 1346 nam
963 1316 1000 1345 et
1019 1308 1123 1359 apud
1141 1309 1330 1355 Servium,
1349 1309 1613 1348 doctissimum

159 1376 461 1424 grammaticum,
482 1387 607 1411 vocem
631 1374 735 1410 istam
759 1372 805 1410 ‹le
828 1372 958 1409 eadem
987 1387 1028 1409 re
1050 1382 1268 1424 usurpatam
1296 1375 1488 1425 reperias,
1518 1376 1617 1414 unde

159 1439 359 1476 verisimile
376 1448 430 1476 est
447 1439 566 1489 ipsum
587 1439 791 1476 Varronem
812 1437 860 1475 ab
888 1451 931 1475 ea
954 1451 1030 1475 non
1054 1437 1296 1487 abstinuisse,
1317 1438 1502 1489 siquidem
1521 1439 1614 1477 Var-

158 1504 313 1540 roniana
330 1504 492 1550 Servius,
510 1516 584 1539 uon
602 1502 839 1540 Lactantiana
858 1503 1000 1540 referre
1013 1503 1225 1540 censendus
1241 1511 1312 1547 est,
1334 1503 1399 1553 qui
1419 1516 1439 1540 a
1457 1504 1615 1541 citandis

157 1567 370 1605 christianis
399 1567 613 1605 auctoribus
653 1580 805 1617 prorsus
834 1566 1029 1605 abhorret.
1060 1569 1108 1605 At
1146 1568 1246 1605 enim
1276 1568 1521 1619 philippeos,
1553 1570 1613 1606 Dii

155 1631 266 1669 boni!
287 1632 455 1669 ducent-is
482 1632 589 1669 aunis
613 1640 697 1670 ante
718 1631 937 1683 Philippum
965 1632 1238 1675 Macedonem!
1263 1633 1482 1672 Absurdum
1503 1647 1613 1683 sane,

155 1696 227 1733 nisi
253 1709 331 1733 mos
359 1696 418 1734 ille
444 1696 570 1734 Romae
591 1697 828 1744 invaluisset,
848 1697 948 1748 apud
972 1697 1146 1735 Plautum
1176 1697 1384 1748 praesertim
1414 1699 1611 1749 frequens,

154 1759 253 1809 apud
290 1760 481 1797 lloratium
510 1774 658 1811 quoque
682 1760 842 1808 obvius,
871 1769 912 1798 ut
939 1761 1044 1799 aurei
1070 1762 1196 1812 quivis
1225 1762 1330 1799 numi
1350 1762 1517 1813 philippi
1550 1772 1612 1801 aut

153 1823 332 1875 philippei
359 1825 666 1863 nominarentur:
689 1839 800 1876 quem
828 1839 991 1871 morem,
1021 1826 1069 1864 ab
1089 1825 1265 1864 omnibus
1285 1835 1374 1864 tune
1395 1835 1613 1877 receptum,

155 1888 312 1925 Varroni
335 1888 504 1926 acerbius
531 1888 783 1940 exprobrare,
811 1903 900 1928 sane
927 1891 1101 1941 iniquum
1122 1900 1230 1928 esset.
1253 1890 1469 1929 Ridiculum
1492 1900 1613 1929 tamen

154 1952 254 2001 quod
281 1952 386 1990 addit
415 1954 591 1992 Servius:
627 1972 642 1988 «ι
659 1955 722 2005 qui
749 1955 854 1992 aurei
887 1963 965 1993 tum
995 1955 1152 2006 pretiosi
1178 1964 1341 2003 erant»,
1373 1956 1445 1993 nisi
1473 1955 1545 1994 hoc
1574 1965 1613 1993 ut

157 2016 271 2053 multa
294 2029 315 2053 a
334 2017 455 2054 sciolis
475 2018 739 2069 interpolatum
763 2027 841 2067 est,
863 2029 925 2057 aut
947 2020 1017 2057 nisi
1043 2020 1178 2058 doctus
1209 2020 1266 2057 vir
1294 2020 1411 2058 voluit
1437 2033 1511 2057 non
1543 2030 1611 2058 tam

157 2079 370 2130 philippeos
383 2094 512 2119 numos
526 2084 676 2120 metallo
695 2092 732 2120 et
751 2084 878 2134 pretio
890 2098 958 2121 suo
974 2084 1148 2135 delinire,
1164 2098 1277 2135 quam
1300 2098 1381 2123 eam
1403 2085 1615 2136 pecuniam,

158 2151 200 2180 ut
219 2158 288 2194 pro
305 2145 368 2182 illo
392 2153 556 2197 tempore
579 2147 776 2198 grandem,
806 2149 883 2187 istis
910 2149 1036 2187 obiter
1063 2140 1195 2187 notare
1215 2149 1353 2190 verbis.

207 2209 422 2247 Transimus
439 2211 483 2247 ad
502 2213 685 2262 graviora.
706 2214 762 2250 De
776 2213 990 2264 Tarquinio
1007 2213 1234 2252 dubitarunt
1253 2215 1423 2266 quidam,
1446 2223 1532 2252 uter
1554 2215 1612 2252 in·

159 2273 377 2323 telligendus
407 2286 511 2315 esset.
537 2279 628 2317 Nam
661 2280 829 2330 quamvis
851 2280 1069 2331 Superbum
1108 2281 1281 2333 plerique
1309 2281 1614 2332 designaverint,

156 2346 192 2374 et
213 2337 291 2375 haec
310 2338 420 2377 hodie
445 2342 553 2392 vulgo
576 2353 723 2394 recepta
743 2345 789 2381 sit
809 2346 966 2397 opinio,
988 2359 1099 2396 quam
1121 2346 1299 2384 Varronis
1322 2347 1434 2384 etiam
1455 2347 1568 2383 fuisse
1592 2360 1614 2382 e

160 2403 328 2453 Dionysii
349 2405 430 2442 loco
448 2416 560 2456 supra
577 2409 690 2446 citato
710 2410 831 2461 colligi
856 2420 1001 2462 potest,
1032 2412 1249 2449 Lactantius
1270 2420 1394 2449 tamen
1417 2425 1462 2450 ex
1477 2411 1610 2449 eodem

158 2467 327 2506 Varrone
347 2470 460 2508 Prisci
478 2474 699 2511 mentionem
719 2476 842 2515 affert.
863 2478 909 2515 Et
928 2476 1087 2527 Plinius,
1105 2490 1222 2528 quum
1243 2477 1336 2514 alias
1354 2475 1531 2528 Superbo
1553 2475 1609 2513 sa-

157 2540 254 2578 veat,
271 2533 334 2569 lib.
354 2534 455 2582 Xlll,
478 2536 548 2575 loe.
567 2538 628 2574 cit.
645 2539 694 2576 ita
715 2536 882 2577 scribens
904 2555 912 2577 :
940 2559 953 2573 «
978 2541 1080 2578 luter
1102 2554 1233 2579 omues
1258 2550 1406 2579 constat
1427 2541 1607 2590 Sibyllam

157 2614 171 2629 a
195 2597 242 2634 ad
262 2597 508 2649 Tarquinium
532 2602 764 2651 Superbum,
784 2613 854 2643 etc.
871 2623 886 2639 ι»
901 2635 911 2653 ,
940 2606 1031 2644 alibi
1055 2616 1198 2654 tamen,
1220 2606 1290 2646 lib.
1313 2607 1487 2652 XXXIV,
1510 2609 1528 2651 S
1553 2619 1608 2648 11·

158 2669 232 2698 tres
250 2661 400 2712 Sibyllae
425 2672 564 2703 statuas
581 2666 618 2702 in
638 2667 719 2704 soro
741 2669 907 2707 Romano
927 2671 1069 2721 positas
1089 2685 1108 2708 a
1131 2672 1343 2722 Tarquinio
1360 2671 1503 2718 Prisco,
1529 2679 1609 2707 tan—

157 2738 269 2775 quam
292 2739 339 2764 ex
355 2727 457 2778 vulgi
473 2729 664 2780 opinione,
684 2731 808 2771 refert.
829 2734 994 2780 Solinus,
1015 2735 1179 2773 Plinium
1201 2735 1309 2784 sequi
1330 2735 1484 2781 solitus,
1509 2733 1605 2771 haud

156 2788 317 2827 obscure
343 2792 511 2829 Priscum
538 2792 731 2845 designat,
751 2809 831 2846 cap.
852 2811 892 2844 2,
909 2811 1025 2847 quum
1056 2798 1102 2836 ele
1132 2797 1276 2848 Sibylla
1300 2798 1470 2849 loquitur
1491 2816 1507 2831 α
1527 2811 1606 2848 qure

155 2871 168 2885 ·‹
191 2852 303 2891 rebus
323 2854 500 2893 Romanis
521 2858 824 2910 quinquagesima
843 2862 1055 2914 olympiade
1086 2863 1255 2901 interfuit
1274 2881 1311 2915 n,
1333 2863 1369 2900 id
1391 2872 1459 2909 est,
1481 2871 1606 2901 extre-

1744 1955 1752 2031 2---n
1744 1845 1752 1947 .‚.-„‚‚,-„
1746 1753 1752 1832 »-.,.,.
1747 1473 1752 1738 .‚-.„„„‚„,——-—m
1750 1432 1752 1449 h
1751 1380 1752 1391 ⁴

1741 2080 1748 2343 ...n--v--w—-Aw
1744 2038 1752 2062 „r

1733 3004 1745 3073 :xv-5<
1734 2977 1737 2981 ’
1735 2921 1738 2924 -

1729 3477 1733 3483 ”
1729 3449 1732 3456 “
1729 3260 1746 3440 *ξ’*ρὓ-*ὮὛ
1730 3078 1747 3252 -ω-*ρνκτπεπ-”
