1752 3495
668 225 980 271 EXCURSUS
1015 227 1087 271 lv.
1428 248 1435 258 ⁴
1511 228 1603 273 277

153 323 370 368 testimoniis
399 315 474 360 huc
500 321 639 360 afferre
675 322 723 360 de
757 321 955 360 divinitate
987 321 1144 364 Christi.
1177 325 1269 363 Nam
1308 338 1353 364 ex
1391 326 1436 364 iis
1467 326 1608 365 rescire

154 397 328 446 possunt,
356 386 421 438 qui
459 384 641 423 adversus
672 386 865 425 Christum
902 385 1122 424 calumniari
1157 387 1316 437 audent,
1345 390 1467 428 Deu'm
1500 391 1607 429 illum

134 466 188 495 -ρῑ
229 453 294 492 Dei
337 451 453 489 lilium
493 462 595 498 esse,
628 449 659 487 si
682 449 797 488 modo
827 450 905 488 suis
937 449 1007 501 ipsi
1037 450 1194 489 credere
1228 451 1376 491 volunt.
1411 454 1608 506 Erythraea

155 519 262 571 igitur
281 514 425 565 Sibylla
438 542 448 561 ,
480 526 565 563 quae
582 522 684 551 sexta
705 527 744 551 se
764 522 850 565 post
867 513 1050 551 diluvium
1068 522 1175 551 aetate
1198 514 1335 552 vixisse
1355 515 1407 553 ait
1425 516 1513 566 [hoe
1534 518 1610 555 sor-

156 581 252 622 tassis
283 593 303 617 e
327 578 426 616 libro
447 577 480 624 1,
509 590 544 617 v.
571 577 643 625 287
659 606 670 628 ‚
690 577 754 615 sed
775 579 871 616 male
896 577 1103 629 intellecto]
1120 608 1129 624 ‚
1151 591 1239 617 casu
1263 579 1457 630 quondam
1481 580 1608 630 aliquo

155 664 197 689 ex
216 649 438 699 importunae
457 644 739 694 superstitionis
772 644 1029 696 penetralibus
1046 655 1194 696 egressa
1224 645 1320 697 [hoc
1346 654 1383 684 et
1406 648 1608 694 nonnulla,

156 726 230 765 quae
243 711 300 748 hic
317 707 525 747 omittenda
544 708 772 756 censuimus,
787 723 807 746 e
826 709 996 760 profanis
1014 710 1140 760 potius
1161 722 1272 758 qnam
1291 703 1471 748 e'nostris
1488 710 1613 760 Sibyl-

157 777 234 816 linis
251 774 364 826 petita
383 772 506 824 sunt]‚
527 772 656 810 divino
674 773 806 811 asssatu
821 787 910 811 vere
930 773 1072 824 percita
1086 802 1096 820 ‚
1112 772 1159 811 de
1176 774 1256 812 Deo
1271 787 1313 812 ac
1329 773 1465 812 divinis
1485 773 1612 821 rebus,

157 854 233 893 quae
251 839 373 876 sutura
393 845 539 884 essent,
561 836 733 874 versibus
762 837 963 888 praelocuta
1004 846 1080 884 est;
1107 851 1176 875 nec
1204 837 1365 875 obscure
1400 838 1610 888 primarum

158 907 336 942 literarum
367 900 482 946 serie,
509 914 596 951 quae
625 902 850 939 acrostichis
876 909 1058 947 vocatur,
1094 909 1210 939 totam
1243 901 1291 938 de
1324 901 1491 939 adventu
1523 905 1610 940 Jesu

159 967 284 1007 Christi
319 965 528 1003 declaravit
557 965 769 1003 historiam.
812 967 936 1004 Porro
968 965 1191 1003 acrostichis
1223 965 1303 1003 haec
1334 974 1391 1004 est
1424 977 1435 1005 ε
1472 966 1613 1006 IESUS

159 1031 386 1070 CllRlS'l‘US
401 1059 410 1075 ‚
429 1037 505 1066 etc.
521 1046 534 1062 ι
550 1030 678 1080 Ipsum
694 1030 832 1068 deinde
846 1043 999 1068 carmen
1019 1030 1171 1076 recitat,
1188 1030 1224 1067 id
1240 1038 1295 1068 est
1311 1043 1439 1068 versus
1458 1030 1612 1069 XXXIV

159 1097 217 1150 qui
243 1096 279 1133 in
303 1093 443 1132 nostris
473 1093 669 1144 Sibyllinis
699 1107 768 1131 suo
799 1094 884 1131 loco
903 1102 1074 1140 exstant,
1095 1093 1160 1132 lib.
1181 1094 1268 1132 Vlll
1285 1124 1296 1144 ,
1322 1107 1356 1132 v.
1387 1108 1479 1142 217,
1505 1107 1612 1145 sqq„

160 1171 261 1213 atque
276 1159 326 1197 sic
348 1158 491 1209 pergit:
507 1157 577 1197 Καὶ
595 1161 702 1195 ταῦτα
720 1161 763 1211 τῇ
776 1157 935 1211 παρθένῳ
950 1158 1082 1205 δηλαδὴ
1100 1158 1211 1196 ΟεὸΟεν
1233 1158 1360 1206 ἐπέστη
1375 1157 1587 1211 προκηρύξαι
1603 1186 1614 1204 ,

160 1224 319 1277 μακαρίαν
337 1223 366 1258 δ’
386 1221 493 1268 αὐτὴν
513 1220 621 1273 ἔγωγε
635 1222 741 1274 κρίνω
754 1250 764 1269 ,
784 1221 822 1268 ἢν
843 1224 860 1260 ὁ
877 1221 1004 1275 Σωτὴρ
1026 1221 1201 1267 ἐξελέξατο
1219 1224 1388 1275 προφῆτιν
1406 1224 1470 1268 τ’ἧς
1488 1223 1612 1262 ἑαυτοῦ

161 1291 229 1344 περὶ
246 1293 335 1339 ἡμᾶς
354 1287 576 1340 προφητείας.
596 1306 609 1321 «
628 1289 738 1335 llaec,
762 1287 907 1338 inquit,
929 1287 1182 1338 praenuntiare
1199 1286 1381 1325 divinitus
1401 1287 1454 1325 illi
1476 1288 1614 1339 virgini

160 1354 319 1404 contigit,
338 1353 451 1400 felici,
465 1361 507 1390 ut
526 1352 617 1389 mihi
635 1351 788 1403 quidem
805 1351 970 1396 videtur,
989 1364 1072 1402 quae
1092 1364 1112 1388 a
1131 1351 1330 1388 Servatore
1350 1359 1478 1389 nostro
1500 1352 1614 1390 inter-

162 1432 236 1470 pres
255 1418 367 1455 clerta
387 1417 435 1454 sit
455 1416 536 1467 ejus
556 1430 644 1467 erga
661 1429 731 1454 nos
752 1416 1057 1467 prophetiarum.
1077 1430 1092 1452 n
1116 1415 1230 1453 Vides
1249 1416 1485 1454 Constantini
1507 1429 1615 1454 eam-

162 1484 233 1520 dem
250 1494 401 1533 prorsus
421 1490 597 1528 mentem,
612 1494 695 1532 quae
714 1481 802 1518 olim
823 1480 961 1518 Justini
982 1494 1024 1517 ac
1043 1480 1262 1531 Theophili,
1283 1489 1411 1530 postea
1425 1480 1611 1519 Lactantii
1635 1501 1639 1506 ·

163 1549 280 1585 suerat.
300 1545 371 1583 Sed
393 1545 497 1596 quod
519 1545 590 1583 sibi
610 1558 733 1595 nuper
753 1545 990 1583 Christianus
1007 1544 1152 1591 rhetor,
1175 1543 1273 1581 idem
1299 1543 1368 1582 sibi
1399 1558 1501 1582 nunc
1515 1558 1614 1596 put·-

163 1618 302 1662 puratus
324 1608 452 1660 objicit
471 1617 614 1655 orator,
638 1623 681 1647 ac
706 1622 813 1660 paene
833 1608 969 1646 iisdem
990 1606 1119 1645 verbis
1136 1622 1143 1644 :
1162 1606 1253 1646 Ἀλλ’
1278 1609 1308 1645 οἳ
1327 1607 1450 1647 πολλοὶ
1463 1610 1531 1645 τῶν
1554 1610 1613 1645 ἀν-

162 1676 289 1729 θρώπων
307 1675 513 1722 ἀπιστοῦσι,
532 1673 591 1711 καὶ
610 1674 705 1711 ταῦθ’
724 1674 970 1723 ὁμολογοῦντες
982 1670 1192 1724 Ἐρυθραίαν
1205 1674 1410 1723 γεγενῆσθαι
1433 1672 1611 1711 Σίίυλλαν

164 1740 281 1789 μάντιν.
301 1737 555 1778 Ὑποπτεύουσι
576 1736 613 1776 δέ
635 1753 710 1775 τινα
736 1739 801 1775 τῶν
825 1740 884 1784 τῆς
906 1735 1078 1788 ἡμετέρας
1098 1735 1300 1788 (θρησκείας,
1319 1739 1503 1785 ποιητικῆς
1521 1735 1618 1786 μού--

162 1819 216 1849 σης
233 1805 289 1841 οὐκ
312 1802 476 1854 ἄμοιρον,
504 1801 547 1839 τὰ
575 1801 642 1845 ἔπη
666 1803 777 1838 ταῦτα
806 1798 1045 1846 πεποιηκέναι,
1064 1798 1259 1837 νοῡεύεσῠαί
1282 1815 1319 1837 τε
1349 1799 1437 1837 αὐτὰ
1464 1800 1523 1838 καὶ
1544 1802 1610 1840 Σι-

163 1867 272 1915 emm
288 1867 505 1917 θεσπίσματα
533 1860 621 1904 εἶναι
639 1865 813 1916 λέγεσθαι.
834 1866 927 1911 Quae
947 1864 1060 1902 latine
1082 1866 1132 1901 ita
1165 1864 1244 1902 sere
1263 1873 1442 1902 sonarent
1469 1880 1477 1903 :
1503 1884 1518 1899 «
1539 1855 1611 1902 Vess

163 1945 233 1969 rum
254 1932 420 1982 plerique
449 1930 618 1968 homines
630 1922 825 1967 'increduli
854 1938 1030 1976 manent,
1051 1942 1268 1979 quanquam
1298 1942 1376 1967 non
1401 1929 1614 1967 diffitentur

165 1996 377 2046 Erythraeam
407 1996 546 2034 vixisse
578 2003 702 2033 vatem
731 1994 938 2044 Sibyllam3
966 1993 1032 2031 sed
1064 1993 1305 2043 suspicantur
1339 1994 1469 2031 nescio
1496 2007 1608 2044 quem

164 2069 283 2098 nostrae
300 2060 488 2111 religionis
507 2059 699 2097 hominem
714 2089 724 2107 ,
744 2059 880 2110 poetici
904 2058 1046 2108 ingenii
1070 2057 1169 2095 haud
1199 2065 1394 2108 expertem
1409 2086 1419 2105 ,
1440 2059 1609 2096 carmina

162 2124 213 2162 illa
225 2125 471 2175 composuisse
484 2137 570 2175 quae
585 2136 656 2175 pro
667 2122 821 2174 Sibyllae
831 2122 998 2160 oraculis
1008 2121 1124 2171 vulgo
1138 2121 1345 2172 jactentur.
1361 2139 1376 2155 n
1388 2123 1612 2173 Respondet

163 2196 268 2225 autem
292 2189 421 2226 eodem
450 2189 550 2233 sere,
580 2201 658 2238 quo
682 2187 922 2234 Lactantius,
945 2186 1085 2224 modo:
1111 2185 1173 2224 Ἰῖν
1201 2191 1367 2237 προφανεῖ
1388 2186 1417 2223 δ’
1442 2187 1584 2233 ἀλήθεια
1600 2216 1610 2235 ,

162 2254 213 2297 τῆς
230 2254 290 2290 τῶν
309 2252 483 2306 ἡμετέρων
499 2253 631 2305 ἀνδρῶν
653 2251 850 2302 ἐπιμελείας
868 2249 1078 2296 συλλεξάσης
1097 2247 1172 2293 τοὺς
1191 2249 1333 2302 χρόνους
1352 2248 1608 2304 ἀκριῧέστερον,

162 2318 200 2358 ὡς
215 2316 290 2370 πρὸς
308 2316 345 2355 τὸ
364 2316 495 2368 μηδένα
514 2315 688 2364 τοπάζειν,
711 2314 797 2367 μετὰ
817 2315 879 2362 τὴν
898 2319 958 2354 τοῦ
979 2315 1128 2367 Χριστοῦ
1144 2314 1286 2351 κάθοδον
1301 2313 1360 2352 καὶ
1380 2314 1492 2367 κρίσιν
1508 2330 1608 2366 γεγε-

163 2381 269 2424 νῆσθαι
285 2380 322 2418 τὸ
345 2381 501 2432 ποίημα,
536 2380 595 2419 καὶ
620 2381 666 2424 ὡς
693 2379 804 2418 πάλαι
828 2378 1088 2433 προλεχθέντων
1118 2378 1185 2417 ὑπὸ
1215 2377 1390 2425 Σιῧύλλης
1418 2380 1487 2417 τῶν
1514 2381 1605 2419 ἐπῶν

163 2435 282 2495 ψεῦδος.
297 2445 568 2498 διαφημίζεσθαι.
589 2444 833 2496 Ὡμολόγηται
854 2444 920 2498 γὰρ
952 2444 1131 2496 Κικέρωνα
1157 2442 1408 2495 ἐντετυχηκότα
1435 2446 1484 2497 τῷ
1503 2444 1610 2492 ποιή·

164 2526 234 2559 ματι
252 2519 455 2565 μετενεγκεῖν
473 2530 511 2553 τε
524 2514 606 2553 αὐτὸ
620 2516 668 2559 εἷς
682 2513 744 2561 τὴν
761 2507 949 2563 Ῥώμαίων
968 2513 1165 2561 διάλυιτον,
1184 2513 1242 2551 καὶ
1261 2513 1422 2559 συντάξαι
1442 2513 1524 2552 αὐτὸ
1536 2518 1608 2557 τοῖς

163 2575 267 2612 ἑαυτοῦ
291 2576 526 2629 συντάγμασι·
558 2582 677 2618 τοῦτον
705 2580 918 2630 ἀναιρεῖσθαι
941 2579 1175 2630 κρατήσαντος
1203 2576 1401 2617 Ἀντωνίου·
1427 2577 1606 2618 Ἀντωνίου

163 2637 187 2674 δ’
205 2635 242 2676 αὖ
258 2642 354 2680 πάλιν
374 2643 568 2694 Αὔγουστον
587 2646 873 2697 περιγεγενῆσθαι
887 2672 897 2691 ,
915 2643 949 2686 ὃς
966 2643 1000 2688 ἒξ
1014 2642 1070 2680 καὶ
1082 2642 1295 2689 πεντήκοντα
1315 2642 1374 2688 ἔτη
1394 2641 1604 2682 {Gesacum-

161 2705 266 2742 τοῦτον
283 2707 436 2760 Τιὸέριος
460 2707 631 2753 διεδέξατο
645 2738 656 2756 ,
681 2709 758 2747 καθ’
777 2708 813 2746 ὃν
834 2707 958 2761 χρόνον
978 2711 1000 2754 ἡ
1018 2711 1078 2746 τοῦ
1097 2709 1258 2760 Σωτῆρος
1278 2706 1446 2760 ἐξέλαμψε
1469 2722 1604 2760 παρου-
1640 2756 1646 2762 1

163 2765 229 2817 σία,
257 2770 312 2808 καὶ
337 2771 375 2809 τὸ
402 2775 461 2819 τῆς
478 2772 673 2824 ἁγιωτάτης
700 2772 882 2824 θρησκείας
910 2771 1124 2825 ἐπεκράτησε
1147 2770 1394 2825 μυστήριον,ἥ
1408 2786 1445 2809 τε
1467 2769 1526 2809 νέα
1544 2774 1603 2809 τοῦ

163 2829 259 2879 δήμου
277 2834 415 2889 διαδοχὴ
435 2838 579 2886 συνέστη
588 2869 606 2894 ·,
621 2838 699 2891 περὶ
721 2831 762 2884 ἧς
783 2832 881 2889 οἶμαι
900 2837 1011 2886 λέγειν
1031 2836 1087 2876 τὸν
1109 2836 1320 2889 ἐξοχώτατον
1342 2838 1407 2874 τῶν
1424 2836 1499 2874 κατ’
1513 2835 1604 2878 ’kar

162 2892 229 2933 λίαν
244 2901 402 2948 ποιητῶν,
