1686 3500
100 260 191 307 508
485 261 563 306 AD
592 262 935 307 slssYLmNos
969 261 1178 307 LlBROS

251 355 394 409 Ῥώμης
410 356 639 410 ἐπταλόφοιο,
660 355 768 410 μέγας
792 356 829 396 δέ
843 372 880 396 τε
897 358 1042 400 πλοῦτος
1060 356 1191 396 ὀλεῖται

180 467 184 471 ⁴
251 419 440 472 Δαιόμενος
455 419 539 474 πυρὶ
556 421 701 475 πολλῷ,
725 436 761 462 κ.
782 437 814 460 τ.
835 422 869 463 λ.

51 499 58 507 ·
95 485 227 524 Serius
242 485 371 536 igitur,
396 493 578 536 regnante
596 486 634 523 in
656 487 766 524 terris
785 494 910 524 sancta
938 483 1142 536 religione,
1163 484 1485 525 dumChristiani
1509 501 1564 526 re-

94 561 178 586 rum
196 557 393 600 compotes
409 548 617 588 virtutibus
632 550 853 588 exercendis
873 547 1127 600 indulgebunt
1140 578 1153 597 ,
1174 562 1207 588 v.
1225 553 1272 593 [η
1285 577 1296 596 ,
1311 563 1409 601 sqq,
1430 560 1564 590 ventu-

94 627 158 651 rus
176 614 396 665 praedicitur
414 614 483 652 iste
509 615 625 652 Belial
646 615 717 654 sub
737 615 853 653 aetatis
883 613 1107 652 felicissimae
1134 614 1249 652 finem
1274 627 1358 664 quae
1380 615 1562 665 promissa

94 678 220 715 suerat
236 690 258 715 a
277 677 485 728 Sibyllista,
504 691 540 718 v.
560 691 629 729 29,
652 693 736 731 sqq.
756 677 864 719 Unde
877 690 992 728 quum
1008 676 1186 729 deimpio
1207 677 1273 716 illo
1289 677 1438 716 canitur
1451 678 1564 728 infra,

98 741 163 779 lib.
180 741 247 789 111,
261 755 296 779 v.
314 743 378 789 68,
398 755 456 793 sq.
481 755 490 781 :

750 805 906 850 Πολλούς
922 821 959 844 τε
977 804 1148 853 πλανήσει

249 868 403 914 Πιστοῦς
420 871 452 910 τ’
470 870 649 914 ἐκλεκτούς
668 871 697 908 θ’
719 868 927 923 Ἓὸραίους,

92 932 330 972 Christianos
351 936 605 986 intelligimus,
625 935 829 987 plerosque
853 949 874 973 e
890 934 1085 986 judaismo
1112 934 1160 973 ad
1185 943 1316 973 nostra
1343 948 1449 974 sacra
1478 949 1565 973 con—

95 1010 241 1048 versos,
268 1012 364 1050 quos
392 999 461 1038 iste
491 1012 620 1037 rursus
640 998 785 1036 artibus
813 998 890 1036 suis
906 998 952 1037 ad
975 998 1105 1036 falsam
1129 1007 1168 1037 et
1188 998 1405 1051 improbam
1422 999 1566 1051 religio-

96 1076 182 1100 nem
201 1062 425 1104 traduxerit.
451 1066 508 1103 An
536 1063 582 1101 ad
602 1064 807 1115 gentilem?
834 1077 911 1100 non
942 1063 1133 1101 credimus
1150 1077 1159 1100 :
1177 1076 1262 1101 nam
1289 1063 1327 1102 id
1345 1063 1392 1102 de
1412 1065 1564 1104 Nerone

94 1126 250 1178 quidem
269 1127 477 1178 exspectari
496 1135 658 1179 poterat,
672 1140 789 1178 quum
802 1126 874 1165 sub
890 1126 1114 1165 Antichristi
1133 1140 1294 1178 persona
1317 1127 1439 1166 redux
1456 1141 1565 1166 cane-

93 1200 214 1238 retur,
235 1190 301 1230 lib.
318 1191 381 1239 lV,
401 1192 510 1239 vul,
530 1193 552 1242 5
575 1206 605 1239 1,
622 1192 667 1228 V.
687 1192 796 1230 Nunc
811 1205 904 1229 vero
923 1192 1061 1239 Belial,
1085 1191 1203 1229 homo
1223 1192 1500 1239 Samaritanus,
1520 1206 1566 1231 ex

92 1255 269 1295 Semitica
286 1264 412 1307 gente,
430 1256 559 1306 potius
588 1255 928 1307 videturjuda'icos
946 1257 1043 1295 ritus
1063 1264 1128 1294 aut
1143 1255 1306 1308 judaicis
1325 1257 1466 1295 similes
1489 1257 1570 1295 illa·

92 1328 211 1358 turus.
240 1319 282 1359 ld
302 1333 391 1358 sane
409 1319 612 1359 Cerinthus
630 1319 882 1359 haeresiarcha
909 1321 1067 1373 ejusque
1092 1322 1243 1360 usseclae
1269 1321 1318 1360 de
1343 1322 1478 1361 Messia
1497 1336 1568 1360 suo

92 1383 316 1436 sperabant,
337 1383 476 1424 Euseb.
502 1385 690 1435 nist.111‚
714 1399 797 1437 cap.
821 1386 886 1433 28,
916 1394 955 1423 et
981 1386 1174 1437 Epiphan.
1194 1387 1410 1424 naeres.28.
1431 1387 1480 1425 Et
1497 1386 1568 1424 suit

91 1447 186 1485 illud
208 1456 356 1499 teinpus
383 1461 501 1499 quum
526 1448 956 1500 Cliristianicoeperant,
982 1458 1098 1500 rupto
1117 1449 1222 1487 velut
1240 1450 1397 1499 foedere,
1422 1449 1570 1489 Judaeis

91 1511 348 1562 adversantes,
367 1512 541 1551 Messiam
562 1512 714 1551 illorum
730 1513 967 1551 confundere
986 1527 1070 1551 cum
1094 1513 1330 1552 Antichristo
1345 1527 1435 1561 suo,
1454 1527 1566 1565 quem

89 1575 176 1614 ideo
190 1576 334 1615 Judaeis
354 1576 623 1615 amicissimum
642 1577 751 1628 fingit
768 1577 1002 1629 Hippolytus
1022 1577 1069 1616 de
1085 1579 1266 1616 Consum.
1282 1578 1427 1617 mundi.
1445 1579 1567 1617 Porro

90 1640 216 1692 ipsum
234 1640 505 1691 Hierosolymis
516 1648 765 1692 regnaturum
782 1641 920 1693 conjici
937 1650 1064 1693 potest
1081 1653 1127 1679 ex
1144 1641 1394 1692 Apocalypsi,
1407 1655 1492 1693 cap.
1510 1656 1522 1679 ι
1536 1656 1572 1686 ι,

89 1717 126 1743 v.
147 1705 194 1756 83
216 1713 255 1744 et
273 1719 391 1757 quum
411 1719 430 1743 a
452 1704 542 1743 divo
572 1706 694 1744 Paulo
713 1705 853 1744 dicitur
874 1706 925 1743 ita
953 1718 992 1744 se
1018 1704 1197 1757 superbia
1216 1706 1410 1751 elaturus,
1426 1723 1441 1739 α
1457 1715 1499 1744 ut
1531 1706 1568 1744 in

89 1787 106 1802 a
124 1769 266 1821 templo
283 1770 353 1808 Dei
371 1769 519 1817 sedeat,
546 1769 749 1808 ostendens
764 1784 802 1809 se
821 1778 1000 1822 tanquam
1018 1770 1066 1808 sit
1082 1771 1193 1808 'Deus
1208 1788 1223 1803 ι
1237 1769 1304 1817 ,ad
1324 1770 1497 1809 Thessal.
1515 1770 1566 1819 ll,

90 1835 164 1877 loc.
179 1848 279 1887 saepe
299 1835 381 1882 cit„
397 1835 551 1874 videtur
571 1834 683 1873 nobis
703 1835 888 1887 templum
914 1835 1306 1886 Hierosolymitanum
1323 1836 1403 1874 sive
1422 1837 1566 1888 allego-

90 1900 169 1938 rice
186 1900 407 1952 religionem
421 1899 614 1952 judaIcani
646 1900 766 1938 ruinis
783 1900 860 1938 suis
886 1900 1143 1947 excitaturus,
1169 1899 1302 1951 ibique
1329 1913 1368 1937 se
1387 1908 1567 1951 tanquam

91 1967 213 2005 Deum
242 1975 308 2004 aut
334 1967 417 2005 Deo
439 1965 620 2017 aequalem
648 1965 876 2005 mortalibus
901 1965 1139 2004 adorandum
1169 1966 1442 2018 propositurus
1463 1980 1471 2003 :
1493 1965 1568 2003 mi-

88 2044 173 2069 rum
197 2044 310 2081 quam
341 2031 450 2069 facile
474 2031 612 2069 horum
642 2031 845 2082 pleraque,
879 2030 910 2068 si
926 2031 1012 2081 quis
1029 2030 1275 2081 propheticas
1290 2031 1429 2081 figuras
1455 2030 1567 2067 latius

86 2094 329 2146 interpretari
351 2095 463 2141 velit,
483 2095 520 2133 in
536 2095 794 2133 Mahumetem
809 2094 946 2134 cadere
960 2095 1127 2145 possint!

141 2159 250 2198 Nunc
267 2158 448 2209 quamdiu
479 2167 707 2210 regnaturus
726 2158 776 2197 sit
803 2159 873 2197 iste
896 2159 1012 2197 Belial
1037 2167 1104 2196 aut
1121 2172 1236 2210 quam
1265 2157 1471 2196 crudeliter
1493 2158 1568 2196 ad-

85 2234 219 2259 versus
239 2222 364 2273 justos
379 2222 601 2268 saeviturus,
621 2235 641 2260 e
661 2222 768 2260 libris
787 2222 822 2260 ll
843 2231 881 2260 et
903 2223 954 2260 111
974 2235 1051 2260 non
1069 2222 1270 2271 discimus,
1292 2222 1382 2273 quia
1406 2222 1568 2260 fortasse

87 2286 262 2337 quasdam
292 2286 596 2336 interciderunt,
627 2286 716 2324 dum
739 2286 991 2336 fragmentum
1014 2285 1062 2324 de
1092 2286 1327 2324 Antichristo
1348 2300 1368 2324 e
1397 2285 1570 2324 secundo

88 2349 187 2388 libro
210 2350 247 2388 in
271 2350 424 2388 tertium
452 2350 692 2390 transfertur.
720 2350 858 2390 Utilius
877 2351 948 2388 ista
973 2363 1120 2401 quaeras
1137 2363 1184 2388 ex
1207 2349 1458 2400 Apocalypsi,
1482 2362 1564 2400 cap.

93 2415 152 2461 13,
172 2426 210 2454 v.
234 2428 297 2460 u,
317 2428 422 2466 sqq.;
444 2429 530 2467 cap.
555 2429 612 2465 19,
630 2429 669 2456 v.
699 2428 758 2466 19,
777 2428 885 2467 sqq.;
905 2428 991 2466 cap.
1013 2427 1076 2461 ao,
1097 2428 1135 2453 v.
1164 2427 1196 2461 ι,
1216 2427 1302 2465 sqq.

140 2480 218 2518 Nec
238 2487 363 2518 tamen
383 2479 603 2518 dubitamus
626 2480 674 2518 de
703 2479 886 2531 temporis
914 2492 1090 2518 mensura
1121 2488 1283 2531 tyranno
1306 2479 1368 2516 isti
1389 2491 1564 2517 concessa

87 2542 319 2593 Sibyllistam
340 2552 512 2582 nostrum
526 2573 535 2591 ,
552 2545 583 2582 si
601 2545 912 2594 interrogaretur,
935 2557 1208 2595 responsurum
1231 2543 1367 2590 fuisse,
1390 2552 1465 2582 tres
1494 2556 1566 2581 an-

88 2621 158 2646 nos
178 2617 217 2646 et
236 2622 351 2646 unum
369 2609 580 2650 dimidium.
603 2611 691 2648 Haec
711 2609 812 2648 enim
835 2609 906 2647 fuit
926 2610 1079 2660 vulgata
1096 2621 1246 2660 semper
1266 2608 1366 2659 apud
1383 2608 1567 2647 Christia-

87 2685 157 2711 nos
180 2673 335 2724 opinio,
359 2686 492 2725 nempe
510 2687 556 2711 ex
576 2674 733 2725 Apocal.
757 2687 839 2725 cap.
864 2686 930 2723 ια,
951 2687 988 2712 ν.
1017 2677 1086 2723 14,
1110 2672 1176 2710 ιὼί
1196 2664 1348 2711 mulieri
1374 2672 1563 2724 prosugae,

87 2736 127 2775 id
148 2746 226 2785 est,
255 2738 433 2776 Ecclesiae
451 2737 665 2785 laboranti,
697 2746 847 2788 tempus
876 2737 999 2775 exsilii
1022 2746 1058 2775 et
1078 2737 1273 2789 patientiae
1294 2737 1475 2776 definitur
1491 2736 1562 2774 hoc

88 2801 204 2840 modo
221 2816 230 2840 :
247 2819 262 2835 α
281 2801 326 2840 Et
341 2801 437 2840 datae
455 2810 542 2839 sunt
560 2802 708 2840 mulieri
723 2802 791 2840 alae
809 2801 953 2849 duae,...
970 2810 1010 2839 ut
1023 2802 1170 2840 volaret
1184 2802 1222 2840 in
1238 2801 1431 2840 desertum
1446 2801 1484 2838 in
1501 2801 1559 2838 lo·

88 2884 103 2899 «
122 2879 208 2904 cum
230 2879 339 2904 suum
353 2896 366 2915 ‚
387 2865 587 2904 ubi'alitur
605 2879 674 2918 per
695 2875 842 2917 tenipus
859 2875 896 2905 et
915 2876 1085 2918 tempora
1102 2875 1140 2905 et
1157 2866 1357 2905 dimidium
1379 2864 1564 2916 temporis

89 2948 103 2963 α
122 2945 140 2968 a
166 2931 261 2969 facie
281 2931 470 2983 serpentis
488 2950 520 2980 ν,
547 2944 689 2982 graece,
711 2929 829 2985 καιρὸν
850 2931 916 2969 καὶ·
938 2931 1074 2984 καιροὺς
1094 2930 1151 2969 καὶ
1173 2929 1282 2983 ἥμισυ
1305 2932 1426 2983 καιροῦ
1447 2942 1456 2968 t
1476 2928 1560 2966 illos
