1752 3495
706 132 1013 179 EXCURSUS
1043 135 1126 182 JV.
1455 201 1462 212 ἱ
1527 135 1619 180 285

164 252 178 268 ι
193 232 301 273 etiam
316 229 363 266 de
385 226 530 278 Sibylla
545 227 686 287 dicitur
703 243 711 266 :
729 229 832 280 quod
853 243 928 267 non
954 229 1061 268 facile
1081 229 1272 268 crederem
1286 260 1296 279 ,
1314 230 1384 269 nisi
1399 231 1503 283 quod
1522 244 1621 283 poe-

164 316 177 332 .
193 305 310 335 tarum
328 291 482 342 quidam
499 291 537 328 in
556 291 726 331 Romana
753 293 880 344 lingua
895 292 1168 336 nobilissimus,
1191 301 1390 344 antequam
1415 294 1559 334 diceret
1577 307 1620 333 ea

164 380 177 395 ι.
192 360 238 398 de
255 354 501 395 innovatione
520 356 646 393 saeculi
660 357 797 407 quaein
817 356 970 394 Domini
991 357 1110 393 nostri
1126 356 1162 395 J.
1179 357 1226 395 C.
1247 370 1402 407 regnum
1421 361 1510 397 satis
1527 373 1619 398 con·

165 423 311 462 minere
327 426 364 457 et
382 418 588 457 convenire
609 419 803 470 videntur,
825 419 1033 470 praeposuit
1049 431 1200 457 versum
1219 419 1370 460 dicens:

365 482 504 521 Ultima
524 483 668 522 Cumaei
687 483 792 521 venit
807 482 886 532 jam
907 482 1084 520 carminis
1107 491 1209 522 aetas.

162 551 380 590 «Cumaeum
412 554 539 584 autem
565 560 715 584 carmen
746 546 975 597 Sibyllinum
994 560 1083 584 -esse
1116 560 1228 585 nemo
1257 550 1466 598 negaverit.
1491 549 1621 588 Sciens

163 624 272 663 «ergo
298 610 504 661 Apostolus
524 623 569 648 ea
593 610 630 648 in
658 609 764 648 libris
783 611 951 661 gentium
973 611 1135 648 inveniri
1158 612 1373 649 testimonia
1394 613 1620 664 veritatis,...

162 690 259 715 «non
293 675 413 712 solum
441 675 494 711 ait
521 688 593 724 per
621 676 821 724 prophetas
852 688 959 721 suos,
988 674 1055 712 sed
1083 674 1230 713 addidit
1251 675 1366 728 etiam
1396 681 1433 713 in
1465 678 1621 725 scriptu-

165 745 237 779 ·re's
256 739 391 776 sanctis
419 735 540 791 [Paul.
565 736 612 776 ad
634 738 749 777 Rom.
765 751 851 789 cap.
879 752 892 775 1
911 765 920 782 ,
941 751 977 775 v.
998 737 1052 789 2]‚
1083 738 1213 776 volens
1244 739 1377 790 utique
1403 740 1623 789 ostendere,

163 804 312 842 nliteras
357 802 525 853 gentium
569 802 843 852 superstitiosae
880 801 1105 840 idololatriae
1146 801 1379 853 plenissimas
1420 817 1498 841 non
1534 804 1622 843 ideo

163 887 176 901 ⁴«
189 875 329 906 sanctas
350 865 484 904 haberi
509 874 708 917 oportere,
728 867 818 916 quia
837 865 946 904 ineis
964 865 1121 916 aliquid,
1137 866 1241 917 quod
1261 865 1308 904 ad
1325 867 1517 906 Christum
1535 882 1623 920 per-

163 951 175 967 ιι
191 932 310 978 tineat,
329 930 531 970 invenitur.
553 947 568 965 u
590 931 675 969 naec
696 944 807 981 quam
827 931 974 982 srigide,
992 944 1105 981 quam
1128 931 1281 982 indigne
1296 940 1403 970 tanto
1422 933 1503 971 vIro
1519 933 1622 971 dicta

163 997 249 1043 siut,
268 994 358 1045 quid
386 1008 484 1046 opus
506 1003 563 1032 est
591 994 825 1032 admonere?
855 996 947 1033 Nam
980 994 1075 1032 illud
1099 994 1254 1045 quidem
1284 1014 1297 1026 ·
1319 1009 1387 1046 per
1410 997 1623 1047 prophetas

163 1078 175 1094 ι
195 1071 277 1097 suos
293 1058 329 1096 in
352 1057 553 1109 scripturis
573 1057 725 1105 sanctis,
752 1073 765 1092 ι
791 1071 876 1095 cuni
903 1057 1029 1108 aliquo
1057 1067 1230 1108 respectu
1251 1058 1297 1096 ad
1318 1058 1502 1110 Sibyllina
1522 1060 1620 1098 scri-

163 1132 258 1176 ptum
292 1123 404 1161 fuisse
430 1136 451 1160 a
475 1122 566 1160 divo
592 1123 736 1171 Paulo,
760 1122 844 1173 quis
863 1122 1019 1160 credat?
1036 1122 1143 1173 Sapit
1163 1123 1236 1160 hoc
1263 1124 1379 1174 (paee
1401 1123 1451 1162 sit
1478 1124 1620 1163 dictum

163 1188 271 1226 sancti
291 1187 378 1237 viri)
401 1187 588 1237 argutiam
611 1187 923 1224 commentatoris
941 1187 1062 1237 parati
1083 1187 1235 1237 quidvis
1252 1189 1380 1238 potius
1400 1202 1513 1240 quam
1529 1189 1620 1227 nihil
1668 1229 1679 1235 ,

163 1266 180 1290 e
203 1250 354 1301 singulis
370 1246 537 1287 auetoris
553 1250 609 1288 sui
630 1249 774 1286 voculis
798 1249 999 1300 expiscari.
1016 1249 1144 1300 ‘Atqui
1168 1263 1299 1287 sensus
1320 1259 1401 1288 erat
1419 1253 1532 1290 totius
1551 1253 1622 1291 loci

146 1305 423 1367 ’exponenduffi
453 1313 539 1353 non'
557 1313 604 1352 de
629 1303 784 1365 syllabis
804 1315 1071 1354 cavillandum.
1100 1316 1320 1354 planissima
1340 1326 1396 1354 est
1413 1317 1521 1356 Pauli
1538 1331 1623 1356 sen·

165 1381 282 1427 tentia,
319 1393 432 1431 quam
459 1379 692 1431 Augustinus
725 1388 874 1416 acutam
907 1378 1066 1417 reddere
1104 1380 1239 1418 voluit.
1260 1380 1506 1431 virgilianam
1533 1395 1622 1421 vero

163 1446 320 1495 eclogam
341 1453 470 1482 utrum
492 1452 611 1493 recte,
632 1457 717 1481 cum
740 1443 937 1481 Lactantio
962 1452 998 1481 et
1025 1444 1277 1482 Constantino
1291 1474 1304 1493 ,
1331 1444 1378 1482 ad
1399 1444 1621 1496 Sibyllinam

163 1511 337 1561 originem
367 1509 560 1556 retulerit,
594 1521 710 1559 snpra
726 1507 806 1559 jam
828 1508 1094 1556 investigatum
1111 1509 1334 1546 omittimus.

209 1574 353 1613 Pariter
371 1572 648 1622 Sibyllinorum
669 1572 918 1610 veneratione
940 1572 1321 1622 plenuminvenimus
1342 1573 1624 1622 eumdemsan·

165 1647 255 1676 ctum
274 1640 447 1686 Patrem,
467 1647 600 1676 contra
632 1637 808 1688 Quinque
829 1639 996 1675 Haereses
1010 1666 1019 1683 ,
1043 1641 1062 1683 ς
1080 1642 1100 1681 4
1121 1637 1220 1689 (aliis
1244 1638 1266 1687 ξ
1289 1638 1348 1689 3);
1381 1639 1467 1676 item
1489 1647 1623 1678 contra

164 1702 245 1742 Jud.
265 1704 356 1754 Pag.
375 1710 412 1741 et
429 1702 628 1747 Arrianus,
648 1701 822 1739 oratione
841 1701 921 1752 jam
942 1700 1076 1751 citata,
1101 1710 1138 1738 et
1156 1700 1259 1740 alibi.
1285 1701 1388 1740 Idem
1413 1710 1537 1741 tamen
1556 1702 1624 1741 ali·

164 1766 242 1804 cubi
273 1766 416 1804 fatetur
436 1765 482 1804 de
510 1763 664 1803 illornr'n
697 1765 941 1802 oraculorum
970 1766 1119 1816 origine
1143 1779 1219 1803 non
1250 1768 1350 1804 inter
1373 1779 1504 1804 omnes
1529 1777 1623 1805 con-

164 1831 300 1878 venire,
326 1839 366 1869 ut
406 1830 453 1868 de
483 1831 665 1869 Consens.
699 1832 845 1881 Evang.
882 1828 950 1867 lib.
981 1830 1020 1877 1,
1048 1830 1069 1879 5
1093 1831 1141 1868 28
1171 1830 1266 1881 (aliis
1293 1830 1353 1879 20)
1387 1844 1395 1867 ε
1421 1848 1436 1863 α
1458 1831 1620 1883 Omitto,

166 1895 327 1947 «inquit,
345 1895 473 1934 dicere
490 1894 594 1946 qnod
611 1907 653 1933 ea
674 1908 757 1945 quae
780 1894 818 1932 in
839 1894 991 1931 illorum
1014 1893 1122 1932 libris
1133 1894 1320 1945 'leguntur
1334 1923 1344 1942 ,
1369 1907 1439 1945 pro
1463 1903 1595 1934 nostra
1609 1924 1620 1943 ,

166 1978 177 1994 ιι
192 1960 260 1999 hoc
282 1969 357 2008 est,
380 1960 589 1999 christiana
608 1960 794 2010 religione
828 1959 980 2006 dicunt,
1004 1959 1108 2009 quod
1138 1950 1326 1996 a'sanetis
1353 1960 1498 2010 angelis
1517 1970 1554 1999 et
1573 1960 1622 1999 ab

167 2025 274 2076 -ipsis
297 2025 438 2064 nostris
454 2024 654 2076 prophetis
665 2025 840 2075 accipere
858 2032 1112 2074 potuerunt...
1133 2025 1220 2062 llaec
1235 2024 1384 2071 omitto,
1405 2038 1489 2075 quse
1503 2038 1623 2076 quum

167 2105 179 2121 ·
196 2089 432 2140 proferimus,
453 2103 473 2126 a
501 2089 640 2126 nostris
665 2089 750 2125 licta
771 2101 852 2126 esse
873 2087 1122 2125 contendunt.
1141 2105 1155 2121 υ
1186 2089 1284 2126 Nota
1314 2088 1388 2126 hoc
1424 2089 1621 2136 ultimum,

166 2161 197 2191 et
215 2153 332 2201 istud,
364 2153 411 2192 de
441 2153 524 2194 Civ.
552 2153 644 2200 Dei,
675 2152 741 2190 lib.
771 2153 893 2191 XVII!
909 2183 919 2200 ,
940 2166 976 2190 v.
997 2153 1046 2197 46
1067 2167 1076 2189 z
1094 2170 1110 2187 «ι
1127 2152 1203 2191 Nisi
1226 2152 1325 2190 forte
1353 2153 1437 2203 quis
1457 2153 1621 2208 dixerit,

165 2234 177 2250 «ι
191 2217 264 2255 illas
280 2218 500 2269 prophetias
515 2217 748 2256 Christianos
768 2217 920 2255 linxisse
940 2216 986 2255 de
1003 2217 1170 2264 Christo,
1192 2230 1276 2267 quae
1293 2216 1448 2268 Sibyllae
1467 2219 1623 2257 nomine

166 2297 178 2313 ι
194 2282 243 2319 vel
267 2282 425 2320 aliorum
453 2282 716 2333 proferantur.
736 2298 751 2315 υ
773 2281 886 2327 Quod
907 2281 1030 2332 ipsum
1052 2294 1072 2318 a
1092 2281 1290 2319 Lactantio
1311 2281 1489 2320 haustum
1509 2282 1622 2321 vide-

168 2354 246 2395 tur,
263 2347 431 2385 eamdem
451 2348 703 2398 objectionem
722 2354 963 2397 praecavente
984 2354 1043 2392 et,
1063 2355 1104 2383 ut
1134 2345 1254 2397 licuit,
1277 2346 1494 2393 refellente,
1531 2347 1623 2386 locis

167 2411 269 2448 modo
287 2412 432 2458 citatis,
454 2425 540 2463 pag.
567 2412 654 2459 275.
677 2413 839 2450 Prorsus
858 2423 950 2462 ergo
972 2410 1160 2448 Laetantii
1182 2411 1353 2461 vestigiis
1382 2411 1521 2449 insistit
1544 2413 1624 2450 Au-

166 2476 336 2527 gustinus,
355 2490 478 2528 eoque
501 2476 646 2514 firmior
666 2475 818 2514 videtur
836 2475 1035 2526 utriusque
1053 2476 1250 2526 persuasio
1270 2475 1496 2527 graviorque
1515 2475 1622 2527 fides,

165 2539 257 2588 qnod
282 2540 394 2578 ambo
421 2540 623 2579 dubitandi
654 2554 786 2579 causas
813 2539 935 2591 probe
955 2553 1073 2591 quum
1098 2549 1268 2588 nossent,
1290 2540 1398 2578 nihili
1420 2549 1543 2580 tamen
1566 2541 1621 2580 se-

166 2612 298 2642 cerunt.

210 2668 368 2708 'rantum
384 2671 619 2722 Augustinus
635 2671 783 2722 aliquid
802 2670 848 2710 de
872 2670 1145 2722 Sibyllinorum
1170 2671 1396 2710 auctoritate
1418 2671 1620 2712 detrahere

167 2734 267 2771 semel
287 2744 349 2773 aut
372 2735 431 2773 bis
453 2735 618 2774 videtur.
643 2736 693 2775 Ut
716 2749 833 2787 quum
854 2735 1036 2774 adversus
1057 2737 1235 2774 Faustum
1254 2735 1507 2775 Manichaeum
1524 2765 1536 2784 ,
1556 2737 1619 2775 ni-

168 2797 272 2835 mium
301 2799 378 2837 istis
401 2800 624 2839 testimoniis
653 2800 901 2850 tribuentem,
926 2809 1026 2838 recte
1047 2799 1246 2851 observat,
1266 2800 1333 2842 lib.
1352 2800 1459 2850 Xlll,
1479 2814 1562 2852 cap.
1586 2814 1619 2850 r,
