1752 3495
581 165 883 210 Excunsus
921 167 996 210 m.
1130 146 1134 150 ’
1421 165 1508 212 153

45 271 108 309 mis
135 265 250 306 Prisci
275 262 525 314 temporibus.
545 262 622 301 Nec
648 261 772 299 minus
801 269 933 312 aperte
952 262 1120 301 Joannes
1142 263 1291 315 Lydus,
1316 261 1432 315 supra
1454 264 1510 302 ci-

46 341 149 376 tatus,
171 327 344 367 Priscum
363 326 537 376 designat
555 337 565 364 :
588 324 672 364 Ἐπὶ
693 323 891 377 Ταρκυνίου
909 324 1065 378 Πρίσκου
1080 324 1140 363 ι’τοῦ
1161 327 1278 379 ῥηγός.
1294 327 1511 377 Cautiores,
1536 369 1538 371 ,

47 405 84 436 ut
101 391 267 438 Servius,
291 388 545 439 Tarquinium
563 388 756 433 dixerunt,
778 388 918 426 omisso
934 388 1174 438 cognomine.
1201 390 1362 436 Quidam
1380 392 1509 438 etiam,

50 459 107 499 sed
128 469 223 496 unus
244 454 307 493 illc
325 463 363 492 et
382 467 615 505 anonymus,
641 453 744 504 apud
772 454 927 492 Suidam
942 482 954 502 ‚
981 467 1017 492 v.
1045 453 1233 507 Ἥροφίλα,
1253 467 1298 492 an
1317 455 1388 493 sub
1406 457 1509 508 regi-

51 525 113 562 bus
128 520 164 558 id
185 520 324 557 suctum
343 517 487 564 fuisset,
506 516 720 567 dubitavit,
736 516 965 568 videturque
983 516 1029 555 ad
1055 517 1254 555 consulum
1271 518 1398 568 potius
1421 528 1512 557 tem-

51 600 137 640 pora
159 582 366 634 respexisse
383 596 392 619 :
415 580 499 621 Ἐπὶ
519 587 590 624 τοῖς
609 580 745 633 χρόνοις
759 583 829 619 τῶν
847 581 1001 628 ὑπάτων,
1027 581 1172 632 inquit,
1192 581 1291 620 ἄλλοι
1310 580 1346 622 δὲ
1363 582 1508 634 Ταρκυ-

50 652 128 691 νίου.
152 646 263 694 Quod
283 658 360 696 quo
379 645 548 695 ineptius
575 654 691 696 atque
711 644 915 682 absurdius
946 646 1073 694 lieret,
1105 644 1220 682 etiam
1247 646 1396 683 curavit
1421 646 1513 693 iste,

51 713 209 767 quisquis
230 711 325 755 suit,
355 710 499 748 nullam
520 710 567 748 de
585 710 739 761 Sibyllae
764 723 928 760 persona
956 711 1254 748 controversiam
1280 711 1510 761 relinquere,

51 776 284 829 Herophilum
313 788 480 824 vocans,
517 775 716 814 Theodori
746 775 884 826 filiam,
917 775 956 813 id
988 784 1045 813 est
1082 783 1214 826 aperte
1244 775 1511 826 Erythraeam,

50 856 150 896 quum
176 839 389 890 Tarquinio
414 849 580 890 utroque
607 840 720 890 longe
749 840 1006 891 antiquiorem
1026 840 1141 878 ruisse
1161 840 1454 879 monstravimus
1475 841 1512 879 in

53 910 138 948 Exc.
159 905 189 951 l,
205 917 288 955 cap.
309 917 344 942 a.

100 972 172 1009 lloc
193 968 346 1014 omisso,
361 967 538 1018 quoniam
561 981 659 1005 unus
679 967 796 1018 testis,
810 977 859 1009 ,ut
879 968 999 1013 aiunt,
1014 967 1139 1005 nullus
1158 975 1215 1006 est
1233 966 1343 1019 (quid
1357 968 1387 1006 si
1401 968 1513 1006 etiam

51 1040 186 1086 ineptus
207 1042 321 1083 atque
346 1032 488 1070 delirus
498 1032 550 1083 Ρ),
569 1033 865 1070 controversiam
887 1032 1088 1070 maximam
1109 1032 1281 1070 videmus
1309 1045 1390 1071 esse
1416 1033 1516 1070 inter

52 1099 230 1152 oppositas
246 1096 420 1147 Dionysii
443 1105 480 1133 et
500 1096 688 1134 Lactantii
705 1096 908 1134 relationes
924 1095 971 1134 de
986 1095 1170 1134 Varronis
1185 1096 1415 1144 testimonio,
1433 1105 1516 1135 uter

54 1167 94 1204 ab
119 1177 162 1202 eo
181 1162 415 1212 Tarquinius
435 1161 652 1213 designatus
681 1161 807 1199 suerit.
838 1160 1003 1212 Dignior
1027 1169 1150 1198 tamen
1182 1161 1256 1199 fide
1284 1161 1513 1212 Dionysius,

54 1243 118 1268 non
146 1227 266 1265 solum
293 1225 398 1285 q¹¹.⁰d
425 1226 641 1276 antiquior,
672 1226 736 1264 sed
765 1226 878 1264 etiam
909 1226 1012 1276 quod
1043 1226 1225 1263 Varronis
1258 1226 1514 1264 narrationem

54 1292 186 1346 plenius
207 1298 397 1342 exponat,
413 1289 596 1340 quodque
616 1303 663 1328 ex
688 1290 860 1341 professo
882 1297 998 1327 totam
1018 1289 1120 1327 illam
1140 1289 1365 1340 Sibyllinam
1395 1289 1515 1327 histo-

54 1360 132 1397 riam
167 1356 367 1407 Tarquinii
399 1355 566 1406 Superbi
595 1355 708 1393 rebus
738 1355 954 1393 inseruerit.
984 1355 1130 1394 Plinius
1164 1355 1305 1403 etiam,
1339 1354 1405 1393 ubi
1438 1368 1514 1392 rem

53 1422 205 1462 eamdem
236 1421 284 1459 de
308 1420 485 1471 Superbo
514 1430 665 1467 narrat,
686 1420 875 1462 constanti
896 1419 1067 1457 omnium
1092 1420 1277 1457 sententia
1297 1432 1337 1458 se
1360 1427 1516 1459 tuetur:

54 1507 65 1520 ιι
81 1488 169 1524 iuter
188 1498 318 1523 omnes
339 1493 489 1522 constat
507 1502 533 1532 υ,
550 1485 698 1536 inquit3
727 1484 775 1522 de
802 1485 933 1522 statuis
956 1492 1083 1521 autem
1106 1484 1338 1535 Sib'yllarum
1366 1483 1430 1522 ubi
1454 1484 1514 1521 lo—
1566 1487 1569 1490 ”

52 1551 179 1601 quitur,
201 1549 320 1586 levius
345 1549 383 1586 in
405 1562 481 1586 uno
496 1549 668 1599 epitheto
692 1562 854 1600 peccare
872 1548 996 1599 potuit
1017 1561 1026 1585 ε
1050 1562 1125 1599 qua
1145 1549 1257 1586 etiam
1273 1549 1518 1587 excusatione

54 1613 277 1653 Luctantium
299 1613 408 1651 facile
431 1626 500 1651 nos
513 1612 668 1663 quidem
689 1612 833 1650 absolvi
854 1613 1060 1664 patiemur.

93 1678 158 1716 Sed
173 1678 288 1728 magis
305 1677 578 1729 ignoscendum
599 1677 786 1715 ambobus
803 1686 916 1725 esset,
936 1677 967 1715 si
987 1678 1195 1715 Varronem
1213 1678 1355 1728 ipsum,
1377 1690 1515 1727 quam-

59 1743 106 1780 vis
138 1742 245 1780 alteri
273 1742 467 1779 sententiae
497 1742 742 1793 propiorem,
776 1750 900 1779 tamen
935 1742 1033 1780 inter
1064 1751 1261 1793 utramque
1292 1741 1515 1794 ambiguum

61 1807 283 1859 reperissent.
309 1807 422 1853 Quod
452 1807 490 1844 in
513 1807 596 1844 aliis
625 1820 778 1858 quoque
810 1806 926 1845 rebus
955 1807 1151 1844 nominum
1181 1807 1391 1845 similitudo
1414 1808 1514 1845 esse·-

60 1873 117 1919 cit‚
144 1880 184 1909 ut
212 1873 311 1910 inter
338 1880 546 1922 utrumque
571 1885 698 1922 regem
728 1872 773 1909 lis
803 1872 944 1909 incerta
977 1872 1173 1922 penderet.
1207 1872 1263 1910 lta
1288 1871 1335 1909 de
1356 1872 1515 1923 Capito-

60 1937 100 1974 lio
125 1937 276 1974 condito
302 1936 495 1987 hodieque
524 1935 725 1973 dubitatur
754 1937 935 1975 Priscone
961 1949 1008 1972 an
1035 1934 1210 1986 Superbo
1237 1935 1275 1973 id
1304 1936 1352 1973 sit
1379 1936 1518 1973 honori

62 2001 293 2048 vertendum,
326 2013 544 2051 quanquam
573 2000 747 2050 plerique
776 2000 977 2037 fundatum
1013 2013 1034 2037 a
1062 2001 1219 2046 Prisco,
1248 1999 1463 2037 absolutum
1497 2014 1517 2037 a

59 2064 218 2116 Superbo
240 2065 408 2103 tradunt.
426 2066 523 2104 Sunt
542 2065 655 2103 etiam
675 2065 741 2115 qui
758 2058 984 2116 putaverint
1003 2063 1169 2115 Superbi
1189 2077 1400 2114 cognomen
1422 2063 1521 2101 utri-

60 2143 121 2180 que
139 2144 337 2168 commune
360 2130 497 2178 fuisse,
525 2130 628 2181 quod
649 2130 687 2167 in
714 2130 895 2181 Digestis,
923 2129 990 2169 lib.
1013 2131 1050 2178 1,
1071 2130 1129 2167 tit.
1158 2143 1201 2178 2,
1221 2134 1239 2177 §
1261 2143 1304 2177 2,
1332 2128 1518 2180 scriptum

62 2195 188 2245 legatur
213 2209 234 2233 a
254 2195 785 2247 Pomponiojurisconsulm:
813 2212 828 2227 «
847 2196 942 2241 Quae
968 2208 1101 2232 omnes
1133 2194 1263 2246 [leges]
1292 2194 1519 2245 conscripta·

46 2275 71 2293 ,ι
94 2268 231 2298 exstant
253 2259 292 2298 in
314 2259 414 2297 libro
431 2259 537 2297 Sexti
558 2259 724 2310 Papirii,
743 2260 809 2310 qui
836 2259 907 2297 suit
927 2259 1000 2297 illis
1022 2259 1259 2310 temporibus
1285 2258 1424 2310 quibus
1443 2259 1519 2297 Sn-

60 2340 71 2354 «
97 2324 227 2373 pei-bus
259 2324 453 2363 Demarati
473 2324 663 2362 Corinthii
683 2324 796 2362 filius.
819 2341 834 2357 υ
862 2323 935 2362 Sed
965 2332 1081 2360 totum
1114 2323 1208 2360 illud
1238 2323 1517 2374 fragmentum,

61 2389 145 2426 unde
180 2389 260 2428 liaec
291 2389 406 2427 verba
438 2389 639 2440 desumpta
675 2398 784 2437 sunt,
817 2389 911 2427 salso
939 2389 1092 2427 videtur
1117 2390 1332 2440 Pomponio
1359 2387 1516 2433 ascribi,

60 2454 220 2502 quoniam
246 2455 284 2492 in
310 2468 356 2492 eo
376 2454 448 2491 alia
477 2454 651 2504 quasdam
675 2464 884 2491 occurrunt
908 2453 956 2492 ab
978 2454 1160 2492 historica
1183 2455 1339 2492 veritate
1364 2454 1512 2495 aliena.

62 2520 251 2566 praesertim
271 2519 317 2557 de
336 2519 477 2569 Papirii
497 2519 668 2569 scriptis,
692 2522 873 2568 tauquam
903 2519 1107 2568 Pomponii
1134 2527 1240 2556 aetate
1265 2517 1516 2556 exstantibus.

103 2583 153 2620 Sit
170 2593 290 2621 tamen
312 2583 359 2620 de
378 2583 450 2620 hac
470 2596 510 2620 re
530 2596 639 2620 suum
659 2583 797 2633 cuique
814 2582 1023 2630 judicium3
1043 2591 1175 2629 restat,
1197 2582 1301 2632 quod
1325 2595 1440 2632 supra
1459 2581 1518 2619 di-

61 2644 230 2694 cebamus,
247 2647 416 2698 potuisse
432 2647 478 2684 de
496 2646 694 2696 Sibyllinis
713 2647 876 2684 oraculis
906 2646 1117 2697 Tarquinio
1141 2645 1279 2683 oblatis
1308 2645 1398 2682 olim
1419 2644 1520 2682 inter·

62 2718 247 2761 utrumque
271 2725 396 2762 regem
425 2710 601 2749 haesitare
631 2711 741 2749 etiam
771 2711 928 2749 doctos:
956 2710 1073 2761 idque
1097 2711 1256 2748 sortasse
1284 2723 1396 2748 causa
1423 2710 1517 2755 suit,

61 2786 118 2810 cur
135 2774 230 2812 illam
249 2784 366 2813 totam
381 2772 635 2813 narrationem
652 2775 760 2813 Titus
778 2775 921 2825 Livius,
935 2774 1102 2813 incertus
1121 2774 1282 2826 primum
1301 2775 1374 2812 utri
1391 2773 1521 2825 potius

61 2837 133 2876 loco
154 2840 355 2889 insereret,
376 2841 513 2879 deinde
529 2841 630 2878 aliud
648 2854 785 2892 agens,
808 2841 989 2880 omiserit.
