1752 3495
216 195 304 241 108
574 195 650 238 AD
684 195 910 240 SIBYLLl
920 196 1031 241 NOS
1069 195 1278 239 LIBROS

210 279 514 330 traditSet-vius:
533 278 668 341 quidni
685 301 722 330 et
743 293 912 343 ipsorum
925 305 1138 331 mensuram
1156 304 1224 328 nos
1239 290 1400 327 docuit?
1423 290 1558 327 Decem
1574 303 1672 332 certe

209 354 486 403 generationes,
505 354 645 405 γενεάς,
667 356 809 394 mundo
833 356 1015 407 assignari
1035 355 1226 405 vulgatum
1249 354 1340 399 l'uit,
1364 366 1440 391 non
1463 353 1564 403 apud
1589 368 1672 405 pro-

210 417 319 457 fanos
340 426 506 466 tantum,
526 420 648 469 qualis
665 429 720 458 est
738 421 950 467 Juvenalis,
972 421 1046 459 Sat.
1065 418 1151 457 Xlll
1165 447 1175 463 ,
1198 431 1230 455 v.
1255 419 1319 463 28,
1342 430 1415 468 sq.:

418 486 529 521 Nona
547 493 634 522 aetas
653 485 791 536 agitur,
811 485 1017 536 pejoraque
1033 483 1168 520 saecula
1198 482 1286 519 serri

417 547 675 599 Temporibus
692 577 702 591 ,

208 610 274 648 sed
293 610 406 648 etiam
435 612 535 662 apud
557 612 791 652 Christianos
812 624 820 650 :
846 612 948 649 testis
977 611 1186 660 Sibyllinus
1217 618 1345 647 noster
1371 608 1561 646 secundus
1580 609 1671 648 liber

201 673 282 724 jam
302 674 351 712 ab
370 675 478 712 initio
499 689 696 714 numerum
716 677 816 713 bunc
836 675 958 725 ipsum
981 675 1178 712 denarium
1200 674 1393 720 deliniens,
1414 687 1448 711 v.
1474 673 1519 710 15
1539 687 1546 709 :
1566 703 1569 706 .

443 739 495 785 Δὴ
514 740 591 778 τότε
611 740 669 778 καὶ
690 738 813 785 δεκάτη
836 738 959 789 γενεὴ,
983 754 1015 776 κ.
1036 754 1067 776 τ.
1091 740 1149 786 λ.,

207 803 457 841 conserendus
473 817 557 841 cum
573 804 697 854 quarti
717 803 804 840 libri
825 803 947 848 initio,
972 817 1005 839 v.
1029 817 1090 850 20,
1111 803 1172 841 nbi
1197 803 1282 840 vide
1303 811 1382 842 not.
1402 811 1441 840 et
1460 816 1546 853 quae
1566 803 1670 853 plura

207 866 256 904 de
280 867 350 904 bac
369 881 408 904 re
427 867 660 905 disserentur
679 867 715 904 in
738 867 828 904 Exc.
848 866 910 904 Vl.

259 931 375 970 Addit
392 932 547 970 Servius
567 932 647 968 illas
682 931 810 968 mundi
834 939 962 968 fetantes
990 944 1010 968 a
1034 930 1178 981 Sibylla
1198 931 1337 968 divisas
1361 931 1475 968 fuisse
1495 944 1564 981 per
1591 944 1670 968 me-

209 995 318 1041 talla,
337 996 384 1033 ad
406 996 600 1046 exemplar
625 1009 760 1046 nempe
786 995 960 1041 Hesiodi,
990 996 1104 1046 Oper.
1125 1009 1159 1032 ν.
1183 1008 1265 1044 109,
1282 1008 1364 1045 sqq.
1389 995 1462 1033 Sed
1485 995 1671 1033 Hesiodus

205 1060 244 1097 iu
275 1069 411 1110 quarto
433 1061 604 1107 metallo,
630 1059 664 1097 id
689 1069 763 1104 cst,
793 1061 829 1097 in
857 1061 958 1098 ferro
988 1059 1231 1104 substiterat3
1269 1073 1337 1097 nec
1363 1059 1471 1097 facile
1500 1060 1670 1110 capimus

204 1124 397 1175 quomodo
416 1124 557 1174 Sibylla
581 1124 629 1162 ad
661 1124 851 1162 decimum
891 1138 1013 1174 usque
1043 1124 1221 1175 progredi
1254 1123 1445 1174 potuerit,
1474 1136 1589 1173 quum
1618 1131 1669 1160 tot

203 1188 350 1226 metalla
375 1188 540 1239 antiquis
560 1198 647 1226 nota
670 1189 784 1226 fuisse
805 1202 879 1225 nnn
907 1188 1118 1226 videantur.
1142 1190 1218 1228 Nec
1237 1187 1339 1226 aliud
1359 1188 1474 1224 ullum
1496 1187 1670 1238 Virgilius

204 1253 285 1303 ipse
301 1261 386 1303 post
407 1253 546 1290 ferrum
565 1254 754 1304 agnoscit,
772 1253 866 1292 ibid.
889 1267 927 1292 v.
947 1253 981 1298 8,
1002 1266 1076 1303 sq.:

826 1320 911 1367 Quo
932 1318 1054 1355 ferrea
1075 1317 1239 1368 primum

412 1382 588 1433 Desinet,
609 1396 650 1420 ac
672 1391 752 1421 toto
768 1390 897 1433 surget
916 1395 1006 1433 gens
1026 1395 1140 1419 aurea
1163 1381 1320 1421 mundo.

203 1445 281 1484 Nec
303 1447 415 1484 aliter
435 1446 616 1494 Ovidius,
634 1446 784 1485 Metam.
807 1447 840 1492 1,
857 1460 896 1486 ν.
922 1460 1016 1493 127:

593 1514 652 1549 De
671 1511 772 1549 duro
791 1520 848 1550 est
868 1511 1000 1549 ultima
1016 1510 1130 1548 ferro.

203 1577 346 1612 Auctor
377 1587 468 1613 vero
502 1576 623 1614 nostri
646 1575 733 1613 libri
751 1577 787 1627 l,
815 1589 932 1627 quum
955 1575 992 1612 iu
1025 1573 1286 1612 describendis
1310 1573 1484 1611 aetatibus
1517 1573 1667 1610 Hesiodi

201 1638 357 1689 vestigia
380 1649 593 1689 premeret,
627 1641 864 1678 metallorum
888 1652 1044 1691 prorsus
1074 1638 1309 1676 mentionem
1342 1638 1487 1686 omisit,
1509 1651 1577 1675 cnr
1597 1638 1666 1676 nisi

200 1702 301 1753 quod
321 1702 519 1741 denarium
541 1718 738 1742 numerum
769 1705 826 1742 his
857 1704 1017 1755 implere
1045 1716 1121 1740 non
1151 1705 1302 1754 posset?
1331 1702 1422 1740 Esto
1457 1712 1595 1752 tamen,
1628 1712 1666 1739 nt

198 1767 332 1804 Servio
361 1768 513 1818 placuit.
1386 1773 1387 1776 ’

251 1831 369 1882 Magis
389 1846 459 1870 nos
480 1843 654 1871 moratur
683 1834 785 1884 quod
808 1833 965 1872 Servius
983 1833 1106 1880 addit,
1139 1832 1320 1883 Sibyllam
1354 1832 1391 1870 in
1425 1846 1471 1870 eo
1499 1832 1666 1870 carmine

198 1896 398 1941 cecinisse,
419 1915 434 1930 σι
452 1910 529 1947 quo
557 1898 643 1948 quis
663 1898 800 1935 saecnlo
818 1898 1034 1949 imperaret.
1052 1915 1066 1931 ι
1091 1901 1146 1936 An
1166 1888 1282 1948 igitur
1304 1909 1506 1947 regnorum
1532 1896 1663 1933 seriem

197 1960 399 2010 quamdam
424 1962 640 2012 evolverat,
672 1961 820 2012 quadem
851 1963 1059 2013 expositam
1091 1961 1302 1999 invenimus
1330 1961 1367 1998 in
1391 1960 1662 2011 Sibyllinorum

197 2033 414 2064 nostrorum
446 2025 544 2064 libro
574 2027 644 2072 ltt,
665 2028 686 2077 S
708 2041 728 2064 2
745 2056 755 2075 ,
779 2036 815 2065 et
837 2027 899 2076 tv,
921 2037 957 2066 et
979 2028 1005 2063 V
1028 2027 1157 2074 initio,
1178 2034 1214 2063 et
1236 2039 1305 2077 per
1327 2034 1427 2063 totos
1449 2027 1526 2063 sere
1548 2024 1666 2062 libros

199 2090 396 2129 xl-XIV?
417 2092 496 2130 lmo
517 2091 627 2129 nobis
644 2092 754 2129 aliter
769 2105 905 2130 sonare
925 2092 1103 2130 videntur
1120 2092 1243 2129 Servii
1264 2090 1396 2138 verba,
1417 2090 1519 2141 quod
1539 2090 1662 2128 statim

200 2155 340 2193 addat:
368 2174 383 2189 «ι
399 2165 436 2193 et
455 2157 554 2194 Solis
576 2157 772 2203 ultimum,
792 2157 829 2194 id
859 2165 937 2203 est,
963 2157 1150 2194 decimum
1169 2156 1338 2203 yoluit‚»
1358 2169 1494 2207 nempe
1517 2154 1663 2192 decimo

199 2221 337 2258 saeculo
371 2221 494 2259 Solem
533 2222 822 2272 imperaturum.
856 2221 998 2267 Quidni
1030 2221 1148 2271 igitur
1183 2220 1486 2270 praecedentibus
1520 2219 1664 2258 saeculis

200 2298 288 2322 suos
314 2299 466 2336 quoque
499 2287 598 2323 Deos
622 2287 897 2337 assignaverat,
920 2295 960 2323 ut
986 2286 1107 2336 primo
1141 2287 1368 2333 Saturnum,
1388 2285 1557 2323 secundo
1590 2286 1662 2324 Jo-

200 2363 307 2395 vem,
328 2353 423 2388 etex?
454 2352 504 2389 lta
542 2359 583 2388 ut
603 2360 687 2401 post
715 2351 922 2400 decimum,
955 2351 991 2388 id
1014 2359 1090 2397 est,
1121 2351 1219 2388 Solis
1248 2350 1470 2401 imperium,
1501 2363 1630 2387 rursus
1650 2379 1659 2395 ,

200 2418 310 2453 Anno
331 2417 467 2467 Magno
491 2416 680 2462 revoluto,
715 2417 751 2452 iu
780 2417 932 2454 Saturni
952 2430 1109 2467 regnum
1131 2416 1210 2453 sive
1234 2429 1384 2453 auream
1406 2424 1552 2453 :etatem
1583 2424 1664 2452 ter-

201 2493 290 2517 rena
310 2480 435 2517 onmia
459 2479 732 2525 relaberentur,
749 2481 852 2531 quod
876 2481 1047 2531 profecto
1065 2481 1243 2531 Virgilius
1261 2481 1466 2524 intellexit,
1485 2481 1554 2517 lor.
1577 2481 1661 2516 cit.:

408 2547 564 2596 Magnus
582 2546 630 2583 ab
652 2547 800 2596 integro
820 2547 1018 2584 saeclorum
1041 2547 1202 2584 vertitur
1220 2546 1343 2590 ordo:

407 2611 490 2648 Jam
511 2611 607 2648 redit
628 2619 663 2647 et
686 2611 824 2661 Virgo,
845 2611 1005 2648 redeunt
1024 2611 1200 2648 Saturnia
1222 2625 1346 2660 regna.

198 2674 272 2711 Nee
291 2674 464 2712 Servium
484 2683 626 2711 temere
644 2675 836 2725 scripsisse
856 2689 940 2725 quae
959 2675 1126 2725 scripsit,
1145 2675 1310 2712 ostendit
1328 2674 1456 2712 eadem
1478 2674 1579 2724 apud
1599 2675 1656 2725 ip-

196 2750 277 2775 sum
300 2737 446 2775 rediens
467 2739 651 2776 sententia
674 2741 788 2790 paulo
809 2740 905 2777 infra
923 2769 932 2784 ‚
959 2753 993 2776 ν.
1019 2754 1075 2787 10,
1097 2739 1161 2776 ubi
1191 2739 1236 2775 ad
1256 2739 1329 2775 boc
1349 2739 1630 2776 hemistichium
1649 2751 1656 2776 ε

532 2803 638 2841 'l‘uus
650 2803 728 2854 jam
749 2811 881 2854 regnat
897 2803 1035 2854 Apollo
1047 2831 1057 2848 ,

177 2866 247 2902 ¹sir
276 2876 576 2905 commentatur:
604 2886 617 2901 κ
638 2868 818 2906 Ultimum
847 2867 1022 2905 saeculum
1051 2867 1233 2914 ostendit,
1261 2865 1362 2916 quod
1395 2864 1538 2914 Sibylla
1561 2866 1656 2903 Solis
