1686 3500
699 161 1004 206 exconsus
1037 136 1114 206 vi.
1318 209 1320 212 ,
1408 208 1416 219 ,
1535 160 1625 206 347

363 259 503 308 Μηκέτι
523 256 631 310 μηὸζὲν
647 256 735 302 ὅλως
753 273 792 310 γε
807 255 1244 309 παρεκὸαίνωσίδικαίων.

154 325 269 366 Vides
293 323 402 364 libris
420 325 508 364 vm
532 331 570 362 et
587 324 629 374 1,
650 332 791 376 praeter
818 324 1010 361 efficacem
1039 313 1221 374 baptismi
1239 321 1316 360 vim
1348 321 1395 360 ad
1423 320 1630 373 ingenitam

153 389 277 430 labem
287 389 521 440 eluendam,
543 388 711 427 fructum
736 401 891 439 quoque
914 387 1095 427 accedere
1113 399 1191 425 non
1213 385 1469 436 mediocrem,
1495 394 1538 424 ut
1555 385 1631 426 ho-

155 454 276 493 mines
295 453 362 492 illo
393 454 547 491 lavacro
564 451 778 504 regenerati
797 464 820 489 a
838 451 970 503 pravis
986 450 1113 489 saeculi
1134 449 1306 489 moribus
1327 449 1604 490 nbalienentur.

207 519 282 559 Vix
310 518 504 557 notandus
533 530 614 556 mos
644 526 754 555 vetus
783 516 983 566 Ecclesiae,
1004 525 1045 553 ut
1070 516 1108 553 in
1127 515 1319 566 baptismo
1341 523 1462 553 totum
1492 528 1633 567 corpus

155 583 469 634 immergeretur,
498 579 576 620 ὅλον
609 580 733 632 δέμας,
755 579 823 620 lib.
847 581 918 628 lV,
938 581 1010 619 loc.
1033 580 1100 620 cit.
1133 579 1208 618 Sed
1239 579 1331 618 alibi
1364 579 1411 619 de
1441 580 1633 619 infusione

156 656 305 687 tantum
325 648 387 700 agi
406 647 579 695 videtur,
598 645 668 686 lib.
687 646 758 685 vn
772 675 782 694 ,
806 647 852 693 87
875 658 932 695 sq.
952 659 961 683 ε
1538 689 1539 695 ¹

315 709 418 750 Ἀλλὰ
432 708 552 749 λαὸὼν
568 708 722 763 κεφαλὴν
739 709 829 749 τοῦδ’
852 708 991 761 ἀνέρος,
1010 706 1112 746 ὕδατι
1132 705 1235 761 ῥάνας
1248 737 1260 755 ,
1484 717 1512 741 2

316 770 428 821 Εῧξαι
444 775 529 828 τρίς.

158 842 215 881 Ita
235 855 338 888 sane,
367 841 439 878 nisi
466 841 528 878 hic
558 839 639 891 ipse
668 840 776 878 locus
805 838 960 877 aliunde
994 845 1196 888 suspectus
1221 844 1342 886 esset,
1369 836 1513 888 quippe
1541 850 1639 876 nova.

159 905 332 958 quaedam
364 915 403 944 ct
432 905 582 943 insolita
604 905 822 945 continens.
855 905 942 943 Non
965 903 1066 941 enim
1103 902 1165 940 hic
1192 901 1240 940 de
1261 900 1543 941 catechumenis
1567 902 1640 942 rite

159 970 402 1022 baptizandis
424 970 576 1020 agitur:
606 969 671 1007 sed
693 969 752 1006 vir
774 968 946 1015 advena,
969 979 1139 1018 pauper,
1161 979 1273 1018 opem
1302 979 1500 1018 quaerens,
1526 966 1642 1005 domo

161 1034 367 1073 Christiani
386 1034 583 1086 cujusdam
602 1033 816 1083 excipitur,
833 1041 871 1070 et
887 1039 1093 1083 antequam
1115 1030 1296 1083 hospitali
1316 1029 1504 1069 beneficio
1519 1029 1644 1068 done-

163 1109 246 1148 tur,
265 1100 400 1139 volens
419 1100 553 1139 nolens
572 1112 672 1150 aqua
687 1099 724 1136 in
745 1107 862 1149 caput
876 1098 1003 1136 infusa
1022 1097 1195 1148 tingitur.
1212 1097 1321 1148 Ipsae,
1338 1109 1425 1148 quae
1437 1096 1645 1142 adduntur,

161 1178 294 1216 preces
325 1179 346 1202 a
363 1165 525 1203 solemni
549 1164 587 1201 in
612 1163 679 1201 tali
699 1177 741 1200 re
762 1161 970 1200 verborum
1004 1162 1168 1200 formula
1187 1170 1343 1200 remotae
1362 1169 1464 1203 sunt.
1491 1161 1645 1200 Conso-

161 1239 256 1269 nant
275 1239 401 1269 autem
427 1243 515 1268 cum
545 1230 591 1268 iis
617 1242 704 1280 quae
723 1228 841 1280 paulo
860 1237 951 1267 ante
969 1236 1243 1280 praecesserant
1266 1227 1315 1266 de
1333 1241 1432 1279 aqua
1461 1227 1499 1266 in
1520 1228 1646 1280 ignem

162 1295 320 1333 libanda
348 1295 396 1333 ad
424 1294 801 1333 commemorandum
832 1294 972 1333 Christi
1002 1292 1235 1345 baptismum
1268 1306 1338 1344 per
1366 1293 1517 1344 ignem,
1547 1292 1643 1331 ibid.

163 1374 197 1398 v.
220 1362 292 1409 813
311 1361 401 1399 item
422 1360 470 1398 de
488 1359 623 1398 avibus
644 1359 684 1397 in
706 1359 839 1397 caelum
858 1358 1073 1397 emittendis
1093 1358 1138 1396 ad
1156 1357 1380 1396 imitandam
1399 1356 1513 1396 Verbi
1534 1371 1649 1409 gene-

163 1425 372 1473 rationem,
389 1424 486 1464 ibid.
517 1436 555 1463 v.
577 1437 648 1474 79,
667 1436 726 1474 sq.
748 1437 756 1461 :
779 1436 864 1474 quae
883 1422 1010 1461 omnia
1027 1435 1106 1460 non
1128 1430 1203 1460 tam
1219 1421 1315 1478 ritus
1334 1422 1373 1460 in
1396 1422 1563 1461 Ecclesia
1582 1436 1649 1461 re-

163 1499 297 1542 ceptos
321 1504 436 1541 quam
465 1489 632 1527 haeretici
661 1501 783 1526 novas
802 1501 863 1526 res
893 1488 1084 1526 molientis
1104 1487 1237 1525 deliria
1265 1487 1430 1538 prodere
1450 1487 1647 1531 videntur.

162 1556 237 1595 Sed
256 1555 303 1594 de
323 1555 423 1593 libro
455 1554 622 1606 septimo
642 1562 681 1592 et
698 1553 777 1604 jam
803 1553 841 1591 in
874 1553 1049 1591 Excursu
1079 1552 1211 1604 priore
1238 1552 1428 1601 diximus,
1458 1560 1496 1592 et
1515 1565 1646 1592 rursus

113 1670 115 1673 Ι
163 1620 265 1658 infra
285 1619 491 1658 dicendum
509 1619 599 1666 erit,
621 1618 685 1656 ubi
710 1619 758 1656 de
774 1617 973 1669 Sibyllinis
996 1617 1207 1656 haeresibus
1226 1626 1375 1669 agetur.

216 1686 275 1724 De
294 1684 431 1723 ceteris
448 1678 695 1722 sacramentis
718 1682 813 1720 nihil
834 1683 871 1720 in
895 1683 1038 1721 nostris
1066 1682 1190 1722 libris.
1210 1684 1460 1734 Nequaquam
1479 1682 1580 1722 enim
1599 1683 1646 1722 ad

163 1760 332 1791 sanctam
348 1750 596 1801 divinamque
613 1748 893 1789 Eucharistiam
913 1747 1108 1800 pertinere
1122 1755 1301 1799 putamus
1315 1746 1409 1786 illud
1424 1746 1524 1787 libro
1538 1748 1642 1798 VIII,
1668 1746 1669 1749 '

163 1830 200 1856 v.
220 1817 307 1865 403,
327 1829 386 1866 sq.
410 1830 419 1853 :

320 1878 447 1934 Τούτῳ
466 1878 519 1924 θὲς
534 1878 690 1932 καθαρὰν
710 1877 751 1918 σὺ
770 1877 987 1930 ἀναίμακτόν
1007 1893 1044 1916 τε
1061 1876 1236 1931 τράπεζαν

323 1944 524 1999 Πληρώσας
544 1945 684 1996 ἀγαθῶν
697 1972 707 1991 ,

164 2026 284 2066 quum
305 2012 431 2051 statim
451 2019 634 2063 sequatur
655 2025 663 2049 ι

773 2073 844 2114 Καὶ
862 2072 919 2117 δὸς·
937 2074 1101 2112 πεινῶντι
1119 2070 1176 2111 τὸν
1196 2070 1319 2125 ἄρτον,

324 2139 397 2179 Καὶ
417 2133 560 2193 διψῶντι
575 2137 680 2177 ποτὸν
695 2168 707 2186 ,
725 2138 784 2177 καὶ
804 2135 932 2187 εἵματα
951 2137 1091 2188 σώματι
1109 2137 1244 2190 γυμνῷ.

164 2207 293 2254 Quare
312 2219 390 2243 non
413 2205 461 2243 de
478 2204 619 2242 caelesti
636 2203 723 2242 cibo
743 2203 919 2256 τράπεζαν
939 2202 1043 2240 illam
1063 2202 1367 2252 interpretamur
1383 2229 1395 2248 ‚
1413 2199 1479 2239 sed
1496 2199 1544 2239 de
1563 2200 1645 2239 sra-

165 2279 272 2309 terna
302 2283 431 2308 mensa
467 2268 704 2320 pauperibus
733 2267 861 2306 oblata
877 2281 887 2313 ;
922 2275 1056 2318 estque
1086 2279 1232 2305 merum
1272 2266 1446 2304 fraternae
1476 2265 1646 2304 caritatis

166 2343 420 2388 praeceptum.
443 2335 520 2374 Nec
538 2334 663 2372 obstat
678 2333 784 2385 quod
804 2332 945 2371 deinde
966 2331 1152 2383 sequitur,
1175 2345 1213 2371 v.
1238 2331 1313 2376 408
1336 2344 1345 2368 z
1365 2354 1368 2357 Δ

325 2400 397 2441 Καὶ
417 2402 530 2446 ζῶσαν
550 2400 670 2439 θυσίαν
688 2398 819 2447 ταύτην
836 2401 886 2452 τῷ
907 2399 1010 2443 ζῶντι
1028 2396 1162 2450 πόριζε.

166 2467 271 2506 Dicit
288 2466 391 2504 enim
412 2474 554 2504 mutuae
573 2464 743 2504 caritatis
762 2464 948 2513 officium,
971 2462 1075 2513 quod
1090 2461 1130 2500 in
1155 2461 1279 2499 anima
1299 2460 1451 2498 vivente
1468 2472 1648 2500 exercea-

166 2541 250 2579 tur,
268 2531 496 2571 Christianis
522 2544 602 2569 esse
620 2529 730 2581 quasi
748 2529 877 2568 vivum
898 2527 1092 2579 quoddam
1112 2526 1353 2565 sacrificium.
1376 2525 1552 2578 Figurate
1571 2527 1647 2564 hoc

167 2598 323 2644 dictum,
338 2597 432 2635 utin
450 2596 597 2648 psalmo
615 2595 839 2634 notissimo:
859 2612 875 2629 «ι
890 2593 1131 2633 Sacrificium
1146 2591 1313 2630 Domino
1330 2590 1487 2643 spiritus
1505 2591 1649 2630 contri·

166 2661 334 2708 balatus,
353 2670 426 2700 etc.
448 2678 464 2695 ν
487 2661 568 2700 Etsi
585 2674 762 2699 veremur
780 2673 828 2697 ne
846 2659 921 2697 hoc
943 2658 1042 2704 loco,
1064 2656 1176 2695 nobis
1192 2656 1337 2706 invitis,
1354 2654 1566 2694 abutantur
1581 2656 1647 2707 qui

165 2725 341 2764 sacrificii
355 2738 494 2763 nomen
509 2755 520 2773 ‚
537 2725 669 2763 saltem
689 2738 735 2763 eo
749 2738 828 2776 quo
849 2723 946 2763 solet
966 2722 1144 2774 usurpari
1162 2735 1273 2760 sensu
1287 2750 1296 2767 ,
1311 2735 1330 2759 a
1345 2720 1485 2759 nostris
1504 2729 1656 2771 myste-·

168 2791 234 2828 riis
265 2803 441 2829 amovere
471 2790 620 2840 volunt,
653 2790 839 2841 illudque,
874 2788 1025 2840 quoties
1047 2786 1150 2839 apud
1174 2787 1351 2837 antiquos
1376 2787 1508 2825 Patres
1539 2798 1652 2823 usur-

170 2866 303 2907 patum
325 2856 373 2895 de
393 2870 436 2895 ea
455 2869 496 2893 re
517 2856 718 2907 reperitur,
730 2854 917 2894 ‚omnibus
938 2854 1059 2893 modis
1086 2853 1263 2905 trahunt,
1285 2861 1434 2891 vexant.
1462 2850 1536 2890 Sed
1558 2851 1651 2890 istos

1409 2921 1486 2969 35.
