1722 3500
224 204 312 248 1515
352 192 354 194 ’
593 200 668 242 An
698 167 1041 241 sternentes
1078 193 1287 238 menos

220 299 338 349 priam
364 294 674 347 appellationem,
695 307 857 344 graecum
883 293 1022 330 scilicet
1040 302 1176 327 nomen
1199 290 1434 330 Amaltheam
1455 293 1580 344 dedit,
1608 299 1668 339 La-

215 362 354 399 etantio
370 360 505 398 diserte
524 358 559 396 id
575 359 786 398 affirmante
799 387 809 406 ,
826 353 1144 396 consentientibus
1164 354 1320 406 insuper
1333 357 1467 395 Servio
1477 367 1514 401 et
1527 361 1669 404 ¹loanne

218 425 334 476 Lydo,
357 424 446 462 locis
468 423 611 470 citatis,
634 431 748 474 atque
775 424 857 474 ipso
874 420 1037 464 Tibullo,
1056 418 1122 468 qui
1143 431 1294 457 omnem
1313 419 1361 458 de
1380 420 1536 472 Sibyllis
1554 429 1669 467 erudi·

215 490 349 526 tionem
371 501 476 527 suam
498 487 599 526 band
630 487 745 526 dubie
775 501 795 524 a
816 487 980 524 Varrone
1003 492 1215 533 acceperat,
1250 497 1369 535 quum
1396 486 1447 524 ita
1477 489 1666 541 scriberet,

212 553 274 592 lib.
296 553 346 602 ll,
366 553 461 604 eleg.
481 553 519 598 5,
540 567 579 591 v.
600 554 665 601 67,
684 565 739 603 sq.
757 567 766 589 z

419 617 612 668 Quidquid
631 616 842 660 Amalthea,
861 611 1045 664 quidquid
1065 612 1274 665 Marpessia
1294 613 1412 661 dixit,

470 681 675 732 llerophile
696 679 838 718 Phoebo
858 686 1040 728 grataque
1056 677 1161 728 quod
1182 679 1343 718 monuit.

260 745 470 784 Admissum
491 759 511 783 a
533 746 698 783 Varrone
719 755 850 780 nomen
876 748 987 792 poeta
1009 740 1166 790 impune
1186 742 1365 793 amplecti
1391 745 1517 794 potuit
1536 759 1542 783 :
1577 748 1663 786 fabo

209 817 345 855 tamen,
361 809 536 860 quoniam
559 808 748 845 Amalthea
768 807 961 856 proprium
977 812 1031 842 est
1052 805 1254 854 Epiroticae
1269 807 1419 844 cuidam
1436 807 1589 859 Sibyllae
1605 826 1661 851 vo.

182 903 184 907 ,
207 872 382 911 nabulum
397 901 407 919 ,
432 874 541 924 plane
559 870 816 921 utnlleropliile
837 869 1052 919 Erytliraeae.
1074 870 1250 908 Ceterum
1269 872 1306 908 in
1324 871 1396 909 hac
1416 874 1662 923 appellatione
1710 883 1713 886 '

209 936 358 975 videtur
378 937 561 975 liaesitasse
578 937 695 974 Varro
710 937 800 985 ipse,
820 933 848 970 si
871 947 958 970 vere
978 933 1060 983 ejus
1076 933 1194 971 verba
1218 945 1340 973 sunta
1365 936 1567 975 Lactantio
1586 943 1662 978 red-

203 1001 314 1060 futa‘
341 1019 356 1034 «ι
380 1002 471 1047 Quae
500 1000 547 1038 ab
589 1000 669 1036 aliis
699 997 922 1048 Demophile
962 997 1019 1034 vel
1052 998 1257 1048 lleropliile
1301 1000 1531 1040 nominatur.
1553 1020 1567 1036 υ
1593 1005 1659 1042 Sed

208 1067 285 1105 liaec
317 1068 452 1105 iterum
486 1067 576 1104 falso
607 1065 832 1103 dictamum
856 1063 1085 1114 lleropliiles
1115 1078 1271 1113 nomen,
1310 1073 1349 1102 ut
1384 1065 1561 1113 diximus,
1593 1069 1661 1107 alio

207 1131 391 1181 pertinet3
414 1129 658 1181 Demophilcn
684 1137 804 1166 autem
833 1142 851 1165 a
884 1129 1034 1165 nemine
1069 1128 1195 1166 adhuc
1225 1138 1482 1180 nuncupatam
1514 1131 1659 1169 inveni-

206 1208 296 1233 tnuS.
314 1196 430 1233 Demo
447 1203 586 1232 tantum
608 1193 654 1230 ab
667 1192 799 1230 incolis
817 1192 1024 1230 Cumarum
1045 1192 1247 1230 dicebatur
1264 1194 1434 1232 Cumana
1456 1195 1658 1246 antiquior,

206 1267 297 1297 teste
317 1259 496 1297 Pausania
519 1258 630 1295 citato
648 1258 683 1294 in
705 1257 797 1296 Ex&
833 1257 863 1302 l,
885 1269 968 1307 cap.
1000 1259 1036 1304 8,
1067 1270 1180 1307 quam
1198 1258 1311 1296 etiam
1334 1259 1445 1309 longe
1464 1259 1574 1296 aliter
1594 1275 1658 1296 vn-

205 1331 406 1372 caverunt,
445 1321 753 1360 Melancliraeuam
793 1320 1013 1358 Aristoteles
1028 1349 1038 1367 ,
1081 1320 1308 1371 Deiphoben
1326 1350 1336 1370 ,
1365 1322 1554 1359 incertum
1590 1337 1658 1373 qua

202 1387 437 1434 auctoritate,
456 1386 650 1436 Virgilius:
671 1386 802 1423 confer
822 1386 913 1424 Exc.
938 1385 974 1430 l,
993 1385 1068 1425 loc.
1091 1386 1157 1424 cit.

254 1451 304 1489 lta
331 1451 377 1489 ‹le
395 1451 537 1501 origine
555 1449 823 1500 Sibyllinorum
848 1449 948 1499 apud
973 1449 1162 1487 Romanos
1190 1449 1398 1497 librorum,
1421 1450 1491 1487 etsi
1518 1451 1655 1501 aliquid

204 1515 281 1553 veri
302 1515 452 1553 subesse
471 1515 645 1562 diximus,
666 1515 821 1552 confusa
844 1515 1027 1565 pleraque
1049 1523 1086 1552 et
1106 1516 1330 1552 commentis
1352 1514 1656 1567 conjecturisque

200 1580 315 1617 variis
356 1571 525 1617 intricata
563 1588 661 1617 sunt.
701 1579 808 1625 Quod
836 1579 866 1616 si
893 1587 1059 1616 nostram
1089 1593 1245 1630 quoque
1272 1581 1496 1617 sententiani
1520 1581 1654 1620 assei-re

197 1643 294 1690 licet,
314 1643 537 1694 Tarquinius
555 1642 758 1694 Superbus,
779 1650 1026 1693 tyrannorum
1045 1643 1324 1691 solertissimus,
1348 1656 1424 1680 uon
1445 1643 1475 1680 is
1493 1653 1575 1681 crat
1593 1646 1651 1694 qni

199 1707 309 1744 ullam
329 1707 514 1744 lirmandae
527 1707 788 1744 dominationis
810 1715 929 1744 artem
951 1716 1015 1745 aut
1035 1707 1196 1745 nesciret
1214 1716 1278 1745 aut
1298 1708 1517 1758 negligeret.
1537 1708 1652 1746 Facil-

196 1770 280 1808 lime
310 1781 432 1810 autem
458 1771 636 1823 religione
664 1771 751 1809 duci
781 1772 1014 1823 populorum
1045 1773 1212 1818 animos,
1243 1772 1414 1810 nondum
1449 1775 1651 1823 praesertim

191 1833 429 1884 adultorum,
448 1835 567 1886 probe
587 1835 750 1880 sciebat,
769 1836 834 1886 qui
854 1844 995 1874 tantam
1021 1842 1150 1874 curam
1184 1845 1383 1887 tantasque
1402 1836 1590 1888 impensas
1617 1839 1650 1875 in

190 1899 376 1950 Capitolio
391 1900 610 1939 aedilicando
627 1901 936 1953 consumpsisset,
960 1897 1041 1942 [iv.
1059 1903 1089 1953 1,
1110 1906 1129 1949 ξ,
1149 1902 1213 1948 55,
1231 1916 1310 1953 sqq.
1328 1903 1519 1948 Quantum
1544 1902 1649 1940 etiam

190 1964 349 2003 oraculis
368 1974 403 2003 et
422 1966 605 2004 vaticiniis
626 1967 756 2017 profici
780 1977 907 2018 posset
932 1967 978 2005 ad
1008 1966 1212 2019 regendam
1234 1967 1550 2018 impellendainve
1570 1980 1650 2004 rre—

192 2029 315 2066 ‹lulam
335 2028 500 2079 plebem,
521 2030 705 2069 didicerat
724 2045 811 2069 sanc
827 2045 944 2082 quum
967 2031 1016 2070 ad
1034 2031 1249 2070 scitandum
1271 2031 1448 2083 Delphici
1467 2032 1649 2083 Apollinis

192 2095 381 2132 oraculum
401 2097 551 2146 (novum
572 2096 644 2135 lioc
664 2097 818 2135 omnino
835 2098 1030 2148 Romanis)
1055 2099 1197 2150 legatos
1215 2099 1392 2146 mitteret,
1408 2102 1478 2135 nee
1498 2098 1647 2135 obvium

191 2159 420 2208 quemlibet,
441 2161 503 2198 sed
531 2161 667 2199 liberos
692 2163 772 2213 ipse
788 2176 877 2201 suos
903 2172 940 2201 et
962 2155 1124 2202 Brutum
1143 2164 1291 2201 samitiae
1318 2177 1395 2200 suae
1413 2158 1646 2214 proximum,

195 2222 284 2260 ibid.
312 2224 411 2273 §56.
435 2225 554 2264 Porro
582 2227 643 2265 illc
675 2228 748 2273 vir,
781 2229 846 2279 qui
870 2242 955 2267 cum
983 2229 1148 2276 Graecis,
1176 2229 1235 2266 vel
1265 2227 1316 2266 ob
1345 2229 1460 2279 ipsam
1482 2241 1647 2265 commu-

194 2300 275 2324 nem
293 2288 488 2338 originem,
522 2291 677 2329 multum
698 2293 913 2331 commercii
947 2294 1171 2340 retinuerat,
1206 2294 1383 2344 ignorare
1402 2293 1508 2330 nullo
1538 2291 1647 2329 modo

195 2351 314 2400 potuit
334 2366 416 2402 quae
434 2353 654 2404 Sibyllarum
678 2356 714 2393 in
742 2357 886 2395 Graecia
907 2358 1006 2396 sama
1023 2366 1134 2403 esset,
1152 2371 1235 2408 quae
1257 2356 1534 2407 Sibyllinorum
1560 2370 1646 2393 ora·

192 2416 360 2453 culorum
380 2418 478 2467 apud
508 2419 638 2470 vulgus
657 2422 874 2470 veneratio,
901 2437 986 2473 qnae
1007 2423 1166 2474 religio,
1196 2436 1282 2472 quae
1312 2421 1417 2460 tides.
1455 2422 1495 2459 ld
1519 2422 1646 2471 utique

194 2493 259 2528 per
281 2480 375 2518 tilios
397 2494 481 2519 suos
502 2484 655 2534 Delphis
679 2485 834 2524 reduces
852 2501 1084 2538 cognoscere
1107 2488 1258 2538 potnit;
1280 2497 1317 2525 et
1332 2487 1416 2537 quis
1445 2487 1515 2524 scit
1537 2501 1580 2523 an
1602 2484 1645 2522 ab

191 2543 280 2593 ipsis
300 2544 449 2582 allatum
481 2548 670 2598 exemplar
693 2550 843 2600 aliquod
863 2552 991 2589 talium
1014 2552 1257 2590 oraculorum
1286 2551 1554 2602 pei-volverat?
1579 2552 1645 2589 1³0-

193 2607 261 2644 tnit
282 2621 372 2660 ergo
392 2609 448 2646 vir
465 2619 567 2649 catus
583 2612 652 2650 sibi
670 2613 705 2650 in
727 2615 891 2653 animum
911 2616 1089 2655 inducere
1113 2626 1153 2654 ut
1173 2617 1294 2654 simile
1319 2630 1486 2665 carmen,
1515 2615 1577 2653 sed
1602 2614 1642 2651 ad

190 2685 247 2709 res
265 2672 448 2711 Romanas
465 2677 579 2726 magis
597 2680 938 2728 accommodatum,
960 2691 1154 2732 poetastro
1172 2681 1284 2719 alieni
1304 2681 1522 2719 faciendum
1546 2681 1642 2717 loca-

161 2744 267 2787 ,ret,
300 2736 503 2787 adjuvaute
531 2739 686 2779 sortasse
711 2743 768 2780 vel
794 2745 970 2783 suadente
998 2746 1121 2784 amico
1141 2754 1177 2784 et
1213 2745 1363 2796 hospite
1394 2758 1464 2783 sno
1496 2745 1642 2783 Aristo-

187 2801 310 2848 demo,
330 2801 534 2841 Cumarum
552 2814 709 2854 tyranno
725 2806 869 2858 (dequo
885 2811 951 2848 csr.
970 2811 1160 2862 praeripue
1174 2811 1330 2860 Dionys.
1346 2800 1469 2849 llaliess
1485 2809 1549 2849 lib.
1562 2808 1638 2852 Vll,

186 2869 206 2909 ’,ἱ
227 2879 270 2915 2,
297 2874 407 2915 atque
432 2866 482 2904 ibi
517 2870 674 2919 intpp),
708 2871 806 2921 apud
834 2886 942 2922 quem
984 2884 1109 2925 postca
1149 2875 1254 2913 exsul
1288 2874 1400 2911 vitain
1436 2874 1540 2911 [iniit.
1569 2873 1639 2910 Nm·
