1752 3495
726 201 1034 247 Exeusssus
1067 204 1152 249 111.
1302 182 1306 185 ’
1497 239 1504 250 ,
1586 204 1671 249 221

222 307 356 353 fuisse,
381 303 411 342 is
429 300 563 347 nobis,
593 299 665 337 nisi
681 298 737 337 -de
761 298 921 337 Hercule
950 300 1005 337 vel
1028 299 1203 351 Apolline
1230 300 1359 344 aliisve
1384 300 1503 340 serius
1521 300 1681 339 invectis

222 378 364 422 agatur,
384 366 533 404 videtur
552 375 690 414 magno
710 363 748 401 in
770 376 902 402 errore
923 366 1078 403 versari.
1098 365 1192 403 Nam
1219 377 1310 402 vero
1330 365 1485 416 propius
1506 374 1576 412 est,
1593 378 1684 416 grae-

227 448 287 474 cos
306 433 344 471 in
364 430 472 471 Latio
489 429 579 467 deos
599 428 811 478 antiquitus
829 427 1030 480 adoptatos
1044 429 1096 467 ita
1112 428 1229 467 fuisse
1246 437 1286 466 ut
1305 430 1364 467 vel
1381 443 1466 468 cum
1482 431 1615 482 priscis
1631 430 1689 469 la-

229 497 310 536 tinis
328 496 396 534 diis
424 493 539 532 iidem
565 491 811 536 haberentur,
832 492 892 530 vel
911 492 949 530 in
970 493 1141 544 ipsorum
1162 493 1302 543 recepti
1328 506 1527 531 numerum
1545 493 1679 533 iisdem

226 559 427 601 honoribus
443 558 671 595 colerentur.
694 555 813 593 Fuere
833 555 934 594 enim
953 556 1018 593 diu
1033 555 1196 595 Romani
1214 569 1369 594 suorum
1403 570 1549 596 morum
1581 567 1687 597 tena-

223 623 376 673 cissimi,
393 630 430 661 et
448 635 469 659 a
489 619 621 671 graecis
638 620 850 670 praesertim
870 619 1042 658 moribus
1061 620 1174 658 alieni
1189 629 1302 671 atque
1318 619 1579 663 abhorrentes.
1597 623 1682 674 Ipsa

223 700 348 728 eorum
386 684 521 735 religio
558 696 716 734 aspera,
753 691 927 727 austera,
955 682 1172 721 barbariem
1203 682 1401 730 redolens,
1432 684 1636 734 plurimum
1667 700 1688 724 a

223 751 346 803 graecis
373 745 619 799 religionibus
650 745 865 794 differebat,
894 746 1128 785 caerimonias
1152 747 1288 797 partim
1314 760 1361 784 ex
1379 746 1541 798 antiquo
1570 747 1688 788 latino

225 818 317 862 ritu,
337 813 472 865 partim
492 824 540 849 ex
559 819 709 848 etrusca
731 810 930 860 disciplina
953 811 1139 861 retinens,
1162 823 1246 860 quae
1275 810 1331 847 vel
1360 810 1452 861 ipsis
1471 811 1688 849 nominibus

225 880 381 931 origines
401 890 484 915 suas
503 875 731 927 prodebant,
751 875 1072 926 supplicationes,
1091 874 1344 922 ambarvnlia‚
1360 875 1609 923 lectisternia,
1622 890 1690 915 ver

226 956 376 984 sacrum.
396 942 518 979 Porro
538 953 600 978 eas
618 940 717 991 ipsas
735 939 972 977 eaerimonias
991 938 1178 976 librorum
1196 937 1471 989 Sibyllinorum
1495 941 1689 992 responsis

227 1007 451 1060 saepcjussas
471 1018 550 1043 esse
570 1004 748 1042 diximus.
771 1004 958 1055 Exemplo
979 1003 1052 1041 sint
1072 1017 1157 1053 quae
1180 1003 1280 1054 apud
1308 1003 1456 1042 Livium
1482 1014 1690 1044 memorata

228 1074 353 1113 crebro
378 1070 606 1122 reperimus,
632 1069 699 1107 sed
722 1069 779 1107 vel
802 1068 894 1107 illud
918 1082 1032 1106 unum
1055 1068 1120 1107 lib.
1135 1068 1220 1106 XXI
1234 1100 1243 1116 ,
1264 1069 1345 1115 §62
1366 1087 1374 1109 ι
1394 1086 1408 1101 α
1422 1069 1508 1108 Jam
1527 1070 1689 1120 primum

228 1157 241 1172 ι
258 1136 418 1175 omnium
441 1133 530 1171 urbs
555 1134 716 1171 lustrata
736 1141 807 1179 est,
832 1132 1042 1183 ltostiaeque
1061 1132 1237 1183 majores,
1257 1132 1397 1183 quibus
1418 1133 1599 1171 indictum
1620 1143 1690 1182 est,

229 1202 320 1239 «diis
337 1212 457 1244 ‹zaesae3
478 1208 514 1236 et
537 1198 681 1235 donum
701 1212 749 1236 ex
765 1197 849 1235 auri
871 1197 1001 1248 pondo
1022 1197 1298 1248 quinquaginta
1316 1197 1527 1236 Lanuvium
1548 1198 1593 1235 atl
1614 1199 1688 1237 Ju-

231 1264 358 1302 «nonis
377 1270 568 1315 portatum
590 1270 645 1299 est
663 1276 673 1308 3
690 1269 728 1299 et
744 1261 894 1312 signum
915 1274 1063 1299 aeneum
1082 1270 1263 1299 matronae
1279 1261 1424 1299 Junoni
1446 1260 1485 1298 in
1501 1262 1690 1300 Aventino

231 1348 244 1363 a
258 1328 534 1371 dedicaverunt3
556 1334 593 1363 et
616 1325 888 1363 lectisternium
906 1326 1012 1363 Caere
1031 1325 1272 1375 imperatum,
1288 1333 1326 1363 et
1343 1326 1575 1376 supplicatio
1596 1326 1690 1364 For-

233 1402 350 1430 «tnnae
371 1392 406 1428 in
428 1390 583 1441 Algido;
613 1389 741 1428 Romae
761 1403 918 1441 quoque
943 1397 980 1427 et
1000 1389 1275 1427 lectisternium
1303 1390 1519 1437 =Iuventati,
1541 1399 1577 1429 et
1601 1403 1692 1442 sup-

233 1456 401 1508 «plicatio
417 1455 461 1493 ad
479 1455 598 1492 aedem
617 1454 789 1492 Herculis
809 1454 1051 1498 nominatim,
1072 1453 1210 1491 deinde
1222 1454 1402 1492 universo
1423 1455 1570 1506 populo
1591 1456 1692 1494 circa

233 1539 246 1554 ιι
260 1521 375 1557 omnia
397 1519 631 1569 pulvinaria,
651 1519 815 1565 indicta;
837 1527 875 1557 et
894 1519 1019 1557 Genio
1039 1518 1202 1570 majores
1224 1518 1358 1557 hostiae
1378 1532 1481 1557 caesae
1500 1519 1707 1571 quinque,

234 1602 247 1617 n
261 1593 293 1622 et
307 1585 344 1623 C.
363 1584 494 1622 Atilius
515 1583 703 1621 Serranus
722 1592 864 1634 praetor
886 1591 976 1620 vota
997 1582 1332 1635 susciperejussus
1346 1612 1355 1628 ‚
1376 1584 1407 1621 si
1425 1583 1460 1620 in
1480 1583 1610 1622 decem
1629 1597 1694 1621 an·

236 1667 250 1682 n
264 1662 325 1686 nos
345 1647 551 1699 respublica
563 1647 695 1685 codem
709 1648 872 1685 stetisset
886 1656 999 1685 statu.
1016 1648 1103 1685 llaec
1126 1656 1329 1696 procurata
1342 1656 1506 1698 votaque
1518 1661 1564 1685 ex
1586 1647 1692 1686 libris

235 1712 454 1762 «Sibyllinis.
469 1729 483 1745 υ
512 1712 600 1749 llaec
619 1711 686 1762 qui
720 1711 831 1762 legit,
854 1710 901 1748 ad
925 1724 1069 1748 annum
1094 1709 1208 1750 Urbis
1236 1724 1381 1749 nxxxvi
1411 1710 1490 1763 (qui
1508 1711 1614 1749 Livio
1636 1720 1693 1750 est

237 1778 386 1827 nxxxiv)
415 1775 662 1827 pertinentia,
692 1788 768 1812 non
790 1787 881 1812 sane
909 1787 949 1813 se
979 1775 1018 1813 in
1036 1774 1208 1826 Graecia,
1229 1773 1295 1812 sed
1316 1775 1353 1812 in
1371 1775 1470 1813 -rutlt'
1494 1783 1533 1813 et
1553 1776 1691 1827 agresti

238 1840 335 1878 Latio
353 1841 491 1878 versari
509 1840 637 1878 sentit.

282 1905 358 1943 Jam
377 1913 510 1952 tamen,
529 1918 646 1956 quum
674 1904 754 1943 liaec
770 1903 1000 1955 agebantur,
1022 1904 1162 1943 molliri
1179 1912 1345 1956 coeperat
1363 1904 1517 1955 antiqua
1540 1916 1690 1943 morum

238 1968 399 2018 durities,
425 1970 593 2021 spirante
615 1970 697 2021 jam
725 1969 765 2007 in
793 1970 876 2021 ipso
907 1970 1016 2008 Latio
1047 1970 1167 2008 halitu
1195 1969 1365 2020 quodam
1392 1977 1430 2006 et
1460 1969 1567 2019 quasi
1596 1982 1692 2008 aura

238 2034 386 2072 Gracciae.
416 2035 566 2086 Quippe
593 2034 752 2073 subacta
779 2047 913 2085 magna
935 2034 1084 2072 Graecia
1114 2034 1356 2085 plurimaque
1384 2033 1522 2073 Siciliae
1559 2041 1692 2085 parte,

241 2107 382 2147 propter
404 2098 637 2149 frequentius
658 2112 744 2137 eum
767 2098 812 2137 iis
843 2098 995 2150 populis
1018 2099 1312 2148 commercium,
1329 2098 1470 2136 sensim
1489 2097 1536 2137 ad
1554 2111 1694 2136 novam

240 2161 317 2198 vitae
335 2161 566 2214 disciplinam
589 2163 870 2202 inclinabantur
893 2164 1008 2201 animi
1033 2179 1042 2201 t
1063 2173 1099 2202 et
1115 2163 1192 2214 jam
1222 2163 1354 2214 viginti
1384 2172 1471 2202 ante
1497 2164 1606 2202 annis
1628 2163 1696 2202 Li-

242 2224 316 2262 vius
329 2226 561 2266 Andronicus
579 2227 725 2266 subulas
739 2242 879 2279 graecas
893 2227 930 2265 in
955 2229 1163 2267 Romanum
1181 2240 1392 2265 sermonem
1412 2227 1556 2278 primus
1570 2236 1698 2266 trans-

244 2289 389 2336 tulerat;
415 2291 490 2342 jam
512 2294 667 2331 Naevius
697 2307 789 2344 epos
809 2293 1021 2337 scribebat,
1055 2307 1231 2330 sermone
1255 2293 1409 2343 quidem
1439 2293 1606 2339 inculto,
1629 2294 1696 2331 sed

242 2352 400 2393 doctrina
423 2370 496 2394 non
516 2357 721 2406 mediocri,
754 2371 774 2395 e
800 2356 905 2394 libris
927 2357 1132 2408 pracsertim
1155 2358 1286 2407 graecis
1307 2357 1436 2407 petita.
1465 2359 1511 2395 At
1542 2365 1696 2396 senatus

244 2419 435 2466 patriarum
464 2422 689 2472 religionum
721 2431 853 2469 tenax,
884 2422 987 2472 quod
1011 2422 1138 2459 Romae
1169 2422 1368 2472 plusquam
1391 2422 1430 2459 in
1449 2422 1520 2460 alia
1543 2423 1697 2461 civitate

244 2481 385 2529 publica
415 2498 472 2522 res
498 2500 582 2523 cum
603 2500 709 2524 sacra
731 2480 1007 2533 contineretur,
1030 2499 1131 2523 anno
1155 2485 1266 2523 etiam
1296 2493 1382 2536 post
1402 2485 1538 2524 urbem
1558 2486 1697 2525 condi-

245 2553 311 2582 tam
332 2561 417 2585 oxu
437 2549 554 2598 (Livio
572 2552 749 2602 nxxxlx),
769 2559 854 2589 ante
870 2550 1063 2589 Christum
1080 2559 1210 2587 natum
1225 2550 1549 2601 213,gravissimo
1571 2551 1697 2589 edicto

245 2610 402 2658 vetabat,
423 2613 501 2652 Liv.
521 2616 632 2663 XXV,
650 2620 668 2662 ς
692 2630 703 2652 1
731 2630 738 2652 :
763 2617 844 2655 «Ne
871 2615 954 2666 quis
973 2615 1010 2652 in
1032 2614 1188 2665 publico
1209 2627 1368 2653 sacrove
1389 2615 1494 2662 loco,
1514 2629 1616 2653 novo
1633 2624 1699 2654 aut

205 2711 213 2719 ,
246 2690 259 2704 σι
275 2683 433 2715 extremo
458 2679 532 2716 ritu
556 2681 808 2728 sacrificaret,
826 2699 840 2713 υ
859 2680 1004 2717 oblitus
1024 2679 1200 2717 videlicet
1221 2679 1324 2717 Fabii
1347 2680 1506 2718 Pictoris
1532 2680 1699 2730 legatio-

247 2736 314 2782 nis,
333 2742 569 2793 responsique
590 2744 748 2795 Delphis
770 2744 968 2795 reportati.
993 2744 1118 2790 Quum
1137 2743 1254 2794 igitur
1273 2757 1372 2781 anno
1395 2744 1618 2794 insequente
1642 2746 1720 2782 se-'

248 2806 556 2843 munseonsultum
589 2808 727 2845 factum
758 2808 954 2853 videmus,
987 2807 1080 2846 ibid.
1116 2809 1136 2858 §
1171 2819 1235 2854 ια,
1259 2826 1275 2841 «ι
1296 2816 1337 2845 ut
1363 2807 1570 2846 decemviri
1594 2822 1697 2846 sacra
1726 2847 1730 2849 s
