1686 3500
153 124 246 170 578
443 91 446 94 ’
483 120 592 165 -An
625 119 974 166 s1ssYL1,1Nos
1008 118 1224 165 munos

309 223 394 277 Τρὶς
413 221 449 262 δὲ
463 221 680 277 τριηκοσίους
699 222 758 262 καὶ
776 222 1036 277 τεσσαράκοντα
1054 220 1112 261 καὶ
1129 220 1222 261 ὀκτὼ

307 287 513 342 Πληρώσεις
522 286 743 331 λυκάὸαντας
751 316 762 336 ,
779 284 862 326 ὅταν
875 286 929 326 σοὶ
945 287 1110 340 δύσμορος
1124 285 1189 338 ἥξῃ

302 354 418 406 Μοῖρα
440 351 626 404 βιαζομένῃ
638 382 649 401 ,
668 351 745 390 τεὸν
761 351 893 404 οὔνομα
908 349 1139 403 πληρώσασα.

138 418 470 468 Statimque-voto
490 416 644 454 minime
661 415 918 462 dissimulato,
937 429 972 453 v.
991 415 1077 461 151,
1099 427 1181 466 sqq.
1201 427 1212 452 τ

300 479 350 521 Οἵ
363 495 423 532 μοι
439 479 507 531 ἐγὼ
525 478 729 532 τριτάλαινα
743 509 754 527 ,
768 479 846 518 πότ’
866 479 997 533 ὄψομαι
1013 473 1111 531 ἦμαρ
1128 480 1238 517 ἐκεῖνο
1247 507 1261 528 ,

302 545 386 585 Σείό
402 559 505 591 ποτε,
521 542 668 595 Ῥώμη,
685 550 772 582 πᾶσι
789 544 824 583 δὲ
845 544 996 596 μάλιστα
1019 543 1179 587 Λατίνοις
1195 556 1206 594 ;

197 611 261 650 Vis
279 609 327 648 ab
352 608 534 648 Antonini
564 609 620 647 Pii
650 608 887 660 temporibus
916 608 963 646 ad
990 609 1141 646 tertium
1162 620 1249 646 aerae
1273 615 1416 646 nostrae
1432 607 1616 646 saecqum

142 674 461 728 progrediamur?
476 673 614 712 Adhuc
635 674 773 712 saeculo
792 674 925 722 tertio,
945 671 1176 723 Sibyllistam
1203 671 1390 711 librorum
1416 673 1467 712 VI
1484 682 1522 711 et
1548 674 1615 711 VII

143 740 197 788 ita
220 740 489 779 vociferantem
509 738 688 777 adversus
708 740 896 778 Romanos
917 737 1070 786 audias,
1088 736 1155 778 lib.
1178 737 1260 786 vn,
1281 751 1319 778 v.
1344 738 1430 786 108,
1451 751 1532 789 sqq.
1551 749 1562 777 t

300 802 424 855 Ῥώμη
439 802 698 856 καρτερόθυμε,
720 802 946 850 Μακηδονίην
965 802 1053 853 μετὰ
1074 802 1205 854 λόγχην

298 865 498 919 Ἀστράψεις
518 867 550 911 ἐς
569 866 754 918 Ὄλυμπον
766 879 776 889 ”
793 867 881 910 Θεὸς
896 866 932 905 δι’
949 882 987 905 σε
1006 866 1154 917 πάμπαν
1175 865 1329 906 ἄπυστον

297 931 466 979 Ποιήσει,
483 930 612 971 ὁπόταν
632 930 752 983 δοκέῃς
774 930 861 970 πολὺ
881 936 1041 984 κρεῖσσον
1060 931 1094 975 ἐς
1109 930 1210 983 ὄμμα

293 994 445 1048 Ἓδραία
459 994 612 1047 μίμνειν.
632 995 722 1033 Τότε
742 1010 796 1033 σοι
814 998 955 1033 τοιαῦτα
975 994 1112 1047 βοήσω,

298 1058 498 1111 Ὀλλυμένη
517 1057 642 1112 φθέγξῃ
663 1059 821 1111 λαμπρὸν
841 1056 896 1096 ὅτε
914 1058 1114 1111 μαρμάρεόν
1132 1059 1182 1096 τε.

296 1122 450 1176 Δεύτεροί
470 1139 546 1170 σοι,
563 1121 702 1172 ‘Parum
721 1122 841 1173 με’λλω
861 1122 948 1160 πάλι
968 1122 1109 1173 δεύτερα
1129 1127 1271 1175 φωνεῖν.

194 1193 250 1229 Ac
268 1202 316 1226 ne
333 1187 421 1225 libri
435 1187 588 1238 quidem
609 1188 726 1237 paulo
743 1188 973 1225 recentiores
991 1196 1029 1225 et
1050 1188 1166 1238 magis
1187 1185 1410 1236 orthodoxi,
1426 1187 1455 1235 I,
1472 1186 1524 1235 II,
1547 1186 1617 1233 III,

136 1258 162 1303 ς
185 1269 215 1301 ι,
242 1265 400 1306 prorsus
418 1265 464 1289 eo
485 1251 569 1290 selle
584 1259 729 1289 carent.
755 1251 816 1290 Sic
833 1252 933 1288 enim
955 1252 1075 1302 legas,
1098 1252 1162 1290 lib.
1182 1252 1217 1297 Ι,
1238 1265 1274 1290 v.
1298 1252 1390 1300 387,
1411 1264 1497 1303 sqq.
1523 1265 1532 1290 2

294 1315 419 1356 Ἔνθεν
436 1315 516 1355 ὅταν
534 1315 696 1368 Ἓὸραῐοι
711 1314 752 1354 τὸ
770 1314 875 1354 κακὸν
897 1314 991 1367 Οέρος
1008 1314 1215 1364 ἁμήσωνται
1227 1344 1237 1363 ,

295 1379 433 1420 Πολλὸν
454 1380 484 1418 δ’
505 1372 548 1418 «3
566 1379 694 1432 χρυσόν
709 1395 748 1418 τε
764 1379 820 1418 καὶ
838 1377 985 1432 ἄργυρον
1004 1378 1211 1423 ἐξαλαπάξει

238 1435 241 1437 .
294 1442 483 1495 Ῥωμαίων
502 1442 671 1495 βασιλεύς.
693 1442 793 1482 Μετὰ
809 1443 838 1481 δ’
856 1436 899 1480 αὖ
917 1439 1115 1494 βασιληΐδες
1131 1443 1236 1481 ἄλλαι

297 1509 475 1561 Συνεχέως
490 1508 649 1547 ἔσσονται
661 1508 909 1560 ἀπολλυμένων
928 1509 1111 1560 βασιλειῶν
1124 1537 1137 1556 ,

294 1575 366 1615 Καὶ
384 1574 543 1628 Ολίψουσι
563 1573 715 1629 βροτούς.

140 1642 191 1683 Et
208 1640 278 1681 lib.
296 1641 366 1691 111,
387 1654 422 1680 v.
443 1640 506 1687 51,
527 1654 611 1692 sqq.
634 1652 645 1679 z

296 1705 368 1746 Καὶ
385 1704 463 1745 τότε
479 1704 637 1745 Λατίνων
659 1702 895 1757 ἀπαραίτητος
909 1701 1014 1756 χόλος
1031 1703 1164 1756 ἀνδρῶν
1176 1732 1190 1755 ,

297 1772 400 1823 Τρεῖς
413 1768 558 1820 Ῥώμην
577 1770 698 1822 οἶκτρῇ
720 1767 824 1822 μοίρῃ
846 1767 1163 1816 καταδηλήσονται.

193 1836 295 1886 Ergo
326 1835 454 1873 nullus
478 1848 586 1886 paene
611 1843 668 1873 est
695 1833 904 1885 SIbleinus
934 1833 1044 1881 liber,
1079 1832 1251 1885 exceptis
1280 1833 1476 1873 Prooemio
1496 1842 1533 1872 et
1562 1834 1608 1872 ti·-

138 1901 214 1940 bro
243 1902 356 1948 VIII,
379 1904 399 1948 S
430 1913 465 1947 α,
495 1901 531 1947 3,
565 1904 601 1947 4,
629 1907 667 1938 et
688 1912 839 1951 semper
868 1908 975 1937 extra
1003 1898 1175 1937 ordinem
1200 1898 1386 1950 ponendis
1411 1898 1517 1936 libris·
1536 1898 1612 1937 XI-

138 1967 238 2013 xlv,
266 1966 331 2018 qui
362 1979 439 2003 non
460 1965 641 2003 adversus
668 1965 860 2003 Romanos
884 1964 1013 2014 aliquo
1034 1964 1081 2002 sit
1105 1963 1195 2001 odio
1217 1964 1375 2003 tinctus.
1404 1964 1496 2003 Inde
1524 1977 1612 2002 cer.-

142 2031 281 2070 tissime
300 2030 452 2081 colligas
477 2031 622 2080 (neque
651 2029 753 2067 enim
773 2029 981 2080 quidquam
1010 2029 1228 2080 apertius),
1245 2028 1500 2080 plurimorum
1529 2038 1611 2066 tum

138 2095 350 2134 viventium
371 2094 675 2151 Christianorum
701 2094 787 2145 quis
809 2094 923 2132 suerit
941 2107 1094 2144 sensns,
1125 2094 1210 2144 quis
1235 2093 1412 2134 affectus.
1446 2094 1538 2133 Nam
1572 2101 1609 2131 et

138 2159 341 2211 Sibyllistae
361 2159 440 2196 sere
457 2171 589 2197 omnes
604 2158 657 2196 ita
675 2171 843 2205 sensere,
867 2167 904 2196 et
923 2171 1054 2197 sensus
1071 2159 1305 2209 affectusque
1325 2171 1403 2196 non
1417 2171 1505 2196 suos
1526 2167 1609 2195 tnn-

139 2234 217 2264 tum
232 2223 520 2276 expromebant,
532 2223 597 2262 sed
613 2222 791 2261 videficet
806 2237 938 2261 eorum
954 2236 1108 2274 quoque
1124 2237 1144 2261 e
1160 2235 1323 2274 quorum
1337 2236 1499 2261 numero
1515 2236 1608 2274 pro-

139 2289 288 2328 dierant
308 2295 346 2326 ct
368 2301 389 2325 a
409 2286 550 2337 quibus
567 2286 638 2337 legi
657 2287 882 2338 cupiebant.

188 2354 348 2393 Multum
365 2354 439 2391 boc
461 2353 685 2392 Christianis
703 2353 792 2404 ipsis
806 2354 999 2399 nocuisse,
1015 2361 1051 2391 et
1069 2352 1398 2404 persecutionibus
1417 2365 1608 2392 renovan-

138 2418 196 2457 dis
216 2419 452 2456 occasionem
473 2416 693 2468 praebuisse,
717 2417 801 2469 quis
828 2418 969 2468 neget?
989 2417 1185 2456 Neminem
1202 2415 1344 2455 latebat
1363 2417 1455 2467 quid
1473 2417 1609 2455 inesset

135 2484 174 2521 in
192 2483 238 2521 iis
255 2482 418 2533 scriptis,
437 2481 608 2532 quotidie
625 2481 724 2519 intra
743 2482 895 2520 illorum
914 2482 1112 2520 hominum
1129 2482 1395 2520 conventicula
1411 2482 1608 2533 pullulan-

138 2547 262 2595 tibus,
290 2555 471 2597 tantoque
499 2546 601 2597 apud
639 2546 743 2598 ipsos
769 2548 807 2584 in
835 2547 958 2598 pretio
991 2547 1154 2596 habitis,
1189 2555 1230 2584 ut
1259 2560 1302 2585 ea
1337 2560 1413 2583 non
1442 2547 1608 2596 legerent

135 2613 263 2660 modo,
287 2611 352 2649 sed
375 2620 411 2649 et
430 2612 647 2649 memoriter
672 2612 884 2650 ediscerent
909 2622 945 2650 et
965 2613 1002 2649 in
1026 2611 1167 2650 scholis
1186 2612 1383 2650 dictarent.
1407 2613 1530 2650 Porro
1551 2610 1607 2648 ibi

133 2693 202 2732 per
219 2679 388 2730 singulas
407 2691 513 2729 paene
533 2678 690 2729 paginas
706 2678 834 2716 multis
853 2678 1028 2716 versibus
1041 2677 1201 2716 Romani
1217 2678 1366 2730 imperii
1387 2687 1500 2729 atque
1520 2678 1606 2715 uni-

132 2744 230 2783 versi
268 2742 373 2781 orbis
401 2751 586 2780 terrarum
616 2743 803 2793 pernicies
840 2742 972 2780 ultima
1010 2741 1288 2793 praedicebatur
1301 2770 1312 2789 ‚
1353 2743 1429 2780 imo
1466 2742 1607 2794 saepius

130 2808 334 2861 optabatur
347 2839 358 2856 ‚
388 2806 647 2846 invocabatur.
673 2809 806 2846 Annon
841 2807 915 2845 hoc
947 2817 1027 2845 erat
1062 2820 1193 2845 eorum
1214 2820 1366 2845 causam
1398 2820 1510 2858 agere
1538 2805 1606 2856 qui
