1752 3495
682 138 983 183 EXCURSUS
1015 138 1094 182 111.
1208 190 1211 196 ¹
1444 164 1451 174 =
1510 142 1593 188 231

147 256 166 282 e
192 236 381 290 Sibyllinis
423 234 529 274 libris
564 234 807 285 des'umptum
823 263 834 282 ‚
872 248 959 273 cum
983 235 1301 286 interpretatione
1338 236 1604 288 qualicumque

147 302 286 354 collegii
301 330 311 348 ,
330 299 378 339 ad
396 307 567 339 senatum
589 311 670 338 esse
688 298 868 338 delatum.
888 299 998 345 Quod
1019 298 1174 350 perinde
1196 299 1276 338 fere
1295 300 1458 352 agebant
1484 300 1606 340 libro-

148 382 223 408 rum
237 368 465 416 interpretes
478 389 489 410 ‚
506 370 548 400 ut
567 363 607 403 in
624 363 770 402 Graecia
789 363 965 415 Delphici
984 365 1042 401 vel
1061 364 1229 415 cujusvis
1248 366 1390 402 oraculi
1411 367 1601 419 ὑποφῆται,

147 432 206 484 qui
225 443 270 468 ex
286 428 455 466 confusis
473 427 620 477 Pythiae
639 426 891 475 clamoribus,
911 427 970 466 vel
994 427 1153 478 tripodis
1169 427 1240 465 sub
1266 428 1410 467 cortina
1427 430 1580 468 fremitu
1593 457 1603 474 ,

148 497 197 535 vel
218 492 314 532 antri
345 491 508 543 mugitu,
531 490 590 529 vel
623 491 802 529 foliorum
828 500 894 529 aut
924 504 1109 543 aquarum
1128 505 1309 538 susurro,
1328 501 1522 543 exceptam
1543 493 1602 531 dei

147 568 299 600 mentem
339 557 378 594 in
420 556 632 594 humanum
672 570 885 595 sermonem
922 555 1210 595 convertebant.
1246 557 1356 595 Brevi
1391 566 1517 595 autem
1554 557 1602 595 ab

148 623 262 663 inutili
285 619 414 659 labore
442 618 667 657 destiterunt
697 621 811 658 anxie
831 633 900 671 per
928 619 1048 659 libros
1077 620 1269 671 quaerendi
1298 620 1334 658 id
1366 621 1469 671 quod
1490 633 1538 658 ex
1557 621 1603 659 iis.

148 687 290 727 minime
327 692 480 735 poterat
510 683 651 734 educi;
681 694 865 736 praetcrea
888 686 1100 736 periculum
1126 694 1231 732 erat,
1258 699 1306 723 ne
1327 685 1442 723 nimia
1462 693 1604 723 tracta·-

150 753 242 790 tione
271 748 357 786 libri
378 748 475 799 ipsi,
496 747 658 786 obsoleti
683 748 763 799 jam
788 756 826 787 et
851 749 1055 800 decrepiti,
1081 750 1200 801 magis
1233 749 1429 800 magisque
1452 749 1602 787 detere-

148 823 278 853 reutur.
305 812 436 862 ltaque
464 811 701 849 commodius
722 821 759 850 et
783 813 898 850 tutius
922 813 1043 850 visum
1075 822 1133 851 est
1162 826 1239 850 non
1255 813 1336 864 jam
1357 813 1518 864 eligere,
1537 813 1601 851 sed

147 877 260 918 sortiri
288 889 428 922 versus,
458 875 526 926 qui
559 875 697 914 deinde
726 876 1046 927 interpretatione
1076 877 1346 928 qualicumque
1365 877 1413 915 ad
1440 891 1604 928 praesens

148 942 323 994 negotium
347 948 580 991 aptarentur.
604 941 688 987 Qua
706 940 742 977 in
767 954 807 978 re
826 941 919 978 nihil
935 941 1026 979 novi
1045 941 1312 993 excogitabant
1327 942 1601 992 Sibyllinorum

151 1010 384 1057 interpretes;
413 1005 478 1043 sed
517 1005 755 1055 frequentem
784 1006 822 1042 in
853 1006 986 1044 ceteris
1007 1007 1169 1044 oraculis
1201 1020 1308 1044 usum
1329 1006 1600 1057 sequebantur,

155 1072 312 1121 adeoque
333 1082 589 1117 communem,
610 1078 651 1106 ut
670 1082 768 1121 saepe
785 1080 916 1115 sortes,
936 1070 1025 1108 inde
1042 1071 1205 1122 petitum
1225 1071 1401 1121 verbum,
1421 1085 1490 1122 pro
1511 1084 1601 1108 ora-

155 1137 230 1174 culo
248 1134 380 1185 quovis
401 1133 580 1170 usitatum
606 1133 790 1183 reperias,
815 1133 987 1171 crebrius
1010 1144 1133 1172 autern
1152 1134 1188 1171 in
1210 1149 1255 1172 eo
1276 1135 1521 1173 divinationis
1541 1132 1614 1185 ge-'

154 1213 232 1238 nere.
270 1197 372 1248 quod
404 1210 473 1246 per
500 1196 621 1233 libros
655 1210 721 1233 seu
759 1197 938 1234 fatidicos
973 1211 1038 1235 seu
1074 1197 1277 1245 cujuslibet
1300 1198 1451 1249 generis
1480 1197 1604 1236 fiebat.

155 1264 234 1311 Quis
251 1262 347 1300 enim
374 1261 522 1312 ignorat
543 1269 664 1298 sortes
689 1261 909 1299 Homericus
936 1270 973 1299 et
991 1261 1241 1313 Virgilianos?
1259 1263 1431 1312 Eumque
1459 1275 1602 1299 moreni
1641 1303 1644 1308 Δ

154 1328 261 1366 medio
284 1340 385 1373 aevo,
415 1326 563 1376 quoties
587 1325 634 1362 de
668 1339 708 1363 re
740 1327 883 1364 incerta
916 1327 1210 1376 consulebatur,
1235 1326 1280 1363 ad
1310 1316 1609 1383 sanctos⁸etianr

152 1391 430 1430 Christianorum
448 1388 568 1427 libros
586 1390 808 1427 translatum
823 1390 949 1439 fuisse,
963 1404 1076 1428 nemo
1090 1391 1220 1432 nescit.
1239 1392 1294 1429 De
1311 1390 1506 1441 Sibyllinis
1521 1390 1603 1442 qui-

153 1456 222 1493 dem
242 1453 404 1493 sortibus
428 1453 614 1491 disertum
635 1461 693 1492 est
711 1454 854 1504 Virgilii
875 1455 1149 1503 testimonium,
1174 1455 1261 1493 AEn.
1285 1455 1352 1504 Vl,
1369 1469 1403 1493 v.
1422 1469 1485 1504 72,
1504 1469 1560 1506 sq.
1588 1469 1598 1495 :

288 1519 356 1556 llic
376 1532 448 1569 ego
467 1532 631 1569 namque
649 1527 731 1556 tuas
756 1528 890 1567 sortes,
911 1533 1126 1570 arcanaque
1144 1520 1219 1557 fata

287 1583 395 1621 Dicta
412 1595 504 1620 meae
518 1583 622 1633 genti
646 1596 798 1634 ponam.

194 1647 364 1685 Videlicet
383 1661 427 1685 ea
443 1648 605 1695 sortitio,
619 1657 802 1698 quantum
820 1646 1012 1698 conjicere
1025 1661 1239 1699 possumus,
1254 1661 1383 1686 coram
1403 1648 1600 1698 frequente

153 1711 289 1763 collegio
306 1711 438 1758 fiebat;
460 1711 600 1749 deinde
618 1725 747 1750 versus
772 1720 874 1749 sorte
893 1711 997 1749 ducti
1022 1711 1204 1749 ministris
1222 1711 1501 1762 interpretandi
1523 1720 1597 1749 tra-

153 1775 334 1824 debantur,
355 1776 406 1813 ita
427 1784 554 1814 tamen
574 1784 617 1813 ut
638 1777 744 1827 prius
765 1777 864 1814 inter
887 1776 990 1827 ipsos
1010 1784 1048 1814 et
1071 1777 1272 1827 magistros
1291 1777 1532 1814 convenisset
1551 1776 1599 1815 dc
1650 1789 1657 1797 ·

153 1839 453 1890 interpretatione.
488 1840 623 1879 Totius
655 1840 756 1877 enim
799 1840 946 1890 collegii
986 1839 1168 1877 intererat
1205 1840 1440 1877 caerimonias
1475 1840 1596 1878 aliave

155 1912 319 1955 praecepta
339 1904 489 1943 definiri
512 1918 597 1956 quae
619 1904 791 1955 responsi
809 1904 1004 1942 materiam
1027 1912 1064 1941 et
1083 1904 1191 1954 quasi
1219 1917 1360 1955 corpus
1382 1905 1597 1951 efiicerent3

155 1968 306 2006 ministris
327 1969 495 2007 curanda
513 1969 798 2020 relinquebatur
818 1969 963 2006 oraculi
983 1970 1120 2016 forma,
1139 1968 1269 2019 graecis
1290 1968 1453 2019 primum
1475 1969 1595 2007 inelu—

155 2031 257 2070 denda
286 2032 484 2085 versibus,
526 2034 664 2072 deinde
696 2034 734 2071 in
768 2033 927 2072 latinum
959 2032 1140 2071 vertenda
1181 2046 1395 2072 sermonem
1421 2045 1431 2072 t
1464 2033 1596 2072 confer

155 2108 264 2145 supra,
282 2110 364 2148 cap.
385 2103 442 2141 ¹4·
1218 2146 1223 2148 ‚

197 2158 246 2195 Ad
262 2159 336 2197 hzec
353 2174 481 2198 rursus
496 2160 631 2211 aliquis
647 2160 878 2198 exclamabit
899 2173 908 2199 t
926 2161 1118 2206 Quorsum
1135 2158 1208 2197 illae
1219 2158 1409 2210 ambages,
1430 2159 1460 2197 si
1478 2159 1592 2197 verba

156 2228 279 2260 tantum
314 2224 467 2262 fortuita
506 2238 528 2263 e
564 2224 696 2263 codice
723 2224 911 2275 Sibyllino
939 2224 1199 2272 eruebantur,
1231 2237 1336 2261 mens
1375 2237 1467 2261 vero
1503 2236 1592 2261 ver-

155 2283 272 2323 borum
307 2287 477 2338 ipsorum
509 2288 667 2339 publico
708 2302 892 2339 responso
929 2289 1085 2326 minime
1124 2287 1383 2325 reddebatur?
1413 2288 1462 2326 Et
1501 2287 1593 2338 quid

154 2361 234 2398 opus
249 2360 324 2389 erat
342 2352 520 2403 Sibyllini
539 2353 719 2391 carminis
741 2353 906 2404 aliquam
929 2352 1057 2390 sortiri
1073 2352 1312 2403 particulam,
1330 2351 1437 2402 cujus
1459 2350 1595 2389 deinde

155 2414 312 2453 sententia
330 2416 517 2468 susdeque
539 2418 723 2463 ferretur,
747 2430 864 2467 quum
895 2416 942 2454 ad
971 2416 1251 2455 conficiendum
1277 2416 1419 2454 oraculi
1439 2416 1594 2463 simula-

154 2487 239 2513 crum
258 2479 331 2516 sola
349 2480 609 2519 ministrorum
632 2494 729 2518 vena
754 2481 840 2531 plus
866 2481 989 2518 minus
1018 2481 1167 2531 poetica
1186 2480 1405 2518 sufficeret?
1426 2474 1501 2519 Nec
1525 2494 1595 2518 nos

155 2539 298 2586 speciose
311 2542 382 2581 hoc
393 2543 509 2595 objici
524 2544 761 2596 negabimus.
777 2544 876 2582 Illud
889 2553 1013 2582 tamen
1028 2544 1346 2581 considerandum
1364 2553 1431 2591 est,
1443 2543 1593 2581 decem-

154 2601 252 2641 virale
277 2618 338 2644 seu
373 2607 555 2646 XVvirale
593 2608 797 2658 collegium
834 2608 982 2659 legibus
1010 2609 1226 2646 institutum
1259 2608 1373 2645 fuisse
1402 2607 1596 2657 Sibyllinae

156 2663 228 2703 fidei
255 2671 507 2710 custodiendae
539 2685 676 2718 causa;
708 2672 815 2722 cujus
832 2671 919 2710 ideo
944 2671 1106 2723 dignitas
1130 2671 1252 2709 omnis
1270 2679 1305 2709 et
1324 2671 1528 2709 auctoritas
1549 2684 1593 2709 ex
1650 2671 1656 2677 “

155 2724 286 2768 illorum
299 2732 479 2773 librorum
508 2736 688 2787 religione
707 2735 920 2787 pendebat,
938 2745 1141 2787 utcumque
1160 2735 1366 2784 servanda,
1388 2735 1516 2773 saltem
1537 2735 1591 2772 lu-

156 2788 263 2830 dibrio
287 2798 434 2836 minime
464 2799 638 2838 habenda
671 2813 739 2838 nec
757 2800 869 2850 justis
903 2800 1101 2838 hominum
1135 2798 1438 2838 cavillationibus
1469 2812 1585 2849 expo-
