1752 3495
180 206 238 250 38
557 206 632 248 ΑΙ)
666 204 1008 249 SlBYLLlNOS
1042 206 1096 249 Ll
1107 205 1247 248 BROS

176 311 286 341 sonat
318 301 514 353 epitheton
555 300 669 352 hujus
694 300 847 351 Sibyllae
871 315 880 337 τ
915 302 979 339 sed
1010 301 1057 339 de
1088 302 1188 352 ipsa,
1223 309 1360 352 praeter
1397 313 1627 352 cognomen,

176 365 267 403 nihil
289 366 326 403 in
343 364 463 402 allatis
487 364 707 402 auctoribus
728 363 966 415 reperimus3
991 378 1060 402 nec
1078 364 1231 402 aliunde
1250 363 1460 402 subsidium
1483 365 1627 416 sperari

174 437 341 480 poterat,
359 429 431 466 nisi
452 429 609 466 feliciter
624 427 831 465 adfuissent
850 427 995 465 Nicolai
1016 429 1239 467 Damasceni
1266 429 1475 478 fragmenta
1494 441 1514 466 a
1534 430 1631 468 Pei-

173 492 292 530 rescio
311 501 470 540 servata,
486 493 524 529 in
544 490 681 542 quibus
699 490 777 527 haec
801 490 996 541 leguntur,
1014 504 1051 542 p.
1071 493 1159 539 454,
1179 492 1237 529 ed.
1259 505 1317 543 pr.
1340 504 1349 530 :
1368 490 1454 529 ‘ou
1471 492 1592 544 Κῦρος,
1612 495 1630 531 ὁ

173 555 318 606 Περσῶν
339 553 509 606 βασιλεὺς,
525 549 565 600 ἦν
586 552 802 604 φιλοσοφίας,
822 553 851 590 εἷ
874 553 932 591 καί
951 569 1003 597 τις
1019 555 1120 597 ἄλλος
1136 583 1146 601 ,
1166 554 1376 608 ἔμπειρος....
1397 553 1432 596 ὃς
1450 554 1508 592 καὶ
1529 570 1630 605 μετε-

169 617 332 670 πέμψατο
362 617 536 658 Σίὸυλλαν
565 615 598 672 ἐξ
627 614 774 667 Ἐφέσου
792 616 855 662 τὴν
875 616 1065 671 Ἧροφίλαν
1096 616 1176 671 [sic]
1208 618 1425 669 καλουμένην
1456 632 1629 672 χρησμῳ-

169 681 241 729 δόν,
258 691 295 721 et
314 683 424 732 infra,
449 696 483 732 p.
502 681 575 725 458
596 694 605 716 :
623 679 772 732 Κροίσου
788 678 823 717 δὲ
843 681 1077 725 ἐπιΰαίνοντος
1093 683 1178 733 αὐτῇ
1202 680 1258 735 [τῇ
1279 680 1400 736 πυρῇ,
1427 699 1435 706 ·
1471 681 1628 720 Σίὸυλλα

168 747 264 800 ὤφθη
283 746 351 785 ἀπό
366 761 453 788 τινος
469 745 601 797 ὑψηλοῦ
619 744 746 795 χωρίου
761 744 1031 792 καταὸαίνουσα,
1052 744 1110 782 ἵνα
1128 746 1185 782 καὶ
1209 745 1295 792 αὐτὴ
1317 746 1371 798 ἴδῃ
1392 746 1434 783 τὰ
1452 745 1628 796 γινόμενα.

168 809 270 862 Ταχὺ
287 809 321 849 δὲ
343 813 439 861 θροῦς
457 802 540 855 ἦλθε
556 807 611 845 διὰ
627 810 686 845 τοῦ
706 807 848 858 ὁμίλου,
868 807 920 846 ὅτι
935 812 956 855 ἡ
977 809 1184 862 χρησμῳδὸς
1200 807 1292 857 ἥκει,
1314 811 1372 847 καὶ
1390 811 1423 847 ἐν
1438 808 1628 862 προσδοκίᾳ

167 875 290 917 πάντες
315 874 488 925 ἐγένοντο,
507 871 538 910 εἴ
553 887 587 909 τι
610 871 694 924 πρὸς
720 871 763 909 τὰ
778 871 934 925 παρόντα
960 873 1117 911 θειάσειε.
1141 872 1211 911 Καὶ
1229 872 1303 922 μετ’
1323 876 1361 911 οὐ
1388 872 1476 910 πολὺ
1495 873 1627 911 ἔντονόν

167 954 201 976 τι
218 937 431 991 φθεγξαμένη
451 940 531 990 βοᾷ,

319 996 370 1040 ⁷1).
387 1002 520 1052 μέλεοι,
537 1001 569 1039 τί
587 1001 741 1039 σπεύδεθ’
758 1000 778 1038 ἃ
799 1001 846 1051 μὴ
866 1000 961 1052 θέμις
974 1016 981 1024 ·
1003 1003 1041 1039 οὐ
1063 1003 1128 1053 γὰρ
1148 1001 1243 1039 ἐάσει

321 1065 403 1108 Ζεὺς
427 1065 553 1107 ὕπατος
568 1095 577 1112 ,
594 1063 726 1107 ψοῖῧός
736 1079 772 1102 τε
787 1093 797 1114 ,
818 1064 877 1103 καὶ
894 1067 911 1102 ὁ
931 1064 1052 1108 κλυτὸς
1070 1064 1290 1117 Ἀμφιάραος.

321 1128 424 1168 Ἀλλά
439 1128 473 1179 γ’
493 1129 584 1178 ἐμῶν
599 1128 709 1166 ἐπέων
727 1128 877 1165 πείθεσθ’
893 1127 1056 1181 ἀψευδέσι
1074 1134 1246 1180 χρησμοῖς
1260 1157 1273 1175 ,

320 1192 379 1238 Μὴ
402 1192 506 1230 κακὸν
525 1186 617 1230 οἶτον
637 1192 770 1230 ὄλοισθε
784 1191 895 1242 παρὲκ
913 1194 1004 1231 Θεοῦ
1026 1192 1257 1245 ἀφραίνοντες.

161 1260 273 1310 Κῦρος
287 1258 317 1296 δ’
333 1255 481 1299 ἀκούσας
502 1255 658 1294 ἐκέλευσε
675 1255 734 1294 τὸν
753 1256 911 1309 χρησμὸν
936 1257 1119 1307 διενεγκεῖν
1137 1262 1208 1300 τοῖς
1223 1256 1398 1309 Πέρσαις,
1420 1259 1466 1300 ὥς
1486 1256 1624 1302 ἐξευλα-

161 1322 292 1369 &noua
312 1321 529 1374 ἁμαρτάνειν.
551 1322 596 1360 Οἱ
625 1320 660 1358 δὲ
683 1319 728 1358 δι’
757 1320 904 1367 ὑποψίας
930 1320 1095 1371 γίνονται,
1120 1322 1167 1365 ὥς
1197 1320 1544 1372 κατεσκευασμένης,
1566 1320 1624 1360 ἵνα

161 1385 300 1430 σώζοιτο
321 1388 474 1438 Κροῖσος.
496 1385 541 1424 Ὁ
567 1385 595 1422 δ’
617 1383 684 1431 ἤδη
706 1384 762 1422 ἐπὶ
780 1386 842 1430 τῆς
855 1390 964 1437 πυρᾶς
981 1387 1156 1432 καθῆστο,
1174 1400 1208 1424 κ.
1225 1400 1257 1424 τ.
1282 1386 1314 1424 λ.
1336 1385 1458 1435 Cyrus
1480 1385 1621 1436 igitur,

161 1451 191 1488 si
211 1450 369 1489 Nicolao
386 1449 497 1497 fides,
526 1448 655 1487 audita
687 1447 839 1498 Sibyllae
867 1449 987 1499 fama,
1008 1449 1160 1499 Epheso
1190 1462 1272 1487 eam
1296 1450 1482 1488 acciverat
1508 1463 1515 1488 z
1539 1463 1625 1501 quae

161 1527 276 1564 quum
292 1542 303 1560 ‚
322 1522 363 1550 ut
383 1514 549 1562 videtur,
571 1513 668 1563 regis
694 1513 817 1550 Persae
836 1520 958 1550 castra
975 1522 1197 1562 sequeretur
1210 1541 1221 1560 ,
1239 1526 1403 1563 cumque
1423 1527 1469 1551 eo
1489 1513 1626 1552 Sardes

160 1586 288 1628 captas
304 1578 470 1628 ingressa
491 1585 598 1623 esset,
621 1577 752 1614 Croeso
765 1575 845 1626 jam
868 1589 1000 1626 pyram
1021 1576 1171 1614 fatalem
1190 1576 1383 1615 scandenti
1401 1590 1624 1615 succurrere

159 1642 300 1688 voluit,
323 1642 413 1680 dato
434 1641 634 1680 confestim
654 1642 832 1687 oraculo,
856 1654 932 1678 non
953 1653 1129 1691 passuros
1155 1641 1254 1678 istud
1277 1642 1511 1693 supplicium
1532 1641 1626 1679 deos

158 1719 330 1756 superos,
354 1706 427 1744 Sed
437 1706 539 1756 Cyro
551 1706 597 1743 ad
609 1705 820 1743 exercitum
841 1705 1041 1751 referente,
1056 1705 1179 1742 Persis
1191 1706 1346 1743 oraculo
1367 1706 1476 1742 fidem
1498 1705 1623 1743 detre-

156 1769 358 1815 ctantibus,
375 1769 547 1807 abiturus
567 1777 648 1807 erat
667 1769 780 1806 miser
797 1769 833 1806 in
851 1769 1032 1816 flammas,
1052 1768 1123 1806 nisi
1143 1777 1301 1819 repente
1321 1768 1444 1807 imber
1463 1769 1510 1807 de
1531 1770 1623 1807 caelo

157 1835 284 1884 lapsus
301 1848 432 1885 rogum
453 1835 714 1879 exstinxisset,
744 1834 923 1885 Cyroque
954 1843 1103 1885 tempus
1132 1842 1169 1872 et
1189 1834 1427 1872 occasionem
1458 1835 1624 1873 dedisset

155 1898 372 1949 ignoscendi
386 1898 486 1936 victo
506 1899 595 1949 regi.
614 1900 700 1937 ssaec
718 1898 895 1937 Nicolaus
910 1899 1190 1947 bri-nascentis,
1206 1908 1362 1950 accepta
1383 1899 1557 1938 videlicet
1574 1900 1622 1938 ab

155 1962 367 2012 antiquiore
386 1963 592 2014 scriptore,
617 1963 716 2001 unde
737 1977 814 2001 non
842 1962 1064 2001 dubitamus
1092 1963 1247 2013 Sibyllae
1266 1964 1460 2002 Sardianae
1483 1978 1622 2003 nomen

155 2035 281 2063 ortum
300 2040 380 2065 esse
396 2036 432 2064 et
449 2028 599 2067 famam.
617 2028 840 2078 Quanquam
864 2027 1028 2078 Ephesia
1045 2028 1173 2079 potius
1191 2028 1352 2066 (licenda
1367 2039 1460 2077 erat,
1476 2031 1620 2081 quippe

160 2090 306 2140 Epheso
318 2091 499 2129 accersita
522 2105 530 2128 :
551 2091 617 2129 sed
640 2105 686 2129 ne
699 2091 862 2141 Ephesia
881 2091 1059 2142 quidem5
1078 2104 1164 2129 nam
1185 2092 1307 2131 Samia
1323 2094 1463 2140 verius,
1480 2095 1620 2145 quippe

154 2155 287 2192 Samiae
317 2169 423 2206 paene
448 2168 591 2206 suppar
619 2164 658 2193 et
687 2156 775 2193 satis
802 2155 936 2193 vicina.
970 2155 1093 2205 Ipsam
1122 2165 1243 2194 tamen
1265 2170 1342 2194 non
1366 2171 1451 2194 cum
1477 2160 1616 2209 Samia,

154 2218 218 2256 sed
231 2232 316 2256 cum
338 2219 532 2270 Erythraea
552 2219 767 2269 antiquiore
784 2232 804 2257 a
819 2218 1044 2269 quibusdam
1069 2220 1267 2257 confusam
1289 2234 1368 2258 esse
1394 2232 1525 2260 monet
1545 2225 1620 2262 He-

157 2283 313 2333 ropliilae
330 2297 467 2321 nomen
501 2297 520 2321 a
547 2286 782 2322 Damascene
808 2283 984 2322 inditum.
1011 2284 1150 2334 UtIquc
1174 2285 1380 2322 Pausanias
1395 2315 1404 2332 ‚
1427 2287 1495 2336 qui
1516 2288 1617 2338 Ery-

154 2349 307 2387 thraeam
327 2359 364 2388 et
384 2350 639 2388 Mei-messiam
669 2359 706 2388 et
739 2351 902 2389 Samiam
927 2364 1037 2387 unam
1066 2363 1144 2388 esse
1181 2350 1324 2400 voluit,
1344 2350 1489 2401 quique
1509 2364 1615 2388 suam

152 2414 238 2452 ideo
254 2414 433 2466 Sibyllam
459 2428 528 2466 per
541 2415 665 2452 varias
681 2415 777 2452 Asiae
799 2413 913 2452 urbes
936 2414 1193 2452 circumduxit
1213 2443 1224 2462 ‚
1245 2415 1355 2453 facile
1372 2416 1490 2467 ipsam
1510 2424 1617 2467 pote—

153 2486 242 2516 rate
259 2480 369 2517 Samo
389 2479 522 2524 insula,
540 2478 604 2516 ubi
622 2478 687 2516 diu
710 2479 814 2529 fingit
830 2487 1115 2526 commoratam,
1130 2479 1322 2530 Ephesum
1338 2493 1491 2530 quoque
1503 2490 1615 2530 atque

152 2542 240 2580 inde
263 2543 400 2580 Sardes
419 2543 631 2580 adducere:
647 2542 710 2580 sed
725 2542 772 2580 de
788 2542 969 2580 San-diana
986 2543 1129 2594 Sibylla
1141 2556 1219 2581 non
1239 2543 1392 2581 videtur
1408 2544 1613 2582 Pausanias

151 2607 361 2657 quidquam
383 2607 438 2644 vel
459 2606 648 2644 audivisse
673 2606 728 2644 vel
745 2619 907 2644 curasse.

205 2672 292 2708 ltem
314 2671 498 2721 potuisset
514 2670 593 2717 ille,
614 2683 700 2707 cum
721 2684 787 2708 sua
806 2671 942 2708 comite
958 2670 1121 2717 fatidica,
1137 2670 1315 2708 Rhodum
1335 2669 1539 2721 appellere,
1558 2670 1612 2706 si-

148 2733 301 2784 quidem
334 2734 518 2772 Rhodiam
547 2748 700 2785 quoque
726 2734 907 2785 Sibyllam
931 2747 952 2773 a
971 2734 1200 2785 quibusdam
1229 2742 1474 2772 memoratam
1509 2734 1613 2770 inve-

150 2799 287 2843 nimus,
311 2798 376 2835 sed
397 2811 418 2835 a
433 2798 707 2836 recentioribus
728 2807 885 2846 tantum,
903 2812 1037 2849 nempe
1053 2799 1092 2837 in
1113 2799 1302 2837 Chronico
1318 2797 1510 2843 Paschali,
1526 2798 1610 2836 loco

150 2862 197 2899 de
220 2861 369 2912 sibyllis
387 2863 465 2913 jam
491 2863 657 2910 laudatn,
679 2872 715 2900 et
736 2863 836 2914 apud
866 2863 1040 2911 Suidam,
1060 2862 1149 2911 ubi,
1174 2864 1239 2902 sed
1263 2877 1338 2900 uno
1365 2863 1502 2912 vei-bo,
1522 2876 1606 2901 cum
