1686 3500
575 115 578 119 ·
627 111 927 157 Excunsns
962 112 1094 178 vi„
1352 161 1359 171 ζ
1435 114 1538 161 -579

64 213 304 254 Christianos
332 219 513 264 tanquam
533 209 719 263 ,publicos
750 210 898 263 hostes,
920 219 959 250 et
975 211 1131 251 humani
1153 212 1303 264 generis
1324 225 1480 264 osores,
1500 214 1539 254 in

60 281 126 333 jus
150 277 374 317 trahebant?
1116 266 1120 270 ’
1235 289 1239 292 ·

118 345 321 390 Praetcrea,
340 355 459 394 quum
488 340 625 380 horum
654 341 839 392 pleraque
857 341 1121 380 scriberentur
1137 341 1212 381 sub
1231 343 1424 383 Antonino
1443 344 1516 396 Pio
1526 369 1539 393 ,

65 408 254 448 exstincta
271 406 493 447 Judaeorum
529 405 710 455 civitate,
733 418 778 443 ac
797 405 1085 445 dominantibus
1109 406 1312 457 Romanis,
1335 421 1414 460 quo
1432 418 1544 461 pacto

64 472 245 523 conjungi
260 472 341 510 haec
354 479 534 522 poterant
546 483 633 508 cum
647 469 780 508 debito
797 470 963 509 dominis
982 471 1184 523 obsequio,
1197 471 1408 511 secundum
1423 474 1544 524 ipsius

63 536 207 576 Christi
230 544 483 588 praeceptum,
515 533 564 573 de
586 535 785 574 reddendo
802 534 942 574 Caesari
962 536 1066 587 quod
1087 544 1145 575 est
1172 537 1356 576 Caesaris?
1376 540 1452 577 Aut
1477 537 1543 577 ubi

65 609 301 653 pracceptum
322 599 421 639 illud
442 600 626 647 alterum,
644 599 747 638 bona
773 613 844 651 pro
865 600 972 639 malis
996 600 1258 652 rependendi,
1290 614 1368 653 quo
1397 602 1471 655 ipsi
1502 615 1542 642 se

60 666 207 718 jactant
226 664 456 716 Christiani,
477 663 577 703 libro
598 666 710 716 vul,
731 678 766 705 v.
784 666 860 704 280
884 677 894 705 ι

222 729 270 770 Οἳ
288 728 394 769 καλὸν
413 728 488 767 ἀντὶ
505 732 614 769 κακοῦ
629 729 879 783 χλευαζόμενοι
896 728 1088 783 πρήξουσι,

223 794 445 846 Τυπτόμενοι
458 823 468 842 ,
489 795 755 847 μαστιζόμεγοι,
776 811 814 836 κ.
829 811 863 836 τ.
878 795 912 834 λ.

117 862 188 906 At,
205 859 306 898 dicet
326 860 466 911 aliquis
478 888 488 907 ,
507 869 616 898 erant
634 860 713 899 haec
730 861 809 913 ipsa
821 889 832 909 ,
850 874 935 912 quae
952 874 1054 899 nunc
1068 859 1275 912 Sibyllistis
1291 859 1545 913 objiciuntur,

63 940 85 965 e
103 926 220 965 sacris
241 925 410 963 fontibus
429 925 558 976 petita.
578 926 640 964 Sic
659 926 758 964 enini
781 925 891 963 divus
910 925 1053 964 Paulus
1074 925 1188 963 modo
1204 925 1244 964 in
1267 927 1425 978 epistola
1445 941 1546 980 qua-s

65 990 152 1029 darn
182 989 385 1028 videbatur
406 991 563 1027 exitium
588 990 746 1028 Romani
775 989 927 1039 imperii
956 997 1135 1040 tanquam
1164 990 1403 1040 proximum,
1437 992 1547 1031 Auti-

64 1056 210 1094 christo
232 1055 432 1106 veniente,
453 1054 616 1092 ominari
633 1069 642 1093 ε
659 1054 794 1093 confer
810 1066 927 1104 supra
943 1066 1029 1105 cap.
1049 1054 1108 1094 16.
1133 1054 1195 1092 Sic
1212 1055 1421 1106 praesertim
1439 1056 1548 1095 divus

63 1121 235 1160 Joannes
258 1121 296 1157 in
316 1119 574 1171 Apocalypsi,
597 1132 687 1170 cap.
712 1132 771 1167 17,
793 1132 830 1157 v.
853 1120 891 1164 6,
912 1119 1069 1157 Romam
1092 1118 1283 1170 designat,
1302 1138 1318 1153 «
1333 1120 1479 1159 ebriam
1499 1122 1547 1160 de

65 1204 82 1220 σι
102 1185 286 1237 sangnine
301 1193 523 1224 sanctorum
543 1192 580 1222 et
602 1183 650 1222 de
665 1183 852 1235 sanguine
870 1192 1081 1234 martyrum
1097 1185 1186 1223 Jesu
1201 1202 1216 1218 υ
1229 1215 1239 1234 ,
1259 1185 1297 1224 et
1311 1186 1427 1236 paulo
1443 1195 1548 1238 post,

65 1264 153 1302 cap.
179 1251 237 1298 18,
253 1263 286 1288 v.
307 1263 345 1297 2,
366 1263 466 1301 sqq„
484 1262 708 1301 supremum
730 1250 848 1287 fatum
869 1249 905 1287 ci
934 1248 1023 1287 urbi
1043 1249 1276 1287 vaticinatur
1296 1250 1550 1302 imprecatur-

63 1329 139 1366 que
159 1331 167 1354 :
184 1314 377 1362 «Cecidit,
400 1313 541 1352 cecidit
559 1313 733 1365 Babylon
756 1327 890 1365 magna
905 1343 915 1361 ,
935 1321 973 1352 et
998 1314 1097 1351 fucta
1117 1323 1174 1351 est
1194 1313 1383 1353 habitatio
1405 1317 1549 1354 daemo-

65 1399 80 1416 «ι
95 1381 268 1428 niormn,
284 1389 355 1421 etc.
376 1380 488 1418 Exite
508 1380 556 1418 de
576 1380 638 1418 illa
652 1408 662 1425 ,
685 1380 853 1431 populus
873 1392 1001 1428 meus,
1023 1388 1063 1417 nt
1084 1393 1131 1417 ne
1152 1380 1360 1432 participes
1381 1381 1462 1420 sitis
1488 1382 1554 1420 de-

65 1464 82 1480 «
97 1446 274 1485 lictorum
296 1446 377 1496 ejus
397 1454 435 1483 et
454 1444 502 1483 de
529 1445 650 1496 plagis
671 1444 753 1494 ejus
770 1457 848 1481 non
864 1444 1075 1495 accipiatis,
1095 1454 1167 1484 etc.
1195 1444 1360 1483 Reddite
1378 1446 1433 1484 illi
1453 1447 1553 1484 sicut

65 1530 81 1547 «
96 1521 134 1550 ct
153 1512 236 1563 ipsa
253 1511 423 1550 reddidit
443 1510 553 1548 vobis
566 1538 599 1558 ‚.
614 1540 624 1550 .
641 1539 650 1548 .
666 1540 676 1550 .
704 1511 742 1548 in
768 1510 909 1561 poculo
927 1523 1005 1561 quo
1027 1510 1202 1558 miscuit,
1224 1510 1383 1550 miscete
1400 1512 1456 1549 illi
1474 1512 1551 1550 du-

65 1595 82 1611 «
99 1577 229 1628 plum,
258 1584 331 1615 etc.
358 1575 451 1614 ldco
477 1576 514 1612 in
541 1588 617 1614 una
641 1575 704 1612 die
729 1575 883 1613 venient
907 1574 1028 1626 plagae
1057 1575 1157 1623 ejus,
1182 1587 1284 1612 mors
1309 1583 1345 1613 et
1367 1575 1490 1614 luctus
1512 1583 1552 1614 et

64 1660 80 1675 κ
97 1642 235 1688 sames,
258 1649 296 1678 et
323 1641 413 1692 igne
450 1640 724 1689 comburetur,
743 1657 759 1673 υ
775 1647 849 1679 etc.
869 1638 942 1678 Cui
973 1652 1042 1676 nos
1064 1637 1300 1689 objectioni,
1321 1639 1351 1677 si
1376 1653 1436 1677 res
1455 1649 1552 1678 esset

67 1706 292 1758 theologicis
306 1704 695 1756 rationibnsagenda,
714 1717 828 1742 unam
846 1703 946 1742 hanc
962 1704 1229 1755 exceptionem
1250 1716 1550 1755 opponeremus,

65 1785 143 1810 non
164 1785 276 1823 posse
289 1772 413 1809 Deum
433 1784 514 1808 esse
529 1770 568 1808 in
587 1782 713 1817 cansa,
735 1769 953 1820 loquentem
975 1782 1043 1819 per
1062 1781 1152 1806 suos
1171 1781 1257 1819 quae
1277 1768 1372 1806 vult.
1390 1769 1464 1808 Sed
1482 1768 1555 1806 hu-

67 1837 215 1875 manius
235 1835 567 1888 respondcbimus,
584 1835 676 1872 nihil
697 1833 800 1886 apud
822 1833 954 1872 divum
969 1835 1132 1872 Paulum
1147 1842 1280 1885 aperte
1290 1833 1471 1872 Romanis
1485 1843 1553 1872 aut

66 1915 199 1940 eorum
214 1900 509 1952 imperatoribus
524 1900 725 1937 adversum
746 1899 820 1950 legi
835 1913 843 1936 ε
860 1906 974 1949 negat
994 1898 1095 1936 enim
1113 1898 1218 1950 prius
1237 1911 1320 1937 esse
1342 1899 1551 1938 timendum

67 1981 195 2006 rernm
217 1968 343 2013 finem,
367 1979 483 2016 quam
512 1964 768 2003 Antichristus
788 1963 956 2010 venerit3
978 1976 1064 2001 euin
1084 1976 1176 2001 vero
1197 1971 1309 2014 negat
1329 1972 1547 2012 venturum,

67 2032 238 2083 quandiu
252 2031 466 2069 Romanum
481 2030 685 2081 imperium
700 2030 840 2067 Neroni
852 2027 1069 2079 subjaceat3
1083 2028 1208 2066 innuit
1224 2042 1328 2079 ergo,
1344 2042 1415 2068 nec
1429 2038 1553 2068 tamen

67 2096 244 2149 praedicit
265 2109 336 2133 nec
355 2103 466 2146 optat
489 2094 642 2145 imperii
669 2094 932 2145 propinquum
962 2094 1086 2131 linem.
1112 2093 1253 2131 Divum
1277 2101 1404 2131 autem
1427 2095 1550 2133 Joan-

67 2174 171 2210 nem,
195 2161 311 2198 etiam
332 2161 412 2198 sine
433 2160 563 2198 divino
587 2160 712 2210 jussu,
747 2168 893 2198 certum
912 2168 969 2197 est
999 2159 1169 2211 potuisse
1188 2158 1275 2208 jure
1299 2172 1369 2197 suo
1385 2159 1550 2210 judaicis

67 2224 270 2264 affectibus
289 2224 503 2276 indulgere,
521 2238 639 2275 quum
658 2223 883 2263 Judaeorum
904 2223 1119 2275 respublica
1145 2223 1271 2261 adhuc
1292 2231 1429 2271 staret,
1449 2238 1550 2263 non-

69 2291 159 2328 dum
177 2290 300 2341 captis
320 2289 594 2341 Hierosolymis
619 2290 775 2341 (confer
799 2302 884 2339 quae
915 2288 962 2326 de
991 2289 1275 2339 Apocalypseos
1306 2296 1415 2327 aetate
1433 2302 1550 2341 supra

68 2355 263 2406 diximus),
281 2363 479 2406 quumque
494 2353 654 2392 ardente
671 2353 878 2391 saevissimo
896 2352 1012 2401 bello,
1029 2352 1194 2390 admotis
1209 2351 1255 2390 ad
1274 2351 1406 2391 urbem
1429 2353 1548 2405 ipsam

70 2419 267 2466 machinis,
286 2419 452 2457 instante
472 2418 605 2456 ultima
625 2425 766 2455 sanctae
793 2418 916 2469 gentis
937 2416 1129 2468 pernicie,
1157 2417 1224 2467 qui
1246 2416 1361 2454 arinis
1381 2430 1458 2455 non
1478 2431 1552 2470 po-

71 2492 216 2531 terant¹
235 2483 337 2521 votis
353 2483 484 2521 saltem
504 2491 540 2520 et
559 2482 737 2533 precibus
756 2483 888 2534 patriae
906 2482 1083 2521 auxiliari
1102 2495 1253 2532 aequnm
1274 2490 1368 2522 erat.

121 2550 216 2588 'ram
249 2549 370 2585 sancti
402 2548 521 2599 igitur
547 2549 711 2600 exempli
738 2547 916 2600 praesidio
938 2546 1037 2585 absit
1064 2555 1105 2584 ut
1125 2546 1333 2598 Sibyllistas
1360 2547 1459 2585 tueri
1485 2560 1552 2586 ve-

56 2613 204 2661 -limus,
222 2625 301 2650 non
321 2612 361 2650 in
381 2613 514 2651 eodem
538 2626 666 2651 rerum
685 2613 840 2650 cardine
859 2620 1014 2650 stantes.
1035 2610 1279 2649 Concedatur
1299 2610 1412 2648 modo
1426 2611 1552 2662 aliqua

72 2676 295 2728 hujusmodi
312 2678 508 2715 excusatio
529 2677 574 2715 iis
589 2686 692 2715 certe
706 2677 772 2728 qui
787 2676 858 2715 sub
873 2677 962 2715 Tito
977 2676 1035 2714 vel
1059 2676 1279 2714 Domitiano
1300 2675 1519 2714 scribebant
1540 2691 1550 2714 ε
1595 2681 1600 2687 ”

57 2741 201 2780 adesse
227 2742 330 2780 enim
359 2749 566 2793 potuerant
599 2742 721 2793 gentis
741 2741 908 2793 excidio,
928 2739 1034 2779 urbis
1056 2749 1094 2778 et
1115 2741 1245 2792 templi
1272 2740 1472 2788 incendio3
1490 2742 1549 2781 vel

72 2805 226 2857 quisub
243 2807 439 2846 Antonino
460 2807 558 2846 Pio:
589 2807 616 2845 ii
642 2806 743 2845 enim
768 2806 908 2845 ultimis
931 2804 1003 2845 sub
1030 2804 1225 2845 Hadriano
1255 2804 1389 2857 bellis,
1413 2819 1558 2858 supre-.

1243 2874 1320 2939 37.
