1686 3500
649 174 955 231 EXCURSUS
988 174 1069 221 VI.
1142 197 1145 210 ε
1381 190 1389 203 “
1461 179 1585 224 ι463

99 290 137 314 τι
157 274 315 327 Πατρὸς,
333 273 420 314 Υῖοῦ
439 272 498 313 καὶ
513 271 627 325 ἈῨίου
643 271 851 324 Πνεύματος
863 274 925 319 τῆς
939 270 1031 315 θείας
1043 271 1102 310 καὶ
1119 272 1316 326 ζωαρχικῆς
1331 273 1365 312 T
1367 271 1482 327 ριᾶδος
1504 275 1583 327 ἀρι-

101 340 213 388 δήλως
232 341 453 393 διασαφοῦσι.
477 339 532 378 De
551 351 804 390 personarum
822 337 1040 376 differentia
1063 335 1182 375 dubie
1199 338 1332 376 saltem
1351 337 1389 376 id
1413 350 1585 379 'asserere

100 403 300 452 debuerat,
320 403 420 441 sicut
441 402 541 440 infra
562 402 682 453 magis
708 400 867 452 patebit.
889 400 963 440 Sed
984 414 1032 438 ne
1053 400 1212 439 nimium
1228 400 1276 439 ab
1298 401 1490 441 editorum
1512 415 1584 440 usu

99 466 355 513 discedamus,
371 466 571 505 solitorum
592 465 816 508 auctoribus
829 465 906 503 suis
923 465 1051 504 favere
1065 466 1192 517 potius
1212 478 1327 517 quam
1348 465 1580 513 obtrectare,

93 531 247 583 juvabit
279 531 432 569 interim
466 530 570 570 aliud
598 539 867 581 argumentum
897 530 1068 568 delibare
1101 529 1308 581 Sibytlistis
1339 530 1562 570 inoffensius
1575 560 1585 579 ‚

99 595 213 634 nobis
232 595 390 647 gratius.

541 818 652 858 CAP.
674 818 735 857 lv.
758 820 816 855 De
833 820 922 856 Filii
932 812 1150 856 divinitate.¹

153 940 209 978 De
230 938 315 977 Filii
334 950 497 989 persona
520 935 609 975 tibri
631 935 772 984 nostri,
806 936 920 975 etiam
952 937 1019 988 qui
1037 950 1119 976 enm
1145 949 1166 974 a
1185 937 1334 988 Spiritu
1355 946 1485 976 saneto
1506 950 1584 976 non

97 1003 189 1042 satis
207 1002 472 1054 distinguunt,
492 1001 532 1040 id
562 1000 692 1039 saltem
722 1013 809 1039 cum
842 999 1028 1052 theologis
1059 1000 1290 1057 orthodoxis
1318 1001 1561 1040 consentiunt
1576 1031 1586 1050 ‚

97 1066 202 1118 quod
231 1079 363 1104 omnes
383 1078 460 1103 uno
487 1077 674 1103 consensu
691 1094 702 1111 ‚
730 1064 882 1116 quoties
902 1064 950 1104 de
979 1064 1073 1103 Filio
1100 1065 1285 1116 loquendi
1316 1065 1467 1104 occasio
1488 1079 1583 1118 sup·

97 1131 213 1182 petit,
235 1130 357 1182 palam
382 1129 464 1181 ejus
491 1128 729 1168 divinitatem
752 1129 993 1181 profitentur.
1017 1133 1069 1169 Ac
1098 1130 1267 1181 primum
1288 1129 1336 1168 de
1355 1144 1398 1169 ea
1423 1144 1462 1170 re
1490 1131 1584 1170 cita-

95 1195 223 1233 bimus
243 1194 383 1232 librum
404 1194 510 1241 vul,
531 1197 550 1241 §
572 1207 611 1242 2,
628 1194 665 1231 in
685 1194 767 1245 ipsa
783 1193 849 1231 ina
869 1194 1052 1244 praeclara
1073 1194 1347 1240 acrostichide,
1371 1207 1406 1232 v.
1426 1201 1530 1247 249:

255 1255 369 1302 Οὗτος
382 1261 400 1297 ὁ
416 1261 473 1296 νῦν
491 1257 702 1311 προγραφεὶς
720 1259 754 1295 ἐν
771 1257 1004 1311 ἀκροστιχίοις
1019 1258 1107 1301 Θεὸς
1123 1261 1225 1309 ἡμῶν
1240 1288 1250 1305 ,

98 1324 263 1372 deinde,
288 1338 326 1364 v.
353 1323 453 1361 288:

260 1387 330 1426 Καὶ
349 1387 500 1427 δώσουσι
520 1389 602 1441 Θεῷ
617 1386 823 1441 ῥαπίσματα
840 1387 960 1441 χερσὶν
981 1387 1141 1439 ἀνάγνοις
1155 1420 1166 1437 ,

97 1454 287 1505 denique,
310 1466 346 1492 v.
365 1454 467 1503 329:

259 1515 374 1557 Αὐτόν
394 1532 457 1556 σου
472 1516 624 1567 γίνωσκε
643 1515 736 1555 Θεὸν
753 1517 846 1556 Θεοῦ
867 1507 953 1556 Υἱὸν
974 1515 1087 1556 ἐόντα.

95 1581 240 1621 Confer
267 1591 305 1621 et
329 1596 415 1634 quae
433 1582 571 1621 'eodem
592 1581 693 1620 libro
724 1581 773 1620 de
797 1582 938 1620 divinis
966 1582 1107 1622 Christi
1140 1583 1347 1622 traduntur
1374 1582 1583 1632 attributis,

99 1660 136 1686 v.
158 1645 250 1696 282,
268 1659 352 1697 sqq.
374 1659 383 1683 ε

255 1711 381 1751 Πάντα
401 1713 510 1759 νοῶν,
529 1709 589 1749 καὶ
606 1708 884 1762 πάνταβλέπων
897 1740 907 1759 ,
927 1726 960 1748 κ.
981 1726 1016 1751 τ.
1036 1711 1072 1751 λ.

97 1777 249 1817 Pariter
281 1776 383 1815 libro
405 1776 517 1824 vill,
543 1780 562 1823 S
592 1776 628 1824 3,
645 1775 843 1827 aliquanto
859 1776 1014 1825 juniore
1037 1788 1151 1827 qnam
1172 1776 1249 1826 ξπ,
1271 1776 1337 1814 vix
1362 1784 1488 1816 tamen
1517 1790 1582 1816 re-

97 1843 269 1881 centiore
284 1841 386 1879 tertii
400 1840 527 1879 saeculi
548 1840 687 1885 initiis,
711 1840 828 1878 Filius
842 1840 966 1892 palam
987 1841 1090 1878 Deus
1106 1849 1278 1889 vocatur,
1296 1853 1332 1880 v.
1350 1842 1424 1886 462
1442 1857 1450 1880 :

255 1905 359 1951 Δέξαι
372 1904 438 1959 [ἐν]
461 1905 665 1958 ἀχράντοισι
684 1904 774 1944 Θεὸν
796 1910 880 1953 σοῖς,
899 1903 1072 1957 Παρθένε,
1090 1905 1254 1952 κόλποις,

98 1981 135 2011 et
149 1986 182 2011 v.
206 1977 279 2020 474
301 1985 310 2009 :

258 2035 353 2075 Ἀλλ’
374 2033 470 2073 οὐδὲν
491 2033 582 2086 μέγα
599 2036 716 2085 θαῦμα
736 2035 818 2086 Θεῷ
836 2033 953 2085 Πατρὶ
971 2034 1031 2071 καὶ
1048 2034 1131 2086 Θεῷ
1151 2035 1239 2087 Υἱῷ.

100 2101 266 2147 Ibidem,
292 2114 328 2139 v.
353 2105 443 2147 Mo,
458 2099 601 2138 dicitnr
624 2098 741 2136 Pater
760 2111 847 2136 cum
871 2097 966 2136 Filio
984 2106 1071 2135 ante
1090 2109 1245 2135 omnem
1270 2105 1484 2136 ereaturam
1517 2110 1584 2150 ge·

99 2167 181 2205 nito
199 2165 246 2204 de
265 2164 397 2203 mundi
415 2165 561 2202 factura
582 2162 844 2201 consuttasse:

259 2231 319 2281 Σῷ
344 2228 443 2267 παιδὶ
462 2228 530 2281 πρὸ
544 2227 689 2271 κτίσεως
709 2226 824 2273 πάσης
839 2225 1012 2279 στέρνοισι
1031 2224 1195 2278 πεφυκὼς

260 2293 486 2345 Σῦμὸουλος,
502 2293 661 2338 πλάστης
681 2291 863 2345 μερόπων,
884 2307 915 2330 κ.
933 2307 963 2329 τ.
983 2291 1018 2329 λ.

101 2361 218 2399 l’iane
238 2368 281 2397 ut
301 2360 339 2396 in
360 2358 528 2410 ejusdem
551 2357 640 2396 iibri
662 2358 792 2408 priore
810 2365 937 2408 parte,
959 2359 979 2402 S
999 2370 1038 2405 α,
1059 2369 1099 2394 ν.
1120 2356 1211 2403 264,
1232 2367 1315 2407 sqq.
1334 2368 1343 2393 :
1380 2393 1383 2396 Α

259 2423 371 2463 Αὐτὸν
391 2423 457 2476 γὰρ
473 2422 653 2475 πρώτιστα
666 2420 786 2460 λαθὼν
803 2419 1000 2472 σύμὸουλον
1020 2419 1080 2458 ἀπ’
1099 2420 1212 2473 ἀρχῆς

260 2482 370 2528 Εἶπεν
390 2491 409 2527 ὁ
426 2486 702 2541 Παντοκράτωρ,
725 2485 957 2537 Ποιήσωμεν,
976 2484 1118 2533 τέκνον,
1140 2484 1247 2537 ἄμφω

259 2551 404 2595 Εἷκόνος
418 2553 452 2597 ἐξ
467 2552 556 2599 ἰδίης
570 2551 834 2602 ἀπομαξοῖμενοι
852 2550 957 2603 βροτὰ
978 2551 1080 2602 φῦλα.

257 2619 332 2657 Νῦν
349 2617 413 2669 μὲν
428 2615 497 2667 ἐγὼ
515 2616 616 2670 χερσὶ
630 2647 640 2667 ,
660 2615 700 2654 σὺ
718 2616 747 2654 δ’
770 2617 892 2654 ἔπειτα
907 2615 1001 2669 λόγῳ
1018 2613 1239 2667 Οεραπεύσεις

232 2696 234 2698 ·
258 2680 408 2734 Μορφὴν
423 2681 601 2735 ἡμετέρην
613 2711 625 2728 ,

101 2746 169 2785 ubi
186 2754 313 2785 tamen
334 2747 524 2784 nescimus
545 2759 659 2796 quam
687 2746 736 2784 sit
769 2744 958 2795 theologis
977 2744 1208 2796 placiturum
1228 2743 1352 2782 otium
1383 2741 1479 2782 illud
1500 2742 1585 2783 Filii

102 2811 149 2850 de
168 2811 302 2850 mundi
331 2810 585 2849 fabricatione
612 2809 851 2849 consuientis
870 2818 1042 2858 tantum,
1067 2822 1145 2847 non
1177 2808 1442 2861 cooperantis,
1456 2820 1583 2848 reser-

102 2876 302 2926 vantisque
318 2888 476 2927 operam
492 2888 599 2913 suam
618 2876 657 2913 in
677 2874 777 2913 diem
801 2875 938 2912 futurae
957 2873 1250 2924 redemptionis.
