1752 3495
536 259 851 305 Excuasus
886 261 964 306 m.
1127 228 1130 232 ’
1405 258 1495 304 169

37 384 51 400 .
69 362 155 407 luit,
184 370 279 410 quos
299 354 534 407 quandoque
561 353 612 392 ob
635 354 829 392 avaritiam
858 367 981 406 prope
1007 353 1205 412 novissimi
1234 351 1358 392 saeculi
1384 349 1495 390 datos

39 449 51 462 .
69 425 147 471 sibi,
167 422 338 461 homines
359 419 459 457 malo
481 417 571 457 dolo
595 416 804 464 violabunt,
823 418 1121 469 contingentque
1139 426 1253 469 atque
1270 416 1493 457 movebunt.

40 511 52 525 .
70 488 137 528 Sed
157 486 222 537 qui
241 482 443 534 contigerit
462 482 701 533 moveritque
721 482 1000 532 possessionem
1021 482 1284 533 promovendo
1302 495 1421 529 suam,
1440 481 1496 519 al-

39 553 178 592 «terius
197 546 413 593 minuendo,
430 546 480 585 ob
501 546 574 584 hoc
590 547 713 584 scelus
732 546 979 584 damnabitur
1000 560 1021 584 a
1041 546 1136 585 Diis.
1152 546 1191 585 Si
1212 546 1310 584 servi
1329 547 1490 594 saciant,

39 637 53 653 a
71 613 232 654 dominio
252 607 502 649 mutabuntur
525 609 564 648 in
590 609 770 648 deterius.
798 610 872 649 Sed
901 611 931 648 si
959 610 1188 649 conscientia
1216 609 1406 648 dominica
1424 610 1495 649 siet

39 702 52 716 a
70 681 179 732 [GoeS.
199 676 288 727 fiet],
303 675 462 713 celerius
478 675 612 713 domus
629 675 895 726 extirpabitur,
911 689 1078 727 gensque
1095 675 1176 727 ejus
1193 675 1316 712 omnis
1331 674 1494 714 interiet.

39 766 50 780 ιι
70 746 228 784 Motores
248 748 373 778 autem
395 740 564 791 pessimis
585 740 729 779 morbis
748 750 785 779 et
807 741 1026 779 vulneribus
1049 741 1278 787 afficientur,
1296 739 1496 778 membris-

20 830 52 851 ,ι
69 821 136 860 que
161 806 236 843 suis
259 804 574 843 debilitabuntur.
593 805 691 843 Tum
718 806 831 844 etiam
854 814 955 843 terra
975 819 996 843 a
1022 805 1310 857 tempestatibus
1328 804 1387 841 vel
1408 812 1493 841 tur-

40 893 53 908 «
70 869 214 910 binibus
234 869 462 920 plerumque
485 868 569 906 labe
589 868 823 908 movebitur.
852 871 1014 909 Fructus
1040 883 1140 921 saepe
1168 869 1354 907 laedentur
1375 868 1492 907 decu-

40 957 52 971 «
70 936 278 983 tienturque
305 932 492 970 imbribus
520 941 635 983 atque
660 934 858 985 grandine,
884 934 1065 971 caniculis
1091 934 1293 980 interient,
1321 931 1494 983 robigine

41 1020 53 1035 ι.
71 999 296 1044 occidentur,
313 997 441 1034 multae
454 996 707 1035 dissensiones
726 999 763 1035 in
787 999 930 1049 populo
948 1000 1052 1038 fient.
1070 999 1157 1036 llaec
1173 998 1321 1046 scitote,
1338 1010 1422 1035 cum
1440 1005 1494 1034 ta·

40 1085 52 1100 0.
69 1066 111 1103 lia
128 1063 267 1101 scelera
287 1062 592 1101 committuntur.
624 1063 833 1114 Propterea
860 1076 984 1115 neque
1010 1063 1146 1109 fallax,
1172 1076 1294 1114 neque
1314 1061 1495 1113 bilinguis

40 1151 52 1164 u
73 1130 130 1175 sis,
147 1126 384 1178 disciplinam
405 1140 505 1178 pone
524 1127 563 1164 in
584 1127 698 1165 corde
719 1136 799 1165 tuo.
816 1146 832 1161 »
853 1128 1035 1180 Spurium
1054 1141 1098 1166 ac
1117 1128 1276 1166 recentis
1298 1135 1398 1164 notae
1418 1140 1493 1178 pu-

42 1196 120 1234 tavit
135 1192 446 1232 esseGoesiushoc
461 1193 725 1244 fragmentum,
741 1194 844 1244 quod
862 1194 1035 1245 quaedam
1054 1194 1090 1231 iu
1107 1208 1152 1232 eo
1170 1193 1355 1231 inveniret
1372 1205 1493 1244 prope

40 1260 77 1298 ad
97 1266 227 1296 sanetae
245 1257 454 1309 Scripturae
479 1257 683 1296 dictionem
713 1258 932 1297 accedentia
946 1287 955 1305 ‚
984 1259 1109 1310 qualia
1129 1267 1216 1297 sunt
1234 1273 1243 1297 ε
1267 1277 1283 1294 «ι
1304 1267 1493 1296 terrenam

41 1345 52 1358 ..
68 1323 328 1374 cupidinem...
349 1336 472 1374 prope
500 1323 695 1361 novissimi
720 1325 904 1365 saeculi....
924 1324 1163 1375 disciplinam
1191 1337 1292 1375 pone
1316 1322 1352 1360 in
1377 1322 1493 1360 corde

41 1408 51 1422 ·
70 1398 137 1426 tuo.
156 1405 170 1420 »
186 1387 286 1434 Quid
304 1401 396 1425 vero
415 1388 447 1425 si
467 1387 547 1426 haec
567 1387 753 1426 verbatim
774 1402 820 1427 ex
838 1397 987 1426 etrusco
1004 1402 1178 1427 sermone
1196 1388 1389 1435 translata,
1408 1400 1495 1438 spe-

40 1453 119 1490 ciem
152 1452 314 1502 aliquam
343 1452 555 1503 peregrinae
583 1453 720 1504 linguae
763 1453 1031 1491 retinuerunt?
1072 1453 1177 1491 Idem
1210 1466 1283 1504 pro
1310 1453 1497 1489 novissimi

41 1516 219 1567 legendum
239 1517 418 1554 censebat
439 1522 570 1564 octavi,
593 1517 696 1568 quod
718 1518 925 1556 Christiani
945 1527 1090 1569 septem
1111 1527 1239 1556 aetates
1259 1526 1344 1555 ante
1359 1517 1492 1554 mundi

41 1581 385 1620 consummationem
411 1587 645 1634 supputare,
667 1591 710 1620 ut
738 1583 810 1634 ipsi
837 1583 973 1631 visum,
993 1585 1180 1634 solerent3
1198 1591 1373 1621 octavum
1400 1595 1493 1620 vero
1545 1586 1547 1589 '

41 1645 307 1697 postjudiciuni
325 1661 333 1683 :
350 1647 553 1696 attulitque
570 1646 608 1683 in
629 1659 709 1684 eam
727 1647 951 1684 sententiam
970 1648 1130 1686 Joannis
1149 1647 1371 1685 Damasceni
1391 1646 1493 1684 testi·

41 1711 204 1757 monium,
235 1710 303 1751 lib.
328 1712 394 1758 lll,
412 1725 494 1762 cap.
522 1712 682 1763 13quod
700 1712 844 1763 oppido
866 1713 1000 1751 salsum
1022 1722 1078 1751 est
1099 1729 1107 1751 :
1128 1721 1194 1751 aut
1222 1713 1322 1750 enim
1347 1712 1491 1758 decem,

41 1774 115 1810 utin
132 1774 326 1824 Sibyllinis
339 1775 491 1825 passim,
503 1783 569 1812 aut
581 1788 663 1823 sex,
675 1789 751 1813 non
766 1785 924 1827 septem,
942 1777 1074 1814 mundi
1088 1785 1215 1815 aetates
1227 1775 1491 1820 numerabant,

43 1847 198 1888 tanquam
227 1839 401 1890 septima,
425 1839 573 1878 sabbati
592 1841 724 1888 instar,
750 1841 921 1891 requiem
941 1842 1052 1893 justis
1074 1842 1334 1893 promittente.
1354 1841 1490 1879 Cetera

41 1916 101 1939 non
125 1903 296 1953 graviora
321 1903 560 1954 objiciuntur
579 1918 598 1941 a
625 1904 708 1942 viro
731 1904 869 1950 docto,
887 1919 1012 1956 neque
1034 1906 1206 1944 videmus
1230 1918 1298 1943 cur
1329 1904 1376 1942 de
1409 1904 1490 1942 sra-

41 1969 163 2016 gtnenti
187 1967 334 2017 origine
354 1967 494 2018 ambigi
516 1968 650 2016 possit.
671 1969 835 2006 Mixtum
867 1969 960 2006 illud
986 1983 1034 2007 ex
1053 1979 1201 2008 etrusca
1220 1968 1489 2020 superstitione

40 2031 214 2081 etoptima
234 2044 382 2069 morum
403 2031 619 2082 disciplina,
633 2045 710 2083 quo
731 2041 894 2083 utroque
913 2033 1066 2072 nomine
1088 2034 1239 2083 Vegoiae
1260 2046 1326 2071 seu
1347 2034 1490 2083 Begoes

40 2092 111 2130 libri
126 2093 229 2145 digni
248 2108 268 2132 a
289 2102 423 2132 senatu
442 2094 617 2132 Romano
635 2095 780 2148 censeri
797 2105 1005 2146 potuerunt
1023 2097 1089 2147 qui
1111 2093 1210 2134 inter
1228 2096 1347 2134 libros
1363 2109 1491 2134 sacros

38 2156 145 2195 locum
168 2157 363 2199 haberent.
384 2158 627 2197 Conferenda
645 2169 747 2198 certe
772 2175 858 2199 cum
886 2162 1098 2212 fragmento
1125 2162 1240 2200 citato
1266 2161 1401 2199 Numae
1429 2161 1491 2200 lex

39 2223 214 2260 notissima
235 2237 242 2260 :
267 2240 282 2256 «ι
302 2223 399 2269 Quei
422 2224 622 2261 terminom
644 2226 847 2271 exarassst,
873 2226 974 2277 ipsus
994 2235 1031 2264 et
1052 2226 1170 2264 boves
1197 2226 1292 2264 sacri
1316 2233 1452 2272 sunto,
1475 2243 1491 2260 n

41 2287 123 2323 unde
141 2296 299 2338 apparet
319 2297 462 2338 quanta
483 2288 601 2325 fuerit
621 2289 693 2325 illis
712 2289 878 2340 antiquis
898 2290 1160 2339 terminorum,
1180 2291 1218 2328 id
1238 2299 1307 2337 cst,
1328 2290 1487 2341 privatae

39 2350 200 2401 cujusque
230 2352 284 2389 rei
312 2352 530 2398 servandae,
561 2353 716 2404 religio,
738 2367 813 2404 qua
834 2354 968 2392 nititur
987 2356 1110 2393 omnis
1131 2355 1296 2392 humana
1316 2354 1490 2393 societas.

41 2413 77 2449 Et
96 2413 163 2451 huc
189 2416 351 2465 pertinet
375 2416 529 2466 mythus
545 2417 607 2454 ille
627 2418 796 2455 Termini
815 2418 900 2466 dei,
927 2419 967 2456 in
994 2419 1204 2470 Capitolio,
1223 2433 1270 2457 ne
1292 2420 1381 2458 Jovi
1403 2419 1490 2469 qni·

39 2475 109 2514 dem
129 2478 199 2528 ipsi
219 2479 304 2517 loco
324 2479 504 2519 cedentis.

81 2540 248 2579 Ceterum
272 2546 416 2594 Begoes
437 2543 548 2590 libri,
574 2544 604 2582 si
627 2558 672 2582 ex
691 2544 810 2593 unici,
830 2545 934 2596 quod
955 2559 1057 2584 nunc
1076 2556 1269 2598 superest,
1288 2547 1488 2598 fragmenti

38 2603 187 2644 dictione
205 2607 440 2656 judicentur,
467 2609 647 2646 videntur
661 2610 761 2647 circa
783 2609 1016 2648 Punicorum
1038 2611 1224 2650 bellorum
1240 2621 1412 2662 tempora
1430 2613 1488 2649 la-

40 2667 103 2705 tine
121 2684 222 2708 versa
238 2685 339 2712 esse:
357 2681 393 2710 et
405 2673 664 2711 tuncfortasse
676 2673 827 2724 publice
849 2688 935 2712 cum
949 2674 1145 2726 Sibyllinis
1162 2676 1371 2714 consecrati
1385 2685 1487 2723 sunt,

39 2731 122 2770 hand
150 2736 268 2774 multo
290 2747 376 2787 post
398 2737 614 2775 Tiburtinae
637 2738 782 2790 libi-053
808 2740 861 2777 ita
887 2749 1010 2778 autem
1031 2742 1261 2787 consecrati,
1286 2739 1388 2791 quod
1409 2740 1488 2791 jam

39 2800 253 2848 monuimus,
272 2811 313 2839 ut
333 2801 380 2839 ah
405 2802 603 2840 hominum
618 2804 787 2842 'lectione
804 2818 881 2842 non
901 2805 1211 2855 prohiberentur.
1235 2806 1272 2845 Si
1290 2805 1374 2856 quis
1394 2805 1488 2856 quid

38 2859 77 2897 de
91 2861 148 2900 illa
167 2866 332 2916 nympha
351 2867 480 2918 ejusve
500 2866 605 2905 libris
630 2868 780 2918 plenius
799 2877 865 2907 aut
885 2870 1099 2920 expressius
1119 2871 1328 2919 invenerit,
1361 2869 1397 2908 id
1415 2857 1504 2907 n‹›-'

40 2922 88 2962 bis
104 2926 234 2966 frustra
259 2931 456 2980 quzesitum
476 2932 598 2969 minus
618 2932 934 2973 desiderabimus.
956 2969 958 2971 ,
