1686 3500
600 128 903 174 EXCURSUS
935 131 992 176 V.
1078 136 1082 142 '
1111 132 1113 137 '
1413 128 1505 174 365

38 233 213 285 cipietur‚
236 227 266 266 si
287 224 463 279 Κρονιδῶν
481 238 520 263 τε
537 222 644 262 νόθων
666 224 830 275 legatur,
851 233 890 262 et
908 224 964 263 sic
985 227 1112 264 omnia
1128 226 1239 278 plana
1257 227 1454 267 eruntsAt
1474 224 1507 263 si

42 294 206 348 Κρονίδαο
226 290 348 338 νόθου,
372 288 537 327 fatemur
555 288 618 326 vix
636 301 747 340 posse
763 288 838 326 hoc
851 288 962 326 aliter
976 302 1090 339 quum
1107 289 1160 328 de
1174 290 1390 329 Alexandro
1408 289 1505 341 capi.
1558 303 1562 311 ·

40 366 151 400 Porro
169 353 376 394 videndum
392 366 439 392 an
458 351 580 405 probe
596 352 764 405 Κρονίδης
785 361 941 391 vocetur
956 352 1183 400 Alexander,
1203 363 1268 393 aut
1283 354 1397 393 etiam
1412 355 1506 403 Kpo·

40 423 130 470 νίδης
147 417 240 462 νόθος
253 448 262 466 ,
281 430 400 469 quum
421 417 494 455 hoc
514 417 824 468 patronymicum
843 417 934 455 Jovi
953 416 1025 454 soli
1054 417 1267 456 conveniat.
1294 418 1360 456 Sin
1391 418 1507 456 intel-

42 491 128 539 ligas
145 487 261 536 γενεῆς
289 481 389 521 νόθου
410 482 514 533 (fem.
537 495 609 533 pro
627 482 740 531 νόθης)
763 481 954 534 Κρονίδαο,
979 481 1019 519 id
1039 490 1119 528 est,
1145 494 1166 519 e
1187 478 1368 532 progenie
1387 481 1506 520 notha

41 548 247 593 Saturnidae
266 545 392 595 Jovis,
419 545 517 583 dura
537 545 683 597 oppido
702 545 776 583 erit
795 544 965 595 syntaxis
987 552 1024 582 et
1044 542 1233 595 ambigua.
1253 544 1380 582 Restat
1396 545 1508 584 lectio

43 614 204 668 Κρονίδαο
235 614 363 658 νόθων,
387 616 498 662 cujus
523 610 679 661 pluralis
705 623 887 647 numerus
916 609 963 647 de
996 622 1072 647 uno
1103 608 1323 648 Alexandro
1353 608 1418 646 vix
1447 610 1507 647 se-

44 679 177 720 rendus
208 676 379 716 videtur.
405 675 454 714 Ut
484 676 542 713 vel
571 675 662 713 solis
691 674 948 725 grammaticis
972 672 1184 711 rationibus
1219 672 1268 710 ad
1295 681 1508 711 ceterorum

43 744 211 784 codicum
242 740 455 791 lectionem,
476 739 649 792 Κρονιδῶν
670 754 708 777 τε
728 738 851 786 νόθων,
872 738 1013 775 invitus
1034 737 1132 784 licet,
1154 736 1355 775 revoceris.

89 804 199 853 Quod
219 804 250 842 si
279 804 316 842 in
332 804 407 842 hoc
429 817 541 842 versu
561 817 631 842 nec
653 803 759 855 prius
786 801 1066 840 hemistichium
1086 801 1134 839 de
1154 800 1374 840 Alexandro
1391 809 1508 849 recte,

44 886 106 911 nec
125 871 283 909 alterum
304 869 382 907 ullo
403 868 517 906 modo
536 869 621 920 capi
645 876 786 920 potest,
807 867 1047 906 redeundum
1071 879 1164 919 ergo
1186 865 1234 905 nd
1266 875 1435 905 nostram
1463 865 1510 904 de

44 935 215 976 Romanis
237 934 512 984 conjecturam.

91 999 263 1040 Subeunt
279 999 360 1036 uliae
378 1011 425 1037 ex
442 997 575 1037 eodem
597 998 846 1050 grammatico
871 997 979 1054 fop'tu
995 997 1176 1035 rationes.
1202 996 1296 1035 Nam
1316 994 1453 1034 deinde
1473 995 1510 1033 in

47 1067 99 1105 his
115 1062 304 1110 versibus,
322 1063 411 1109 384,
433 1075 519 1113 sqq.
544 1075 554 1101 ι
890 1052 906 1069 ”
923 1046 969 1070 ¹²⁴³

249 1126 355 1174 Κείνη
374 1125 433 1165 καὶ
456 1125 652 1165 Βαὸυλῶνα
666 1125 766 1164 πόλιν
785 1123 988 1176 δεδομήσετ“
1005 1123 1169 1178 ἐρυμνὴν,

248 1196 320 1236 Καὶ
339 1195 476 1244 πάσης,
497 1194 625 1242 ὁπόσης
645 1193 861 1246 ἐπιδέρκεται
879 1193 1011 1241 ἠέλιος,
1031 1195 1094 1246 γῆς

250 1261 421 1304 Δεσπότις
440 1261 648 1308 αὖδηθεῖσα,

47 1330 104 1367 vix
122 1327 219 1365 bene
237 1335 312 1365 stat
348 1338 558 1377 pronomen
587 1323 684 1370 κείνη
712 1323 896 1361 feminino
926 1336 1062 1374 genere
1090 1325 1141 1362 ita
1161 1323 1347 1376 positum,
1367 1323 1445 1361 sive
1463 1321 1511 1361 ad

47 1392 199 1447 γενέθλην
220 1390 428 1437 referatur,
456 1389 563 1441 quod
594 1389 720 1427 miuus
749 1396 806 1426 est
838 1386 1060 1439 probabile,
1082 1387 1164 1426 sive
1195 1387 1242 1425 ad
1264 1386 1512 1436 Μακηδονίην,
1557 1428 1561 1432 ,

48 1457 216 1511 quoniam
236 1454 460 1495 Macedonia
474 1467 560 1492 raro
582 1462 762 1504 tanquam
781 1466 943 1503 persona
958 1452 1154 1490 inducitur
1166 1465 1280 1503 agens
1296 1480 1306 1499 ,
1326 1465 1514 1504 pugnans,

48 1522 207 1567 vincens,
227 1519 343 1558 urbes
361 1519 532 1570 capiens»,
548 1531 676 1556 rerum
693 1517 854 1568 potiens.
874 1516 1018 1556 Contra
1038 1516 1086 1556 de
1109 1516 1206 1555 urbe
1222 1517 1360 1563 Roma,
1383 1530 1449 1555 seu
1465 1516 1514 1555 de

50 1586 208 1623 Romana
230 1583 398 1631 civitate,
422 1582 518 1619 nihil
539 1581 643 1633 apud
663 1581 877 1631 Sibyllistas
907 1580 1165 1632 frequentius,
1181 1593 1295 1632 quam
1316 1593 1424 1628 eam,
1442 1592 1513 1618 ceu

50 1644 245 1699 viventem,
264 1648 304 1686 in
323 1661 474 1686 scenam
504 1646 688 1699 produci,
714 1645 929 1698 increpari,
962 1645 1209 1697 compellari,
1238 1645 1386 1693 defleri,
1414 1645 1513 1684 utin

50 1714 113 1753 hac
132 1714 213 1765 ipsa
233 1712 322 1751 libri
343 1712 443 1751 tertii
459 1722 579 1763 parte,
598 1725 637 1750 v.
660 1711 749 1758 350,
769 1723 853 1762 sqq.
872 1721 882 1750 ε
1392 1706 1396 1711 ’

194 1776 599 1830 ‘Om602601w046900
617 1774 731 1824 Ἀσίης
751 1775 936 1821 ὑπεδέξατο
951 1774 1091 1827 Ῥώμη,
1112 1791 1145 1814 κ.
1162 1790 1195 1814 τ.
1218 1776 1251 1814 λ.
1266 1807 1276 1823 ,
1331 1815 1333 1818 Α

51 1853 82 1883 et
103 1858 139 1884 v.
162 1844 251 1890 356,
273 1857 358 1895 sqq.
381 1857 390 1882 ε

196 1901 250 1947 ἿὨ
268 1906 417 1961 χλιδανὴ
442 1907 593 1959 ζάχρυσε
612 1906 794 1949 Λατινίδος
814 1905 931 1956 ἔκγονε
947 1904 1107 1957 Ῥώμης,
1126 1919 1162 1945 κ.
1177 1919 1211 1943 τ.
1229 1905 1264 1942 λ.

53 1972 124 2011 Alia
137 1972 308 2024 exempla
326 1986 373 2010 ex
389 1972 473 2010 aliis
487 1971 594 2009 libris
612 1971 741 2018 multa,
762 1971 793 2009 si
815 1984 968 2009 necesse
982 1978 1093 2017 esset,
1110 1976 1374 2022 suppeterent.
1393 1971 1517 2020 Atque

54 2037 118 2075 hoe
137 2046 210 2075 tam
225 2051 325 2089 saepe
346 2036 446 2075 redit
464 2036 502 2074 in
523 2035 736 2086 Sibyllinis,
755 2044 908 2086 tamque
923 2034 1129 2086 Sibyllistis
1152 2034 1381 2072 obversatur
1397 2046 1518 2085 usque

55 2115 209 2152 praesens
224 2102 351 2152 imago
366 2101 431 2139 illa
451 2101 616 2138 dominae
641 2099 760 2147 urbis,
779 2109 821 2137 ut
839 2100 1028 2138 interdum
1049 2099 1167 2137 Roma
1180 2127 1191 2147 ,
1208 2099 1293 2151 ipso
1310 2098 1517 2137 subaudita

55 2165 220 2212 nomine,
240 2165 506 2216 compelletur,
525 2172 567 2203 ut
588 2164 654 2203 lib.
672 2165 718 2211 V,
740 2177 775 2201 v.
795 2164 885 2212 161,
904 2177 989 2214 sqq.
1009 2176 1018 2201 ε

198 2227 349 2269 Ἔσσεαι
369 2230 403 2268 ἐν
422 2232 576 2276 θνητοῖσι
589 2234 708 2273 κακοῖς
726 2227 820 2267 κακὰ
840 2227 1049 2282 μοχθήσασα
1063 2258 1074 2276 ,

57 2304 88 2332 et
104 2294 193 2334 ibid.
215 2309 252 2336 v.
274 2308 365 2344 227,
386 2309 469 2346 sqq.
488 2309 497 2333 ι

200 2356 349 2398 Ἄστατε
365 2359 423 2398 καὶ
443 2358 649 2406 κακόὸουλε,
669 2364 793 2402 κακαῖς
811 2358 1028 2410 περικείμενε
1042 2356 1180 2410 κήραις,
1197 2372 1234 2397 κ.
1250 2372 1282 2395 τ.
1295 2356 1329 2396 λ.

58 2424 146 2462 Nihil
165 2425 281 2475 igitur
301 2425 438 2462 mirum
457 2425 489 2462 si
506 2424 608 2461 hunc
624 2437 779 2474 quoque
795 2423 919 2461 locum
940 2422 1029 2460 libri
1051 2423 1150 2460 tertii
1170 2434 1180 2461 ε
1200 2420 1308 2467 Κείνη
1324 2419 1384 2459 καὶ
1402 2418 1522 2459 Baeto-

57 2486 159 2536 λῶνα,
179 2504 212 2527 κ.
229 2505 261 2527 τ.
277 2489 326 2534 λ.,
345 2488 392 2526 de
409 2489 527 2527 Roma
546 2487 734 2526 malumus
749 2501 863 2538 quam
886 2486 933 2525 de
952 2486 1180 2526 Macedonia
1201 2484 1460 2537 interpretari.

103 2553 252 2592 Minime
282 2567 373 2592 vero
398 2566 468 2591 nos
497 2561 668 2591 moratur
692 2552 797 2604 quod
827 2551 881 2590 ibi
902 2553 1039 2604 legitur
1056 2551 1104 2590 de
1132 2550 1328 2603 Babylone
1350 2549 1519 2588 domita:

203 2617 309 2665 Κείνη
331 2618 391 2657 καὶ
410 2618 604 2658 Βαὸυλῶνα
628 2617 728 2656 πόλιν
753 2615 953 2668 &Bega-‘Aeser'
975 2616 1142 2670 ἐρυμνήν,

59 2680 120 2718 etsi
137 2681 207 2721 hoc
228 2683 417 2733 fatemur,
444 2683 611 2734 primum
639 2681 898 2728 intuentibus,
922 2682 1055 2720 melius
1083 2680 1203 2719 videri
1224 2679 1272 2718 de
1299 2678 1522 2719 Alexandro

60 2745 284 2795 capiendum.
302 2747 376 2786 Sed
394 2748 558 2798 primum
582 2755 724 2784 temere
743 2746 818 2784 hoc
842 2754 880 2784 ct
904 2746 1084 2792 fortuito,
1105 2753 1147 2783 ut
1173 2745 1291 2783 multa
1311 2743 1520 2796 Sibyllina,

61 2807 92 2844 in
120 2809 287 2850 futurum
305 2810 444 2863 conjici
469 2811 594 2863 potuit
610 2824 657 2849 ex
671 2811 734 2849 illa
753 2811 903 2862 vulgari
924 2810 1025 2863 apud
1047 2810 1240 2849 Romanos
1262 2809 1521 2861 persuasione,
