1686 3500
621 151 933 196 exceasus
967 150 1047 196 vl.
1281 174 1285 179 -
1478 125 1564 197 51'1

102 252 169 291 lib.
189 251 256 290 vn
270 279 282 300 ,
298 263 385 302 cap.
407 251 451 289 16
469 251 673 307 (Neronem
692 249 883 300 intellige,
911 249 999 287 licet
1020 248 1076 286 ibi
1097 248 1203 287 nullo
1224 249 1377 289 nomine
1393 248 1571 301 designa-

103 316 221 366 tum);
240 315 425 364 alterum,
448 328 495 353 ex
510 314 624 364 Syria
642 316 800 365 (nempe
816 326 864 351 ex
879 312 982 350 tribu
1009 312 1261 363 Dan),·quem
1278 312 1437 365 impium
1461 322 1573 351 vocat

101 380 150 431 (id
172 388 240 425 est,
261 379 406 430 Belial),
425 378 678 427 eumdemque
699 376 990 427 Antichristum‚
1007 389 1120 427 quem
1137 385 1224 415 ante
1236 376 1421 427 judicium
1442 391 1573 428 supre-

101 457 202 481 mum
223 456 309 480 cum
328 442 481 482 Christo
501 451 539 480 et
558 442 702 492 angelis
723 440 804 492 ejus
824 439 1093 478 dimicaturum
1113 439 1186 478 sibi
1215 440 1338 491 fingit,
1358 442 1447 482 Div.
1468 442 1573 493 lnst.⁹

101 508 162 546 lib.
184 507 273 555 vll,
295 521 378 559 cap.
398 521 455 558 ¹9·

150 573 245 620 Quae
261 581 386 611 tamen
405 570 507 623 apud
526 570 648 622 ipsum
667 583 742 608 non
762 577 891 608 carent
910 568 1152 618 difficultate,
1168 568 1455 620 primum,quia
1472 571 1575 621 prio·

100 650 178 674 rem
194 636 469 674 Antichristum
486 648 531 673 ex
546 634 804 686 septentrione
821 633 990 679 adducit,
1006 634 1214 685 respiciens
1231 633 1408 671 videlicet
1428 634 1475 672 ad
1491 636 1575 686 Gog

99 710 137 739 et
156 702 314 752 Magog‚
332 701 527 752 Scythicas
548 708 680 750 gentes
701 713 785 737 cum
803 699 870 736 illo
886 707 1067 736 venturas
1089 699 1275 750 (Apocal.,
1292 711 1375 748 cap.
1395 712 1459 747 20,
1471 713 1507 739 v.
1525 700 1573 751 7),

98 771 215 816 (pium
240 765 403 805 Parthos
430 764 559 815 potius
575 772 642 802 aut
661 763 864 802 orientales
884 763 1048 815 populos
1075 763 1200 812 quivis
1218 762 1281 800 hie
1303 771 1578 814 exspectasset;

97 818 170 867 nisi
189 829 292 879 quod
324 829 480 866 Parthia
506 828 544 865 in
575 828 876 878 septentrionem
906 840 1060 877 quoque
1088 836 1125 864 et
1157 826 1203 864 ad
1231 826 1426 876 Scythiam
1456 841 1577 877 usque

98 893 354 944 protenditur,
373 891 475 930 unde
493 892 590 944 finge
613 891 682 930 tibi
702 892 892 929 exercitus
910 890 1047 928 adduci
1064 903 1132 941 per
1150 890 1366 928 Armeniam
1385 899 1488 928 trans
1508 893 1578 930 Eu-

97 957 296 1007 phratem,
319 965 360 994 ut
380 957 461 1007 ipsa
492 955 742 1007 Apocalypsis
773 955 918 1001 innuit,
942 955 1139 1005 Euphrate
1167 955 1310 992 siccato
1330 972 1347 988 «ι
1366 963 1406 991 ut
1432 967 1578 1005 praepa·

96 1039 110 1055 a
130 1030 281 1060 raretur
302 1021 361 1058 via
393 1019 546 1071 regibus
562 1019 610 1058 ab
636 1027 725 1057 ortu
758 1019 857 1056 Solis
883 1018 1007 1070 (ibid.‚
1028 1032 1111 1069 cap.
1148 1020 1206 1066 16,
1225 1032 1262 1057 v,
1298 1025 1357 1065 η)
1382 1036 1412 1058 ».
1441 1018 1577 1057 Obstat

98 1100 192 1124 vero
211 1086 328 1137 magis
349 1085 452 1135 quod
481 1085 518 1122 in
545 1084 619 1122 alio
637 1097 755 1134 opere
788 1083 1005 1121 Lactantius
1037 1097 1104 1121 eos
1130 1083 1197 1134 qui
1226 1084 1416 1122 Neronem
1444 1084 1576 1133 prosu-

96 1163 183 1200 gum
209 1163 230 1187 e
251 1148 406 1188 Parthia
421 1156 657 1199 exspectant,
671 1148 874 1185 dementiae
890 1160 974 1184 reos
997 1148 1121 1184 facere
1135 1146 1301 1192 videtur,
1321 1147 1371 1184 ita
1387 1146 1575 1193 scribens,

95 1216 142 1253 de.
163 1215 276 1253 Mori.
297 1215 465 1259 Perseo„
486 1226 569 1264 cap.
590 1225 611 1249 a
642 1227 650 1249 :
672 1230 687 1244 «
703 1211 813 1251 Unde
829 1211 934 1248 illum
955 1211 1177 1262 [Neronem]
1196 1211 1353 1261 qnidam
1370 1211 1478 1249 deliri
1495 1225 1576 1249 cre·

95 1296 110 1313 a
125 1279 222 1316 dunt
242 1292 322 1316 esse
339 1277 561 1316 translatum
583 1290 626 1314 ac
646 1276 775 1314 vivum
803 1285 1037 1314 reservatum
1053 1307 1062 1324 ,
1085 1275 1229 1326 Sibylla
1249 1276 1400 1314 dicente
1415 1307 1424 1323 ‚
1447 1276 1577 1314 Matri·

96 1362 110 1376 ‹-
127 1344 249 1381 cidam
271 1343 474 1395 profugum
492 1334 513 1380 a
531 1341 672 1379 finibus
691 1355 772 1379 esse
793 1349 1018 1388 venturum,
1038 1349 1078 1378 ut
1093 1341 1181 1392 quia
1196 1341 1339 1391 primus
1355 1349 1576 1392 persecutus

94 1420 198 1458 «est,
216 1411 315 1449 idem
332 1410 445 1448 etiam
463 1408 692 1447 novissimus
712 1416 979 1459 persequatur,
1000 1419 1036 1446 et
1056 1408 1279 1447 Antichristi
1301 1410 1493 1459 praecedat
1511 1408 1576 1446 ad-

97 1495 109 1510 u
130 1484 299 1514 ventum.
315 1476 465 1527 [ltaque
479 1474 525 1526 si]
546 1474 600 1512 fas
618 1482 676 1512 est
696 1473 854 1511 credere
868 1503 878 1519 ,
900 1473 1000 1510 sicut
1020 1473 1119 1510 duos
1140 1473 1349 1525 prophetas
1372 1474 1479 1512 vivos
1495 1487 1576 1512 esse

96 1560 111 1576 «
128 1542 329 1581 translatos
345 1542 384 1579 in
398 1541 529 1578 ultima
548 1548 720 1591 tempora
755 1547 868 1589 atque
886 1539 1037 1576 initium
1056 1539 1196 1577 Christi
1214 1548 1388 1577 sanctum
1408 1553 1451 1577 ac
1471 1553 1574 1578 sern-

95 1625 109 1641 «
126 1607 332 1658 phet-num,
349 1619 464 1657 quum
485 1604 718 1643 descendere
737 1603 1024 1655 eoeperit,quod
1041 1603 1199 1655 Sibyllae
1213 1604 1385 1642 futurum
1401 1617 1573 1655 praenun-

94 1690 108 1705 ιι
125 1672 240 1719 tiant,
261 1671 395 1709 eodem
421 1670 535 1707 modo
557 1672 672 1707 etiam
691 1670 880 1708 Neronem
903 1680 1102 1707 venturum
1120 1678 1274 1721 putant,
1292 1678 1334 1707 ut
1361 1683 1573 1720 praecursor

90 1752 104 1769 «
123 1734 267 1773 (liaholi
288 1748 330 1772 ac
352 1734 515 1785 praevius
534 1734 583 1772 sit
603 1734 789 1772 venientis
807 1733 854 1771 ad
877 1734 1126 1772 vastationem
1151 1743 1260 1778 terrae
1283 1743 1319 1772 et
1343 1734 1494 1772 humani
1516 1747 1575 1785 ge·

89 1818 104 1833 u
123 1800 223 1837 neris
243 1801 481 1837 evasionem
514 1816 540 1836 ».
575 1798 790 1836 llaecomnia
807 1797 854 1836 de
881 1799 1032 1837 Nerone
1053 1798 1214 1837 fatemur
1237 1799 1474 1836 Lactantium
1495 1811 1571 1836 non

89 1878 159 1903 suo
177 1864 335 1903 nomine
364 1877 600 1916 proponere,
622 1863 688 1901 sed
710 1863 872 1901 aliorum
894 1877 992 1915 quos
1008 1863 1121 1901 etiam
1136 1866 1269 1901 deliros
1291 1859 1426 1901 vocat:
1451 1876 1572 1914 quare

90 1930 213 1981 ipsum
237 1929 297 1966 sui
328 1927 511 1980 puduisse
529 1927 683 1975 credas,
710 1927 854 1964 relictis
885 1940 969 1977 qua:
999 1927 1106 1978 prius
1135 1927 1182 1964 de
1213 1928 1364 1966 Nerone
1399 1926 1572 1964 redituro

87 2007 173 2032 cum
189 1993 393 2043 Sibyllistis
408 1992 680 2030 somniaverat.
696 1991 810 2029 Vides
828 2000 951 2029 tamen
969 2005 1045 2029 non
1061 1991 1219 2029 omnino
1233 1991 1338 2029 illum
1353 1991 1573 2042 resipuisse,

88 2060 166 2097 imo
179 2058 292 2096 fidem
308 2071 429 2105 suam,
449 2057 618 2095 timidius
630 2057 730 2104 licet,
745 2056 871 2095 adhuc
881 2057 1046 2108 prodere
1061 2071 1070 2094 ε
1089 2075 1104 2089 α
1118 2057 1155 2095 Si
1173 2056 1227 2094 sas
1242 2065 1314 2105 est,
1330 2056 1470 2107 inquit,
1487 2069 1571 2093 cre-

88 2141 102 2156 ·
119 2123 210 2161 dere
224 2141 261 2172 »,
280 2132 316 2160 et
337 2122 483 2173 Sibylla
504 2131 597 2160 teste
620 2122 748 2160 adhuc
764 2122 936 2173 profiteri
961 2120 1231 2160 «matricidam
1258 2121 1481 2172 profugum,
1494 2130 1567 2162 etc.

93 2188 242 2239 (Sibyll.
259 2188 306 2236 V,
325 2202 357 2226 v.
379 2187 469 2234 362)
487 2205 514 2224 ».
531 2188 663 2238 Itaque
676 2201 752 2224 non
770 2200 971 2238 possumus
988 2187 1079 2238 quin
1096 2200 1230 2224 vocem
1243 2188 1351 2224 deliri
1365 2186 1489 2224 serius
1507 2187 1569 2224 iu-

89 2255 315 2306 terpolatam
336 2266 418 2292 esse
438 2253 639 2291 credamus
659 2252 708 2291 ab
725 2253 854 2303 aliquo
876 2253 1063 2291 Lactantii
1090 2254 1234 2291 lectore
1249 2281 1260 2303 ‚
1283 2265 1359 2290 non
1382 2252 1570 2304 probante

88 2320 178 2358 istas
199 2319 247 2357 de
266 2318 412 2370 duplici
437 2319 674 2357 Antichristo
701 2318 860 2357 subulas.
885 2318 1063 2357 Ceterum
1091 2319 1192 2369 ipsas
1211 2328 1358 2355 certum
1381 2327 1436 2355 est
1458 2318 1569 2356 latius

88 2385 125 2422 in
148 2384 283 2435 vulgus
304 2396 488 2430 manasse,
512 2382 643 2433 ibique
667 2391 819 2419 sanctos
850 2382 1016 2420 fautores
1040 2382 1256 2421 invenisse:
1280 2381 1469 2433 siquidem
1492 2396 1569 2420 uno

88 2449 284 2500 posterior
303 2447 441 2485 saeeulo
466 2446 578 2484 divus
609 2446 818 2493 Martinus,
845 2446 1084 2497 apudSulp.
1116 2447 1219 2493 Sev.,
1245 2446 1334 2484 dial.
1363 2447 1395 2484 ll
1413 2475 1423 2493 ,
1453 2450 1472 2493 S
1505 2447 1566 2493 16,

87 2513 287 2564 discipulis
310 2512 388 2550 suis
413 2511 461 2549 de
483 2512 558 2548 line
581 2524 705 2548 rerum
730 2509 1072 2560 interrogantibus,
1104 2511 1171 2560 ita,
1191 2511 1221 2548 si
1249 2509 1423 2561 Sulpicio
1453 2510 1567 2557 lides,

87 2576 318 2616 edisserebat
338 2588 348 2615 z
368 2594 384 2609 ιι
400 2577 592 2614 Neronem
620 2584 657 2612 et
679 2573 958 2613 Antichristum
988 2575 1095 2625 prius
1115 2588 1197 2612 esse
1216 2583 1413 2612 venturos.
1444 2575 1568 2613 Nero-

86 2660 101 2676 «
117 2655 203 2680 nem
235 2642 273 2679 in
307 2640 533 2678 occidentali
567 2640 678 2690 plaga
714 2638 868 2689 regibus
900 2639 1068 2677 subactis
1098 2639 1229 2677 decem
1264 2625 1565 2690 imperaturum;

87 2724 100 2740 n
115 2705 416 2757 persecutionem
438 2713 564 2743 autem
585 2703 634 2742 ab
653 2717 699 2742 eo
720 2703 904 2741 hactenus
923 2704 1173 2742 exercendam
1186 2734 1196 2751 ‚
1219 2712 1260 2741 nt
1279 2703 1380 2741 idola
1393 2705 1564 2754 gentium
1590 2734 1596 2740 .

87 2789 100 2802 ·‹
117 2771 189 2808 coli
211 2778 334 2821 cogat.
352 2768 408 2808 Ab
428 2769 667 2807 Antichristo
687 2781 775 2806 vero
793 2767 979 2806 orientale
1003 2769 1205 2819 imperium
1223 2781 1303 2805 esse
1317 2766 1562 2817 capiendum;

86 2850 178 2886 aqui
214 2835 365 2886 quidem
398 2833 523 2871 sedem
544 2843 580 2872 et
612 2841 726 2884 caput
758 2832 865 2881 regni
897 2832 1196 2884 Hierosolymam
1218 2840 1316 2869 esset
1335 2829 1562 2875 liabiturus3
