1737 3495
669 236 969 283 Excunsus
999 239 1052 284 v,
1456 295 1464 307 γ
1519 240 1609 286 323

154 346 243 373 vero
261 330 450 371 interdum
472 343 493 369 a
523 329 751 383 quibusdam
780 333 919 372 sanetis
950 334 1131 374 Patribus
1159 334 1368 385 Erytltraeae
1396 348 1534 374 nomen
1563 335 1611 376 ad

151 399 244 437 alios
270 409 423 447 quoque
442 395 559 434 libros
587 397 811 435 translatum
837 411 918 437 esse
949 412 1025 436 non
1051 396 1269 436 infitiamur.
1290 398 1363 438 Sed
1396 399 1612 440 Lactantius

152 465 307 503 multum
339 463 376 499 in
409 462 684 513 Sibyllinorum
707 463 871 502 lectione
892 474 1087 516 versatus,
1114 474 1152 502 et
1179 465 1244 515 qui
1263 477 1371 503 suum
1391 466 1530 517 cuique
1551 466 1612 506 Si-

150 528 261 580 bynae
281 526 418 564 librum
444 526 642 565 restituere
658 535 816 565 conatus
833 536 914 565 erat
944 527 1045 581 (nam
1069 527 1108 566 id
1135 528 1269 566 frustra
1292 536 1476 567 tentatum
1492 531 1612 568 confi·

152 602 261 642 tetur,
283 591 371 629 dum
392 592 471 628 fieri
491 604 601 643 posse
627 601 757 642 aperte
777 602 911 643 negat,
931 593 1058 631 Divin.
1077 593 1169 631 Inst.
1189 593 1251 631 lib.
1272 594 1312 639 1,
1332 607 1414 645 cap.
1429 595 1465 643 6)
1480 624 1490 641 ,
1510 596 1610 634 sacto

151 659 242 696 inter
259 664 361 693 certa
379 664 415 694 ct
430 656 573 694 incerta
594 655 811 694 discrimine
825 685 835 702 ‚
854 670 898 695 ea
914 658 1042 695 omnia
1059 671 1145 709 quae
1164 671 1210 695 ex
1229 658 1286 696 his
1304 657 1391 696 libri
1410 659 1509 697 tertii
1526 673 1611 710 par·

150 722 245 761 tibus
264 719 365 758 haud
386 733 476 758 sane
495 733 614 771 pauca
635 720 769 767 refert,
792 721 996 770 Erythraeae
1012 721 1168 772 Sibyllae
1185 730 1402 760 constanter
1419 723 1605 773 assignat,

149 798 307 835 eumque
333 785 423 835 ipsis
450 784 634 821 honorem
665 797 903 822 communem
927 785 1016 823 facit
1041 799 1132 823 cum
1154 786 1237 823 solo
1266 786 1478 832 l‘rooemio,
1506 787 1610 836 quod

149 849 320 888 videlicet
340 849 533 899 praefixum
552 848 761 899 exemplari
783 862 853 887 suo
874 849 1022 900 legebat
1044 850 1189 900 (confer
1208 850 1305 887 infra
1324 863 1410 901 cap.
1431 851 1453 887 8
1473 859 1511 889 et
1535 851 1609 900 ιδ).

146 917 299 954 Causam
320 926 411 950 vero
425 912 566 964 judicii
581 913 638 950 sui
655 913 736 963 ipse
752 913 863 950 tradit
881 926 890 952 ι
909 915 1111 966 «Suntque
1129 915 1293 961 confusi,
1315 915 1450 965 iuquit,
1473 913 1608 968 [libri],

147 979 243 1017 «nisi
267 978 498 1028 Erythraeae,
529 990 614 1027 quae
642 986 679 1014 et
703 991 842 1015 nomen
873 991 982 1015 suum
1016 992 1147 1017 verum
1175 979 1331 1017 carmini
1360 979 1539 1023 inseruit,
1572 987 1610 1018 et

147 1062 161 1077 κ
177 1042 411 1092 Erythraeam
428 1055 467 1079 su
485 1041 720 1078 nominatum
739 1041 782 1078 iri
800 1041 1005 1092 praelocuta
1025 1051 1100 1088 est,
1128 1056 1244 1093 quum
1266 1051 1361 1080 esset
1379 1051 1463 1081 orta
1486 1042 1610 1094 Baby-

146 1126 158 1141 .
173 1108 269 1144 lone.
287 1124 303 1140 υ
318 1108 410 1152 Quae
423 1107 546 1157 palam
563 1114 651 1142 sunt
668 1119 714 1143 ex
729 1106 880 1156 epilogo
894 1106 1007 1157 hujus
1022 1106 1108 1144 libri
1123 1107 1338 1158 desumpta,
1355 1121 1391 1146 v.
1407 1108 1495 1153 808,
1510 1121 1608 1159 sqq.:

293 1170 415 1208 Ταῦτά
435 1185 488 1207 σοι
508 1169 689 1221 Ἀσσυρίης
709 1168 916 1213 Βαόυλῶνος
934 1171 1053 1224 τείχεα
1074 1169 1193 1223 μακρὰ

293 1231 536 1285 Οἷστρομανὴς
554 1233 790 1285 προλιποῦσα.
808 1261 816 1270 .
834 1261 843 1270 .

295 1297 365 1336 Καὶ
384 1296 546 1335 καλέουσι
567 1296 683 1350 βροτοί
702 1312 746 1348 με
765 1298 842 1335 καθ’
862 1296 1020 1336 Ἐλλάδα
1039 1298 1202 1351 πατρίδος
1221 1298 1329 1345 ἄλλης

292 1360 354 1405 Ἐξ
377 1360 546 1414 Ἐρυθρῆς
564 1365 746 1411 γεγαυῖαν.
763 1389 773 1400 .
791 1391 800 1401 .

143 1425 226 1465 lnde
253 1438 370 1476 porro
403 1433 506 1475 putet
536 1438 556 1462 a
586 1424 786 1462 Lactantio
820 1425 954 1463 lectam
990 1425 1106 1464 fuisse
1140 1435 1177 1464 et
1213 1440 1284 1477 pro
1307 1427 1454 1465 sincera
1496 1426 1609 1467 habi-

143 1499 210 1528 tam
239 1489 404 1540 priorem
427 1496 530 1526 certe
552 1487 663 1538 liujus
694 1488 835 1539 epilogi
863 1497 1029 1538 partem,
1050 1503 1097 1528 ex
1125 1502 1200 1540 qua
1220 1490 1332 1528 etiam
1362 1490 1492 1529 laudat
1514 1490 1606 1531 alibi

141 1563 246 1604 atque
266 1554 358 1605 ipsis
382 1554 498 1590 literis
516 1554 665 1603 profert
694 1565 825 1591 versus
852 1553 947 1591 alios
965 1562 1144 1604 quatuor,
1165 1555 1364 1602 814—'817,
1383 1554 1423 1594 id
1448 1563 1523 1602 est,
1539 1569 1604 1606 ge·

141 1619 271 1655 nuinos
292 1631 395 1668 paene
411 1631 554 1656 omnes,
576 1618 670 1656 Nam
696 1631 789 1655 cave
811 1616 942 1655 credas
963 1617 1090 1656 onmia
1107 1631 1213 1668 aeque
1229 1618 1266 1655 in
1285 1617 1360 1656 hoc
1382 1618 1534 1669 epilogo
1556 1619 1603 1657 ad

139 1682 270 1720 librum
306 1682 505 1732 antiquum
533 1690 570 1718 et
598 1682 820 1732 primarium
855 1681 1059 1731 pertinere.
1084 1683 1182 1720 Sunt
1214 1681 1250 1719 in
1281 1694 1328 1721 eo
1353 1695 1421 1721 xxx
1447 1694 1599 1727 versus,

140 1760 296 1797 quorum
318 1747 462 1797 primos
493 1754 637 1784 tantum
667 1746 797 1784 decem
819 1746 1004 1796 legitimos
1031 1746 1247 1794 habendos,
1269 1755 1470 1797 sequentes
1494 1759 1602 1791 vero.

136 1810 205 1862 jam
227 1825 245 1849 a
267 1824 379 1848 versu
409 1811 501 1859 817,
532 1811 684 1862 spurios
702 1818 740 1849 et
767 1809 958 1862 posterius
987 1809 1138 1850 additos
1159 1824 1240 1850 esse
1257 1809 1601 1850 demonstrabimus

140 1875 249 1921 infra,
271 1887 352 1925 cap.
379 1888 440 1913 ια.
1386 1879 1389 1883 ’

814 1947 904 1959 -ο-

588 2032 700 2073 ΟΑΡ.
724 2033 768 2072 ll.
793 2036 850 2070 De
870 2033 961 2070 libro
980 2043 1125 2083 quarto.

184 2148 270 2185 Post
286 2146 424 2184 librum
444 2147 621 2194 tertium,
645 2145 683 2184 id
702 2153 780 2193 est,
812 2154 899 2197 post
923 2145 1009 2184 libri
1032 2145 1130 2183 tertii
1157 2152 1284 2196 partes
1304 2148 1323 2191 5
1351 2159 1372 2182 2
1390 2153 1427 2183 et
1445 2152 1482 2193 Δ,
1501 2147 1598 2185 anti·

136 2212 327 2261 quissimus
356 2219 515 2262 quartus
536 2209 734 2249 habendus
755 2218 811 2248 est
837 2209 950 2256 liber,
971 2209 1001 2247 si
1023 2222 1069 2248 ex
1089 2217 1199 2247 aetnte
1219 2209 1369 2247 testium
1384 2209 1594 2260 judicetur.

136 2275 296 2314 lnnotuit
317 2275 416 2313 enim
434 2288 512 2313 non
528 2282 670 2313 tantum
690 2274 844 2314 Justino
862 2282 899 2311 et
916 2273 1102 2312 Clementi
1119 2273 1376 2311 Alexandrino
1390 2302 1400 2320 ,
1427 2274 1490 2312 sed
1509 2283 1597 2314 ante

134 2337 210 2375 illos
228 2339 335 2376 etiam
352 2338 499 2376 auctori
516 2345 735 2389 pervetusto
751 2336 1076 2375 constitutionum
1095 2336 1411 2387 Apostolicarum,
1430 2338 1497 2387 qui
1511 2350 1596 2375 ver·

136 2413 191 2439 sus
212 2417 256 2441 ex
274 2416 319 2441 eo
336 2402 538 2441 continuos
568 2401 743 2439 undecim
762 2401 894 2448 assez-t,
913 2400 1011 2438 sicut
1030 2400 1069 2438 in
1092 2400 1263 2438 Excursu
1284 2400 1362 2448 jam
1384 2400 1514 2452 priore
1533 2400 1596 2440 di·

136 2474 226 2503 ctum
241 2475 320 2514 est,
344 2475 382 2505 et
403 2466 511 2516 plura
533 2478 620 2503 mox
638 2464 772 2503 dehac
790 2478 830 2502 re
850 2465 888 2502 in
909 2465 1079 2504 Excursu
1099 2464 1162 2503 Vl.

183 2528 291 2567 Liber
309 2530 372 2568 hic
402 2531 440 2567 in
471 2528 651 2567 omnibus
679 2528 877 2567 codicibus
898 2541 1009 2567 mser.
1035 2527 1136 2578 λόγος
1154 2526 1315 2581 τέταρτος
1354 2526 1591 2579 inscribitur,

136 2603 283 2644 excepto
305 2595 524 2632 monacensi
547 2593 624 2646 (11),
641 2593 679 2631 in
699 2607 779 2644 quo
799 2602 857 2631 est
877 2592 976 2643 λόγος
996 2591 1032 2642 ι’,
1055 2592 1090 2630 id
1111 2601 1179 2640 est,
1199 2591 1296 2630 liber
1314 2591 1503 2639 «lecimus,
1525 2590 1596 2630 sed¹

135 2657 317 2696 manifesta
336 2658 481 2696 librarii
499 2658 632 2696 fraude
646 2687 657 2706 ,
676 2656 723 2696 de
743 2671 819 2709 qua
838 2670 908 2696 nos
925 2657 1031 2697 alias.
1048 2644 1208 2695 Plenior
1222 2657 1354 2695 titulus
1373 2657 1412 2696 in
1431 2656 1594 2708 quibus·-
1631 2665 1634 2671 '

135 2717 212 2757 dnm
236 2733 245 2759 ε
270 2721 378 2772 Λόγος
403 2722 565 2775 τέταρτος
591 2722 670 2775 περὶ
692 2721 863 2775 διαφόρων
883 2723 1007 2773 χωρῶν
1028 2722 1087 2759 καὶ
1107 2721 1242 2768 νήσων,
1262 2729 1396 2759 auctus
1415 2721 1591 2760 videlicet

134 2780 292 2840 ejusdem
324 2786 468 2825 librarii
490 2787 546 2825 vel
566 2787 723 2825 editoris
753 2800 892 2835 manu,
917 2799 1030 2838 quem
1055 2785 1158 2824 libris
1178 2787 1194 2825 1
1214 2794 1252 2824 et
1270 2785 1306 2824 ll
1335 2785 1470 2824 similia
1499 2799 1591 2824 non-

133 2847 228 2885 nulla
245 2850 382 2900 passim
404 2851 611 2890 inseruisse
630 2850 800 2889 dicemus
818 2851 930 2897 insi-a,
954 2864 1039 2901 cap.
1064 2864 1121 2889 ιι.

183 2911 262 2962 lpse
282 2914 378 2952 liber
393 2915 492 2954 haud
511 2915 625 2954 dubie
647 2915 875 2953 christianus
894 2923 948 2953 est
969 2915 1018 2964 (id
1041 2915 1137 2952 infra
1153 2912 1369 2952 certissimis
1385 2926 1589 2964 argumen-

1355 2995 1428 3024 2!-
