1686 3500
663 117 967 163 EXCURSUS
985 119 1100 165 .vu.
1332 185 1340 195 „
1520 121 1605 167 611

150 214 390 266 cupidiores,
412 215 460 252 ita
477 213 701 270 Sibyllinam
731 217 875 254 Musam
902 216 1170 267 depresserunt
1196 225 1238 255 ut
1257 217 1377 269 ipsam
1395 230 1417 256 e
1436 219 1612 258 Parnassi

149 279 419 331 qualicumque
434 279 554 331 gradu
574 280 611 317 in
637 280 776 317 fossam
794 287 833 317 et
852 293 999 318 coenum
1021 281 1247 320 demersisse
1262 282 1479 324 videantur.

198 345 253 381 Ac
275 343 440 394 primum
461 344 552 382 vitia
579 356 828 395 quaecumque
846 343 884 381 in
913 344 1108 394 prioribus
1127 344 1329 384 observata
1355 355 1464 396 sunt,
1496 346 1536 386 in
1554 347 1614 386 Itis

146 406 265 444 multo
286 407 397 457 plura
417 419 461 444 ac
481 407 601 453 muIto
631 407 806 458 graviora
821 406 1105 457 deprehendas.
1135 408 1221 459 Ipsa
1252 409 1316 446 iiia
1333 410 1614 462 coujugationis

146 478 323 519 portenta
349 483 434 520 quae
462 470 500 508 in
527 471 664 508 suturis
695 469 904 508 verborum
937 479 1216 518 amaveramus,
1243 485 1291 510 ex
1311 474 1407 510 maia
1434 474 1613 525 loquendi

145 533 419 573 consuetudine
447 544 646 585 prognata,
668 548 754 586 quae
771 534 847 571 illic
876 547 960 571 rara
979 544 1102 584 erant,
1125 535 1186 574 hic
1204 549 1279 573 uon
1302 536 1418 575 modo
1438 538 1615 589 frequen-

147 598 257 645 tiora,
289 598 415 635 sedet
444 599 647 636 audaciora
681 599 886 650 puiluiaut.
920 598 974 636 Ita
1008 598 1151 637 πέσεται
1177 609 1216 638 et
1246 599 1464 639 καππέσεται
1490 610 1528 640 et
1552 603 1616 655 φύ-

145 676 284 711 γονται,
307 676 392 712 quae
419 664 534 701 semel
566 673 632 702 aut
660 663 775 701 bisin
808 662 1005 714 prioribus
1036 674 1295 713 occurrerant,
1315 666 1391 703 huc
1410 665 1614 705 admodum

145 726 279 763 crebra
306 727 486 776 redeuut3
510 736 691 778 praeterea
711 726 935 776 κατθάνεται,
956 726 1040 773 XII,
1068 727 1136 774 363
1169 728 1245 766 imo
1281 738 1319 766 et
1352 729 1496 768 λάὸεται
1531 731 1615 782 (pro

144 789 321 842 λήψεται),
338 791 403 838 XI,
429 796 517 840 29l.;
536 791 632 829 adeo
652 800 692 828 ut
718 791 872 828 minime
891 791 1110 828 dubitemus
1128 792 1221 841 quin
1246 792 1314 831 has
1337 794 1456 833 futuri
1476 794 1615 833 formas

145 854 300 892 omnino
321 855 505 905 legitimas
535 855 691 893 duxerit
715 854 876 901 Noster,
900 854 1119 905 pariterque
1142 855 1316 894 dicturus
1343 858 1456 896 suerit
1478 857 1618 898 δέκεται

147 916 232 967 (pro
251 917 420 969 δήξεται),
441 917 555 967 ἕλεται
569 918 656 969 (pro
676 919 805 956 ἑλεὶται
823 918 903 955 sive
921 918 1134 969 αἱρήσεται),
1149 929 1221 957 etc.
1242 920 1316 959 Sed
1340 931 1377 958 et
1397 922 1479 959 aliis
1497 924 1617 960 modis

144 982 271 1020 sutura
296 983 531 1034 corrumpit,
561 983 706 1033 quippe
735 981 837 1032 apud
860 996 998 1033 quem,
1031 992 1170 1033 praeter
1188 982 1352 1036 φύγονται
1370 993 1408 1022 et
1435 984 1617 1033 πέσονται,

143 1057 218 1083 non
239 1046 357 1083 multo
377 1047 509 1084 melius
530 1047 676 1096 legatur
696 1049 897 1098 φυγοῦνται,
913 1047 977 1093 XI,
994 1046 1056 1093 453
1078 1046 1241 1098 pessime
1257 1056 1383 1086 utitem
1403 1057 1441 1086 et
1458 1049 1616 1086 omnino

143 1109 320 1155 barbare,
339 1114 571 1160 πεσσοῧνται,
588 1111 686 1158 XIV,
707 1111 790 1154 145.

195 1176 272 1214 Nec
290 1177 413 1213 minus
424 1175 598 1213 barbarae
611 1183 700 1212 sunt
715 1174 920 1212 verborum
938 1175 1070 1214 formae
1082 1176 1273 1215 ἀντείλουσι
1285 1180 1369 1228 (pro
1385 1177 1614 1230 ἀνατελοῦσι),

141 1239 209 1286 XI,
235 1243 326 1286 103;
343 1238 470 1288 τμήσει
495 1241 582 1290 (pro
609 1244 705 1289 τεμεῖ
730 1252 795 1277 seu
814 1238 967 1290 τμήξει),
987 1240 1071 1289 XII,
1094 1241 1142 1285 84
1159 1256 1169 1289 ς
1188 1240 1376 1292 λησᾶμενοι
1398 1241 1486 1294 (pro
1511 1243 1614 1281 λαθό·

142 1304 265 1355 μενοι),
285 1304 383 1351 XIV,
419 1318 480 1351 72,
498 1313 568 1342 etc.

191 1368 411 1406 Omittimus
438 1369 572 1420 futura2
593 1368 812 1415 indicativi,
831 1368 927 1406 sicut
948 1368 984 1406 in
1007 1368 1202 1420 prioribus
1221 1370 1330 1407 libris
1348 1383 1433 1408 cum
1453 1370 1617 1421 subjun-

141 1432 243 1470 ctivo
261 1441 299 1470 et
316 1433 488 1483 optativo
506 1433 586 1471 siue
607 1434 825 1471 discrimine
847 1433 1048 1483 permixta,
1077 1432 1144 1470 lib.
1173 1434 1242 1483 XI,
1259 1447 1297 1472 v.
1321 1447 1380 1484 17,
1396 1447 1483 1486 sq.:

401 1490 469 1536 Ὧν
491 1496 656 1549 ἀριθμοὺς
675 1497 776 1543 λέξω,
799 1497 858 1536 καὶ
874 1496 1105 1548 οἷκροστιχίοις
1123 1497 1283 1546 ὀνομήνω

402 1560 613 1614 Γράμματος
631 1560 841 1614 ἀρχομένου,
863 1559 921 1599 καὶ
940 1559 1091 1611 τοῦνομα
1110 1561 1328 1613 δηλώσαιμι,

140 1624 332 1675 multaque
347 1624 418 1663 alia
434 1626 584 1665 similia.

190 1689 412 1728 omittimus
431 1691 637 1741 particulas
658 1704 780 1741 usque
802 1691 848 1729 ad
869 1704 1048 1730 nauseam
1067 1704 1111 1729 ac
1127 1704 1227 1742 saepe
1246 1691 1342 1730 citra
1367 1704 1519 1732 sensum
1549 1706 1613 1732 re-

140 1754 291 1805 petitas,
313 1754 364 1806 δέ,
387 1754 427 1792 τέ
444 1765 480 1794 et
499 1754 573 1796 καί.
597 1757 753 1795 Easdem
775 1770 873 1807 saepe
892 1757 1096 1806 neglectas,
1116 1769 1232 1807 quum
1251 1756 1362 1794 utiIes
1381 1757 1612 1806 viderentur,

139 1828 179 1856 ut
195 1819 259 1867 XI,
283 1833 326 1867 71
344 1832 355 1870 ς
375 1820 458 1870 XII,
481 1820 552 1871 863
574 1821 675 1868 XIV,
699 1821 765 1869 36,
783 1831 852 1858 etc.
869 1819 994 1859 Verba
1011 1821 1185 1871 quinimo
1209 1821 1371 1859 maxime
1392 1821 1439 1859 ad
1458 1835 1609 1861 sensum

138 1884 352 1921 necessaria
380 1884 573 1922 interdum
608 1887 861 1936 praetermissa
889 1893 926 1921 et
947 1898 1046 1935 aegre
1075 1886 1305 1933 conjecturis
1325 1886 1549 1937 supplenda,
1568 1898 1612 1926 ut

137 1947 200 1993 XI,
219 1961 308 1997 221,
333 1949 430 1995 2673
451 1950 534 1993 XII,
555 1951 616 1999 39,
638 1950 732 1997 2363
752 1950 852 1998 XIII,
873 1950 937 1996 63,
959 1950 1054 1995 1053
1074 1949 1172 1994 XIV,
1191 1950 1251 1996 25,
1270 1958 1343 1990 etc.

191 2012 304 2058 Quod
326 2023 452 2051 autem
472 2014 592 2051 multo
610 2014 727 2064 magis
744 2014 781 2051 in
804 2012 862 2050 his
882 2012 991 2051 libris
1006 2026 1076 2050 nos
1095 2013 1271 2061 offendit,
1304 2027 1403 2065 saepe
1428 2015 1610 2056 adversus

134 2076 312 2126 syntaxin
329 2077 503 2115 usitatam
519 2086 713 2128 peccatur,
731 2091 833 2115 nunc
852 2077 963 2115 metri
980 2090 1106 2124 causa,
1121 2090 1224 2117 nunc
1243 2077 1322 2116 sola
1341 2079 1476 2118 calami
1491 2077 1610 2133 'nein-

134 2141 271 2191 gentia.
290 2140 489 2192 Regimina
508 2143 621 2180 etiam
646 2143 737 2180 salsa
758 2155 834 2180 non
860 2142 974 2180 semel
997 2152 1218 2190 occurrunt,
1249 2151 1292 2180 ut
1314 2142 1393 2197 περὶ
1420 2150 1492 2184 σεῖο
1520 2147 1608 2198 (pro

134 2206 212 2258 περὶ
230 2203 298 2255 σε’),
318 2206 420 2252 XIII,
441 2208 513 2254 603
545 2205 599 2244 διὰ
621 2206 753 2259 βήσσας
786 2206 870 2258 (pro
902 2205 959 2245 διὰ
990 2207 1161 2258 βησσῶν),
1191 2208 1287 2254 XIV,
1321 2208 1387 2256 153
1406 2209 1606 2257 πανείκελος

133 2270 277 2317 ἠελίοιο,
297 2271 382 2320 XII',
406 2272 473 2318 3⁰3
492 2271 532 2309 τὸ
548 2271 577 2308 δ’
592 2270 723 2320 οὔνομα
743 2275 842 2309 τοῦτο
865 2269 1015 2322 μεθέξει,
1033 2272 1097 2320 XI,
1120 2275 1212 2321 1893
1229 2272 1351 2324 μνήμῃ
1367 2288 1404 2311 τε
1421 2272 1525 2327 χάριν
1543 2291 1607 2326 με·

133 2333 304 2387 τέχοντες,
330 2336 394 2381 XI,
416 2349 487 2382 271
504 2349 514 2386 3
535 2335 680 2387 Ῥώμην
698 2335 900 2388 κοιρανέων,
918 2336 1004 2385 XII,
1029 2336 1072 2373 15
1087 2351 1102 2388 3·
1115 2337 1256 2379 πολλοῖς
1275 2351 1311 2374 τε
1329 2337 1492 2392 λαφύροις
1504 2346 1606 2390 γαῖαν

133 2398 410 2451 ἀφαρπάζοντες,
428 2399 493 2446 XI,
513 2400 575 2447 57,
590 2414 647 2450 sq.
679 2401 874 2450 Nusquam
894 2413 986 2438 vero
1000 2400 1136 2450 saepius
1156 2413 1175 2436 a
1197 2408 1297 2437 recta
1314 2403 1466 2450 syntaxi
1485 2402 1607 2443 disce—

133 2462 191 2500 dit
219 2463 355 2501 Noster
371 2476 484 2514 quam
513 2463 579 2501 ubi
607 2478 787 2502 numeros
815 2464 1037 2516 aggreditur
1062 2464 1139 2502 sive
1172 2477 1356 2502 annorum
1376 2465 1456 2504 sive
1474 2467 1607 2506 Iitera-

133 2540 235 2575 rum,
256 2527 294 2564 id
315 2528 418 2578 quod
447 2527 600 2566 assidue
625 2530 751 2566 facere
770 2530 884 2575 solet,
914 2528 1085 2566 versibus
1104 2529 1389 2579 exprimendos.
1422 2531 1606 2584 Exempla

133 2592 208 2629 sint
228 2592 308 2630 Iiaee
336 2593 460 2630 statim
483 2607 530 2631 ex
551 2593 754 2632 undecimo
774 2593 1002 2645 deprompta
1030 2593 1155 2642 libro,
1183 2607 1347 2644 quorum
1372 2595 1498 2646 aliqua
1524 2598 1602 2635 sor—

135 2666 232 2695 tasse
250 2658 424 2707 corrupti
446 2666 570 2696 textus
595 2659 687 2697 vitio
721 2659 928 2698 defendere
951 2659 1063 2710 licet3
1092 2659 1246 2697 minime
1277 2667 1399 2698 tamen
1421 2670 1552 2712 potest
1568 2665 1602 2701 in

135 2733 190 2761 tot
211 2725 399 2763 simiiibus
420 2726 564 2763 mendis
584 2726 702 2764 eidem
725 2727 962 2765 excusationi
978 2727 1084 2764 Iocus
1101 2740 1202 2765 esset

187 2790 248 2837 XI,
270 2791 333 2838 66,
367 2805 422 2842 sq.
450 2790 561 2830 “Em’
575 2791 632 2830 ἐπὶ
645 2797 714 2835 τοῖς
732 2792 907 2846 προσθεῖσ*
926 2790 1046 2830 ἑκατὸν
1068 2790 1284 2835 λυχᾶδαντας
1316 2791 1375 2830 ἀπ’
1393 2794 1502 2845 ἀρχῆς

1361 2862 1440 2926 39.
