1752 3495
135 234 228 278 278
517 234 596 278 AD
629 233 966 281 SlBYLLINOS
1000 232 1212 278 LIBROS

286 329 412 370 Ἔνθεν
429 329 546 370 ἔπειτα
564 330 650 370 νέων
670 331 799 379 πληθὺς
817 331 948 383 ἀνδρῶν
969 329 1121 384 ἐφαάνθη
1135 360 1145 378 ,

131 393 190 433 καὶ
207 393 313 434 πάλιν
334 395 369 434 ἒν
387 394 494 449 ἕτέρῳ
511 395 579 434 τινὶ
597 398 668 435 τῶν
689 396 899 448 βουκολικῶν
918 394 1014 448 τόπῳ
1031 425 1041 442 ,

286 459 462 505 Σεκελὶδες
485 462 645 510 Μοῦσαι,
665 477 697 500 κ.
716 476 747 500 τ.
767 462 808 499 λ·

127 541 145 558 ι
160 524 227 564 Est
244 533 371 563 autem
386 525 545 571 veritas,
564 525 707 576 inquit,
730 525 768 562 in
791 525 1016 575 propatulo,
1032 537 1078 563 eo
1094 524 1198 576 quod
1217 524 1374 576 quidam
1395 525 1594 567 nobiscum

124 589 330 628 sentientes
347 589 550 641 diligenter
568 589 771 628 admodum
793 590 978 627 rationem
1000 598 1212 639 temporum
1243 589 1500 635 instituerunt,
1515 599 1593 629 tan·

125 666 240 704 quam
263 667 310 692 ne
329 655 413 705 quis
437 655 720 705 suspicaretur,
747 654 931 705 scriptum
960 653 1033 691 hoc
1061 666 1141 692 esse
1168 667 1305 704 poema
1338 662 1425 704 post
1452 654 1590 695 Clu-isti

123 716 332 756 adventum
356 720 595 770 primumque.
616 718 698 768 ejus
722 718 760 755 in
786 718 897 755 terris
912 718 1100 766 judicium
1115 746 1124 764 ,
1147 717 1259 755 falsos
1280 727 1404 755 autem
1425 719 1588 769 proferri

124 795 270 828 versus,
291 783 395 821 velut
423 783 511 820 olim
534 796 554 820 a
575 783 723 832 Sibylla
747 782 966 834 praedictom
985 783 1175 821 Convenit
1200 783 1300 820 enim
1325 783 1428 820 inter
1448 796 1589 832 omnes,

121 846 343 885 Ciceronem
361 846 430 884 ista
446 860 522 894 non
540 846 654 884 modo
677 847 824 898 legisse,
837 846 901 884 sed
923 847 1035 884 etiam
1058 847 1171 884 latine
1191 860 1299 885 versa
1317 846 1499 898 operibus
1515 850 1588 888 suis

122 912 346 962 inseruisse3
382 925 459 962 quo
488 921 618 963 postea
654 912 811 950 Antonii
842 912 950 960 jussu
982 911 1108 949 occiso
1122 941 1132 959 ‚
1168 912 1291 950 victor
1327 913 1483 950 Antonii
1516 917 1591 951 Au·

122 985 254 1028 gustus
276 990 395 1015 annos
415 978 615 1028 imperavit
632 990 694 1015 sex
715 986 752 1015 et
768 977 1068 1029 quinquaginta3
1087 986 1172 1027 post
1193 976 1294 1014 hunc
1311 975 1502 1023 Tiberius,
1520 976 1587 1014 sub

120 1054 196 1091 quo
212 1041 426 1079 Servatoris
450 1042 570 1093 nostri
591 1042 778 1079 adventus
798 1041 931 1088 eluxit,
947 1054 1134 1092 novaeque
1154 1041 1349 1091 religionis
1368 1040 1587 1090 mysterium

120 1106 333 1143 institutum
360 1114 434 1153 est,
464 1115 501 1144 et
527 1119 624 1143 nova
640 1120 731 1157 gens
750 1106 940 1149 surrexit,
959 1119 1072 1156 quam
1095 1105 1186 1142 mihi
1210 1105 1360 1142 videtur
1393 1104 1589 1155 designare

122 1169 382 1208 nobilissimus
411 1171 511 1208 inter
541 1170 656 1208 Italos
684 1179 796 1221 poeta
816 1170 867 1208 sic
889 1170 1074 1220 loquens:

273 1235 359 1273 Jam
384 1247 483 1272 nova
504 1235 705 1285 progenies
727 1234 819 1272 caelo
839 1234 1054 1272 demittitur
1073 1234 1149 1272 alto
1163 1264 1173 1280 ,

117 1306 155 1336 et
172 1298 210 1336 in
231 1298 307 1336 alio
327 1299 592 1336 Bucolicorum
611 1299 696 1336 loco
717 1311 725 1334 :

274 1361 455 1400 Sicelides
475 1375 589 1400 musae
603 1391 613 1409 ‚
638 1371 711 1402 etc.
729 1379 744 1395 r·

118 1426 247 1476 Pergit
263 1435 434 1477 quartam
455 1427 602 1478 Virgilii
623 1427 791 1477 eclogam
807 1426 938 1478 graecis
958 1425 1130 1480 versibus
1148 1426 1411 1477 interpretari,
1429 1437 1585 1476 eamque

115 1504 335 1542 proponere
358 1500 533 1542 tanquam
552 1506 572 1530 e
592 1490 788 1541 Sibyllinis
809 1491 981 1529 haustam
1003 1490 1196 1538 fontibus,
1217 1491 1321 1542 quod
1338 1489 1485 1528 scilicet
1507 1488 1581 1540 ejus

117 1556 227 1594 initio
251 1555 432 1594 Cumanae
451 1556 594 1593 mentio
617 1557 680 1594 fiat
700 1556 860 1607 originis
883 1570 890 1592 :

285 1621 423 1661 Ultima
446 1620 589 1659 Cumaei
611 1621 716 1658 venit
732 1620 810 1671 jam
831 1621 1009 1658 carminis
1028 1631 1141 1666 aetas,

115 1692 153 1722 et
168 1684 272 1735 quod
291 1685 471 1722 nonnulla
491 1685 528 1723 in
551 1698 593 1723 ea
612 1685 951 1734 deprehendantur
968 1684 1243 1735 Sibyllinorum
1261 1692 1478 1722 nostrorum
1494 1684 1580 1722 locis

117 1747 344 1799 quibusdam
366 1749 468 1788 hand
491 1749 693 1788 absimilia.
717 1744 873 1789 Summa
894 1763 986 1801 ergo
1012 1750 1126 1787 totius
1146 1748 1486 1800 argumentationis
1506 1748 1577 1786 haec

115 1813 384 1865 est,Sibylliua
402 1816 584 1862 carmina,
600 1815 818 1853 christianae
837 1816 1003 1853 faventia
1021 1814 1219 1861 doctrinae,
1233 1812 1376 1851 Christi
1397 1810 1579 1849 natalibus

113 1879 304 1916 anteriora
332 1879 390 1917 his
410 1879 458 1917 de
473 1880 596 1917 causis
626 1893 707 1918 esse
726 1879 930 1926 censenda,
956 1876 994 1916 1⁰
1015 1878 1119 1930 quod
1137 1877 1274 1917 Cicero
1295 1890 1342 1914 ex
1358 1877 1404 1914 iis
1423 1877 1579 1914 acrosti-

112 1942 262 1980 chidem
283 1942 399 1981 latine
422 1957 566 1982 versam
591 1944 817 1995 protulerit:
839 1944 912 1982 hoc
931 1942 1089 1995 quidem
1109 1941 1351 1980 salsissimum
1372 1948 1440 1984 est,
1459 1939 1513 1977 uti
1531 1938 1581 1976 al-

114 2007 191 2044 lato
211 2007 294 2058 ipso
313 2008 507 2046 Ciceronis
523 2008 609 2046 loco
630 2008 926 2047 monstravimus
945 2008 983 2045 in
999 2007 1091 2046 Exc.
1116 2007 1190 2054 1113
1210 2005 1255 2043 2⁰
1277 2004 1382 2056 quod
1406 2004 1579 2054 Virgilius

111 2077 284 2122 quartam
323 2086 370 2110 ex
402 2071 448 2110 iis
468 2073 652 2124 *eclogam
692 2072 976 2124 desumpserit:
1004 2072 1041 2110 id
1075 2085 1230 2123 quoque
1264 2079 1395 2121 aperte
1424 2069 1574 2114 falsum,

110 2135 285 2186 quamvis
308 2136 398 2175 divo
431 2136 668 2187 Augustino,
690 2137 784 2175 locis
803 2137 903 2175 infra
921 2135 1083 2174 citandis
1100 2165 1110 2184 ,
1135 2144 1173 2173 et
1202 2148 1250 2173 ex
1269 2132 1471 2184 Augustini
1497 2130 1576 2178 fide,

111 2200 305 2251 plerisque
324 2210 454 2251 postea
477 2202 602 2239 latinis
622 2200 845 2239 auctoribus
864 2201 1080 2252 probatum.
1114 2200 1216 2238 Luce
1243 2198 1344 2237 enim
1364 2197 1500 2236 clarius
1526 2202 1577 2232 est

111 2265 281 2316 eclogam
302 2265 400 2303 hanc
417 2280 497 2304 esse
515 2266 696 2317 scriptum
727 2280 748 2304 a
780 2275 894 2318 poeta
916 2265 1060 2317 juvene
1089 2265 1307 2317 gratulante
1328 2261 1493 2301 Pollioni
1511 2272 1575 2310 per

109 2328 367 2368 adulationem
387 2343 485 2368 nova
513 2331 662 2381 generis
681 2331 838 2369 humani
864 2330 957 2378 sata,
978 2339 1156 2381 tanquam
1176 2329 1223 2367 ab
1241 2328 1361 2379 ipsius
1384 2325 1575 2364 consulatu

82 2430 85 2434 ,
109 2393 355 2444 auspicanda,
386 2404 556 2446 propter⁴
569 2403 810 2446 exspectatos
841 2395 907 2433 illo
928 2395 1013 2446 ipso
1036 2407 1136 2432 auno
1162 2395 1262 2444 (ante
1284 2392 1372 2431 Chr.
1393 2389 1456 2439 40)
1473 2386 1574 2439 pueri

109 2458 321 2506 cujusdam,
341 2460 460 2510 ignoti
474 2474 574 2499 nunc
592 2460 650 2498 vel
663 2460 786 2498 minus
802 2460 910 2507 certi,
927 2458 1087 2498 natales.
1102 2459 1160 2497 De
1169 2470 1247 2508 quo
1263 2457 1369 2494 varia
1388 2454 1574 2505 disputen-

109 2528 170 2558 tur
196 2522 301 2569 licet,
325 2537 395 2560 nos
417 2524 670 2574 intelligimus
683 2524 834 2563 Octavii
859 2536 879 2561 e
899 2523 1102 2561 Scribonia
1122 2522 1317 2567 sobolem,
1338 2532 1450 2571 quam
1472 2516 1574 2554 semi-

108 2598 195 2623 nam
218 2587 319 2634 sore,
339 2588 479 2626 Julian:
508 2602 668 2640 nempe,
687 2598 818 2640 postea
841 2589 1046 2637 famosam,
1065 2600 1177 2625 nemo
1195 2596 1285 2624 tunc
1306 2592 1457 2636 poterat
1478 2580 1573 2619 omi-

108 2649 219 2687 nari:
236 2650 394 2702 decepta
414 2661 536 2703 poetae
557 2666 641 2704 spes
660 2653 800 2704 eclogae
834 2640 987 2691 sensum
1008 2653 1196 2690 incertum
1218 2651 1317 2689 fecit.
1351 2647 1425 2688 Sed
1441 2657 1572 2697 quem-

106 2727 274 2764 cumque
297 2715 487 2766 designari
506 2727 638 2768 putes,
657 2717 753 2754 nihil
774 2726 877 2755 certe
900 2718 1092 2756 Romanus
1112 2717 1236 2754 infans
1255 2727 1340 2753 cum
1357 2711 1572 2751 Judceorum

107 2786 173 2816 aut
190 2778 476 2829 Sibyllistarum
503 2781 641 2819 Messia
671 2794 873 2819 commune
904 2781 1051 2821 habuit.
1079 2783 1246 2820 Tantum
1268 2779 1315 2816 de
1343 2778 1472 2814 futuro
1493 2779 1573 2824 post

106 2842 286 2894 Magnum
302 2846 454 2883 Annum
467 2875 478 2894 ,
498 2845 606 2897 cujus
626 2846 709 2884 finis
736 2854 818 2884 tum
845 2846 1152 2898 exspectabatur,
1175 2845 1292 2883 aetatis
1308 2854 1432 2880 aurete
1451 2838 1572 2876 reditu

105 2908 306 2947 somniavit
331 2908 468 2948 Noster
486 2923 570 2960 quae
592 2910 689 2948 forte
710 2910 890 2961 praedicta
909 2911 1081 2949 audierat
1098 2911 1135 2948 in
1153 2907 1366 2959 Sibyllinis,
1388 2905 1569 2943 incertum
