1686 3500
613 242 919 288 EXCURSUS
958 241 1034 286 VI.
1384 247 1392 258 ⁸
1466 243 1593 288 505⁴

249 339 315 379 ’Ex
331 338 415 378 δέκα
431 338 473 388 δὴ
492 329 644 393 κεροῖτων
657 369 667 387 ,

91 412 127 443 et
145 403 248 456 ipse,
271 412 450 456 tanquam
471 417 593 443 novus
609 404 748 455 aliquis
767 403 965 454 surculus,
982 401 1098 442 veteri
1117 401 1228 454 stirpi
1246 403 1441 444 succedit:

591 466 693 520 Παρὰ
712 466 747 504 δὲ
768 465 873 520 φυτὸν
893 465 978 504 ἄλλο
997 464 1182 518 φυτεύσῃ,

88 530 146 571 vel
170 541 212 571 ut
227 531 344 583 paulo
365 531 464 570 infra
481 531 633 569 canitur
651 543 662 569 τ

403 593 475 634 Καὶ
493 593 572 633 τότε
587 593 629 640 δὴ
643 592 911 647 παραφυόμενον
935 592 1036 646 κέρας
1052 591 1159 644 ἄρξει.

84 659 178 705 Quae
199 659 326 698 omnia
355 658 402 696 ad
425 658 696 697 Antichristum
725 659 910 698 Neronem
932 666 970 695 et
993 657 1041 695 ad
1070 658 1281 696 Antoninos
1306 669 1354 695 eo
1378 656 1562 698 redeunte

85 722 298 775 perituros,
318 721 475 774 oblique
506 723 721 774 pertinere,
746 735 864 773 quum
883 720 1039 760 abunde
1068 720 1404 760 monstraverimus
1433 720 1473 759 in
1490 721 1563 760 Ex·

84 800 196 825 cursu
211 788 258 836 V,
274 800 362 839 cap.
378 787 414 834 8,
427 799 548 837 neque
558 786 636 838 jam
656 785 866 824 lectoribus
883 785 1025 823 nostris
1038 784 1155 823 dubia
1171 797 1251 823 esse
1267 785 1387 836 possit
1402 785 1556 836 vulgata

84 850 155 890 sub
168 851 374 891 Antoninis
395 850 443 888 ‹le
459 864 503 888 ea
527 864 569 888 re
588 850 808 903 persuasio,
832 850 962 888 relicta
982 862 1085 886 nunc
1104 848 1168 886 illa
1189 848 1463 896 controversia,
1483 861 1561 887 man

84 916 208 954 lumns
221 915 269 953 ad
289 914 409 953 libros
426 914 657 954 recentiores
671 927 883 964 novamque
903 913 951 951 de
977 912 1213 952 Antichristo
1233 911 1446 951 doctrinam
1462 941 1474 961 ,
1492 926 1558 951 su-

84 988 218 1030 perato
236 978 385 1017 dimidii
408 979 487 1016 sere
507 979 631 1016 saeeuli
651 978 876 1023 intervallo,
902 978 1105 1015 transilire.
1162 990 1164 993 ’

137 1043 331 1081 Exstincta
350 1042 631 1081 Antoninorum
650 1042 807 1090 familia,
826 1055 945 1092 quum
964 1050 1094 1093 aperte
1108 1040 1186 1092 jam
1205 1041 1387 1093 liqueret,
1403 1055 1474 1081 nec
1488 1041 1562 1081 sub

83 1107 213 1145 decem
230 1115 318 1159 post
332 1107 604 1158 Vespasianum
628 1097 926 1157 imperatoribus
939 1136 949 1154 ,
965 1120 1036 1143 nec
1064 1105 1136 1144 sul)
1163 1106 1450 1157 quintodecimo
1472 1121 1561 1159 rege

84 1173 278 1218 Romano,
302 1184 372 1209 nec
386 1170 458 1209 sub
476 1170 599 1209 tribus
618 1171 822 1209 Antoninis
843 1171 955 1209 {inem
978 1170 1094 1209 fuisse
1116 1170 1279 1209 Romani
1302 1170 1471 1223 imperii,
1487 1184 1561 1209 coe-

83 1236 140 1288 pit
165 1236 379 1275 necessario
403 1234 591 1286 Sibyllina
615 1236 779 1273 convelli
805 1234 916 1282 fides,
935 1248 1049 1287 quam
1076 1235 1165 1273 ideo
1189 1234 1328 1273 sensim
1347 1235 1561 1286 sensimque

80 1300 284 1348 defecisse,
316 1313 393 1338 non
426 1300 530 1351 apud
565 1299 700 1337 doctos
729 1307 890 1350 tantum,
925 1299 991 1337 sed
1018 1308 1055 1337 et
1083 1299 1184 1351 apud
1215 1299 1353 1351 vulgus
1383 1299 1559 1351 ignarum

81 1378 181 1416 saepe
209 1364 326 1416 magis
354 1377 466 1416 quam
493 1364 684 1415 ineptum,
713 1364 919 1402 verisimile
947 1371 1018 1405 est.
1046 1364 1144 1402 Tum
1171 1363 1328 1415 insuper
1349 1376 1370 1402 a
1401 1363 1561 1403 Neronis

80 1429 187 1468 exitu
218 1437 362 1467 tantum
393 1428 577 1480 temporis
608 1429 832 1474 effluxerat,
863 1437 902 1467 ut
935 1428 983 1466 de
1015 1427 1096 1479 ejus
1122 1428 1248 1467 reditu
1275 1428 1400 1466 minus
1421 1428 1459 1466 in
1479 1427 1561 1466 dies

81 1493 283 1544 minusque
307 1493 468 1544 cogitari
487 1502 635 1545 posset,
664 1507 782 1544 quum
804 1493 885 1544 ipse
899 1523 909 1543 ,
929 1493 960 1532 si
984 1493 1155 1541 viveret,
1175 1501 1444 1532 numeraturus
1463 1500 1561 1531 esset

81 1570 200 1596 annos
218 1557 298 1595 sere
318 1571 403 1597 cxx..
423 1558 552 1604 Quare
572 1557 674 1609 apud
693 1558 848 1596 Graecos
867 1557 1077 1608 praesertim
1098 1557 1198 1608 (nam
1218 1557 1345 1596 Latini
1359 1558 1493 1608 inagis»,
1518 1565 1561 1595 ut

79 1622 178 1660 infra
207 1621 396 1667 dicemus,
422 1623 478 1660 illi
507 1622 623 1660 hamo
647 1622 896 1672 inhaeserant)
923 1635 1000 1659 non
1026 1623 1184 1660 multum
1206 1622 1346 1660 saeculo
1366 1623 1400 1660 11
1429 1635 1561 1673 super-

82 1687 153 1725 suit
170 1685 250 1738 ejus
269 1686 518 1738 exspectatio,
541 1686 612 1725 nisi
633 1687 731 1725 forte
757 1687 859 1738 apud
881 1685 1094 1725 obstinatos
1116 1686 1302 1737 quosdam
1328 1685 1558 1737 Sibyllarum

81 1758 266 1788 amatores
285 1758 340 1798 et,
363 1749 468 1802 quod
490 1750 718 1799 notandum,
736 1750 944 1802 Sibyllistis
959 1751 1050 1802 ipsis
1069 1751 1357 1802 pertinaciores.
1376 1752 1468 1789 Nam
1486 1750 1559 1802 ipsi

79 1815 300 1867 Sibyllistae,
324 1816 390 1867 qui
422 1815 559 1853 saeeulo
582 1816 634 1854 lll
658 1816 919 1867 scripserunt,
941 1816 1051 1854 aliam
1076 1815 1124 1853 de
1149 1815 1384 1855 Antichristo
1416 1815 1557 1855 doctri-

78 1893 165 1919 nam
184 1880 349 1932 amplexi
375 1879 574 1930 videutur3
605 1893 674 1918 nec
694 1881 772 1929 jam
794 1879 842 1918 de
872 1881 1024 1920 Nerone
1046 1879 1118 1918 sub
1150 1879 1353 1918 Antoninis
1384 1879 1557 1918 redituro

78 1945 286 1997 quidquam
310 1946 568 1984 vaticinantur
589 1960 600 1992 ;
621 1944 688 1983 sed
716 1945 898 1996 quoniam
919 1945 1089 1983 Danielis
1109 1953 1146 1982 et
1177 1943 1356 1982 divorum
1378 1945 1487 1984 Pauli
1513 1958 1557 1984 ae

78 2011 236 2049 Joannis
261 2010 486 2062 prophetias
514 2009 683 2049 abnuere
712 2024 787 2048 non
813 2019 1013 2062 poterant,
1038 2011 1155 2048 alium
1181 2009 1253 2048 sibi
1276 2011 1422 2062 lingunt
1449 2011 1559 2050 Anti·

80 2074 283 2122 christum,
305 2074 489 2117 eumdem,
507 2088 620 2126 quem
635 2074 715 2126 jam
733 2075 901 2114 diximus
923 2075 969 2113 ad
997 2076 1134 2113 veteris
1150 2076 1360 2127 Synagogte
1381 2075 1558 2115 traditio-

79 2153 165 2178 nem
186 2140 302 2191 magis
321 2139 500 2178 accedere
522 2151 533 2180 ε
552 2140 677 2178 virum
694 2153 831 2192 nempe
845 2140 1048 2192 quemdam
1068 2140 1254 2191 ignotum,
1269 2149 1559 2192 portentosum,

79 2205 306 2254 immanem,
329 2218 484 2253 saevum,
510 2204 610 2243 malo
630 2204 793 2243 daemoni
815 2205 988 2254 similem,
1008 2214 1046 2244 et
1066 2219 1087 2244 a
1108 2205 1302 2253 daemone,
1321 2214 1363 2243 ut
1390 2206 1556 2252 videtur,

80 2268 164 2320 ipso
180 2270 426 2319 suscitatum,
445 2282 521 2307 non
535 2269 613 2320 jam
631 2271 820 2309 Neronem
839 2299 850 2317 ,
870 2270 934 2309 sed
958 2271 1070 2309 Belial
1088 2280 1263 2309 vocatum
1281 2300 1293 2322 ,
1317 2284 1393 2309 non
1419 2272 1554 2310 noma-

80 2347 170 2371 num
204 2348 250 2373 ex
278 2337 536 2386 Augustorum
567 2334 729 2381 familia,
755 2334 819 2373 sed
847 2334 1046 2374 llebraeum
1069 2336 1349 2375 Samaritanum
1371 2349 1419 2374 ex
1449 2335 1552 2376 tribu

80 2399 186 2447 Dan,
205 2399 271 2451 qui
293 2399 410 2437 multa
431 2399 468 2437 in
490 2400 600 2437 terris
624 2399 795 2450 prodigia
814 2430 824 2449 ,
845 2400 936 2438 falsa
955 2400 1107 2451 quidem
1130 2408 1168 2439 et
1192 2400 1360 2449 fallacia,
1383 2399 1556 2438 editurus

81 2472 201 2514 esset3
223 2464 361 2514 idque,
381 2464 434 2502 uti
461 2477 591 2502 verum
609 2464 825 2512 fateamur,
842 2465 976 2502 melius
995 2478 1081 2502 cuni
1103 2464 1351 2516 praedictione
1376 2464 1558 2502 convenit

80 2526 159 2566 divi
180 2527 287 2566 Pauli
312 2527 364 2566 ita
385 2526 608 2575 scribentis,
628 2528 674 2566 ad
694 2528 830 2567 Thess.
857 2529 913 2577 ll,
940 2528 1015 2568 loc.
1037 2528 1102 2567 cit.
1120 2542 1130 2567 z
1149 2546 1163 2562 n
1184 2529 1232 2567 Et
1256 2536 1347 2566 tunc
1367 2525 1557 2567 revelabi-

79 2609 94 2625 «
112 2599 172 2629 tur
191 2591 254 2630 ille
268 2591 603 2643 iniquus...cujns
615 2601 670 2630 est
683 2592 870 2631 adventus
881 2592 1091 2631 secundum
1110 2593 1375 2644 operationem
1394 2592 1556 2640 Satanae,

83 2673 98 2688 σι
116 2655 152 2693 ἰη
172 2656 276 2694 omni
300 2657 443 2695 virtute
462 2667 497 2696 et
515 2658 630 2710 signis
650 2667 687 2697 et
709 2657 896 2711 prodigiis
911 2657 1179 2710 mendacibus,
1202 2658 1295 2697 etin
1317 2656 1420 2696 omni
1441 2656 1556 2697 sedu-

85 2739 98 2753 ·
115 2722 242 2760 ctione
262 2722 475 2774 iniquitatis
495 2723 540 2761 iis
560 2723 625 2774 qui
643 2732 805 2775 pereunt
823 2743 852 2764 υ.

131 2787 278 2825 Nomen
294 2788 404 2825 istius
423 2788 493 2825 viri
515 2787 738 2826 hebraicum
761 2798 839 2838 est,
858 2788 962 2840 quod
984 2801 1099 2840 supra
1118 2787 1306 2836 diximus,
1337 2790 1480 2833 Belial,
1504 2786 1556 2825 ita

82 2850 261 2902 scriptum
293 2861 332 2890 ut
354 2858 418 2890 afa
439 2853 702 2904 paenultimuin
737 2853 885 2904 legatur
904 2867 913 2893 z
937 2866 1058 2904 graece
1084 2867 1177 2892 vero
1199 2851 1347 2905 Βελίαρ;
1367 2866 1410 2891 ea
1432 2851 1553 2890 forma

85 2924 259 2956 constans
279 2917 314 2955 in
336 2919 380 2957 V.
413 2926 448 2956 et
477 2919 522 2957 N.
546 2919 591 2957 T.
621 2918 779 2969 legitur,
806 2932 824 2955 a
850 2918 1001 2963 ,Graecis
1031 2931 1168 2970 neinpe
1201 2917 1441 2965 adulterata,
1464 2915 1555 2966 quia
