1686 3500
598 185 1000 238 Excuasusv.
1042 148 1062 202 Ῠ
1153 229 1157 233 ,
1365 214 1373 225 ,
1434 180 1530 230 421·

58 287 118 325 vix
138 298 207 323 nos
230 284 362 323 sinunt
377 285 492 338 hujus
510 286 692 324 carminis
708 285 893 337 originem
913 283 1007 323 citra
1027 283 1135 327 tertii,
1146 283 1271 322 saeculi
1294 282 1439 322 declive
1452 283 1530 332 jam

58 361 205 401 tempus
219 349 425 400 inquirere.
443 350 598 389 Fuerint
614 350 731 402 igitur
748 358 874 401 partes
893 349 952 387 hae
966 348 1052 386 duae
1069 348 1168 386 tertii
1186 347 1277 388 libri
1299 347 1433 387 eodem
1454 348 1533 386 fere

58 424 229 464 tempore
247 413 421 464 scriptae,
442 427 519 465 quo
539 413 627 453 libri
648 415 662 453 l
689 423 727 452 et
751 414 806 461 ll,
829 413 969 453 saeculo
998 412 1050 451 111
1072 413 1149 451 sere
1171 412 1307 451 medio.
1331 414 1387 452 De
1408 413 1533 464 patria

56 477 221 517 auctoris
245 478 454 529 quidquam
484 478 670 530 suspicari
690 480 728 517 in
746 479 810 517 illa
839 491 1017 517 versuum
1044 477 1237 528 paucitate
1254 477 1318 514 vix
1335 477 1441 525 licet,
1463 476 1534 514 nisi

56 540 157 593 quod
189 541 332 594 largior
367 542 541 593 quaedam
576 543 736 594 poeticae
767 543 947 581 dictionis
976 541 1132 580 ubertas
1168 541 1374 580 Asiaticum
1406 541 1533 593 potius

54 618 164 657 quam
187 607 488 647 Alexandrinum
508 608 606 660 sapit
623 608 833 659 ingenium.

202 910 313 950 CAP.
348 910 429 950 XV.
460 913 518 950 De
532 908 764 961 praefatione
783 914 973 958 Anonymi
985 914 1102 960 gtoeci
1119 911 1175 947 ad
1184 908 1385 958 Sibyllirm.

107 1060 200 1098 Post
234 1071 366 1098 omnes
385 1058 507 1098 libros
529 1059 652 1098 acturi
686 1072 791 1097 nunc
811 1058 966 1097 demum
990 1072 1144 1107 sumus,
1167 1058 1340 1111 quamvis
1369 1058 1406 1097 id
1435 1072 1535 1111 prae·

60 1132 214 1177 postere
237 1124 377 1165 factum
404 1124 525 1163 videri
552 1124 695 1175 possit,
719 1124 767 1162 de
789 1124 1014 1176 praefatione
1033 1137 1155 1176 graeca
1175 1138 1262 1176 quae
1282 1125 1478 1163 nonnullis
1495 1125 1537 1163 iu

61 1189 331 1241 manuscriptis
360 1190 458 1228 etin
478 1189 671 1241 plerisque
697 1197 783 1241 post
813 1188 1069 1228 Castaliouem
1096 1188 1209 1228 editis
1239 1188 1430 1240 Sibyllino
1451 1201 1536 1227 cor-

59 1253 141 1305 pori
162 1254 316 1304 praefixa
337 1253 491 1306 legitur.
512 1255 606 1302 Quae
632 1254 789 1306 quidem
811 1253 877 1293 diu
897 1254 1044 1293 credita
1064 1263 1140 1304 est,
1164 1262 1202 1292 et
1226 1267 1348 1306 usque
1368 1254 1406 1292 in
1433 1253 1535 1292 hunc

57 1318 132 1357 fere
152 1317 254 1356 diem
274 1331 296 1357 a
315 1318 544 1357 doctissimis
570 1318 684 1357 etiam
705 1319 797 1357 viris
815 1318 1043 1357 credebatur
1064 1319 1279 1358 Antimachi
1309 1318 1407 1357 fetus
1426 1329 1535 1369 esse,

57 1383 306 1422 Ferrariensis
327 1383 464 1423 medici
484 1384 613 1423 saeculi
629 1385 709 1433 XV,
729 1384 831 1423 circa
851 1398 972 1437 graeca
992 1384 1118 1423 studia
1140 1385 1347 1437 plurimum
1366 1379 1533 1434 versati3

55 1449 141 1499 quia
165 1449 312 1487 scilieet
331 1462 351 1487 a
374 1450 592 1489 Castalione
619 1450 786 1502 primum
813 1450 852 1487 in
881 1450 1003 1488 lucem
1026 1449 1127 1487 edita
1150 1449 1272 1487 fuerat
1300 1449 1373 1487 hoc
1396 1447 1507 1487 titulo
1526 1447 1542 1486 τ’

9 1540 12 1545 «
57 1511 200 1564 Μάρκου
226 1512 411 1552 Ἀντωνίου
434 1513 646 1566 Ἀντιμάχου
661 1513 844 1567 προοίμιον
877 1515 925 1557 εἷς
942 1513 1017 1556 τοὺς
1040 1512 1295 1555 Σιὸυλλιακοὺς
1329 1511 1532 1566 χρησμούς,

55 1576 168 1628 idque
189 1578 318 1620 fucum
346 1578 437 1617 fecit
455 1579 529 1630 ipsi
550 1578 746 1626 Fabricio,
769 1578 866 1618 Bibl.
890 1592 948 1629 gr.
971 1585 1001 1619 t.
1024 1579 1054 1626 l,
1077 1591 1117 1629 p.
1136 1565 1225 1626 261‘,
1246 1577 1308 1616 ed.
1336 1577 1436 1616 Harl.
1457 1576 1532 1616 Sed

57 1642 164 1694 plane
193 1644 288 1683 salso
322 1644 361 1682 id
389 1644 576 1684 creditum
603 1658 685 1683 esse
711 1644 790 1695 jam
819 1644 909 1682 olim
933 1644 972 1682 in
999 1644 1100 1681 notis
1120 1643 1166 1681 ad
1194 1651 1288 1683 tom.
1319 1643 1333 1681 l
1365 1642 1531 1681 demon-

55 1707 272 1756 stravimus,
295 1722 365 1747 nec
379 1708 620 1756 Antimaclii,
640 1708 704 1747 sed
733 1709 872 1747 veteris
897 1707 1059 1760 alicujus
1082 1707 1273 1758 Anonymi
1299 1719 1412 1745 manu
1432 1720 1534 1758 prae-

58 1771 233 1811 sationem
254 1773 354 1811 hanc
372 1786 454 1813 esse
475 1774 673 1824 scriptam.
697 1775 851 1825 Quippe
879 1773 1129 1812 Antimachus
1161 1773 1199 1810 in
1219 1772 1442 1823 apographo
1462 1785 1532 1810 suu

58 1846 266 1888 repertam,
286 1837 493 1878 Castalioni
514 1850 765 1889 anonymam,
786 1846 828 1876 ut
847 1846 930 1877 erat
950 1838 991 1876 in
1020 1837 1172 1885 codice,
1195 1836 1373 1885 miserat3
1403 1836 1434 1874 is
1459 1849 1532 1875 au-

57 1910 128 1940 tem
149 1903 197 1941 ab
217 1903 301 1955 ipso
320 1903 495 1942 mittente
525 1904 780 1954 compositam
802 1904 975 1954 putavit,
995 1911 1039 1941 ut
1061 1916 1141 1940 mos
1160 1910 1242 1940 erat
1264 1902 1365 1940 illius
1384 1911 1531 1954 tempo-

59 1967 105 2004 ris
123 1967 281 2006 eruditis
304 1968 341 2006 in
363 1981 486 2020 graeca
512 1969 685 2006 oratione
708 1967 914 2007 scribenda
934 1982 974 2006 se
993 1981 1185 2006 exercere.
1208 1967 1388 2006 Errorem
1417 1975 1533 2018 atque

58 2031 173 2081 ipsam
203 2033 346 2071 erroris
372 2046 523 2071 causam
543 2032 697 2071 abunde
715 2039 906 2071 monstrat
935 2031 1134 2082 exemplar
1161 2031 1285 2082 ipsum
1317 2029 1535 2069 Antimaehi

59 2094 170 2133 hodie
203 2105 393 2147 superstes
423 2105 462 2135 et
489 2097 610 2135 cuivis
639 2097 779 2134 volenti
813 2095 1101 2155 consulendum·
1122 2095 1160 2133 in
1186 2096 1355 2134 Caesarea
1384 2095 1533 2132 Vindo—

60 2159 167 2198 bonae
190 2160 442 2202 bibliotheca.
476 2163 606 2212 Neque
637 2162 676 2199 in
702 2161 770 2200 illo
799 2170 966 2206 tantum,
991 2160 1057 2198 sed
1089 2159 1201 2198 etiam
1230 2160 1268 2197 in
1295 2159 1533 2199 Scoriacensi

59 2224 184 2263 codiee
214 2226 356 2278 legitur
377 2227 526 2277 integra
545 2225 742 2277 praesati03
764 2225 841 2263 imo
862 2225 999 2276 partim
1033 2224 1148 2263 etiam
1181 2223 1219 2261 in
1241 2224 1376 2262 ceteris
1405 2223 1536 2278 codd.‚

59 2288 120 2338 qui
141 2289 315 2340 plerique
335 2290 467 2328 saltem
489 2303 536 2338 ex
553 2288 635 2340 ejus
654 2289 728 2326 fine
747 2288 840 2327 istos
857 2301 991 2326 versus
1010 2286 1252 2328 retinuerunt
1271 2299 1280 2323 ε

211 2349 274 2398 Εἷς
293 2353 395 2400 Θεὸς,
411 2352 447 2398 ὃς
466 2353 568 2406 μόνος
587 2353 709 2405 ἄρχει,
731 2367 766 2392 κ.
784 2368 820 2392 τ.
839 2354 885 2401 λ.,

60 2418 206 2467 quidam
234 2420 390 2470 insuper
407 2433 493 2457 cum
512 2420 738 2458 Betuleiano
760 2417 970 2469 exemplari
990 2417 1160 2457 ultimam
1191 2415 1374 2454 addentes
1400 2416 1534 2466 perio·-

60 2482 141 2520 dum
159 2482 301 2536 :yon-ep
319 2485 467 2537 εἴρηκεν,
488 2500 522 2524 κ.
538 2500 570 2523 τ.
586 2484 620 2522 λ.
640 2484 770 2530 Quum
791 2483 908 2534 igitur
926 2496 1057 2521 recens
1075 2494 1151 2520 non
1172 2481 1220 2519 sit
1242 2481 1322 2518 haec
1343 2481 1532 2533 praesatio,

62 2547 118 2584 sed
137 2549 315 2587 omnibus
335 2550 467 2587 saltem
487 2548 726 2588 exstantibus
746 2548 862 2586 hodie
890 2547 1167 2598 Sibyllinorum
1192 2544 1391 2584 codicibus
1411 2553 1533 2584 ¹ante-

63 2611 148 2660 rior,
178 2613 426 2664 quaerendum
458 2614 544 2664 quis
562 2627 644 2652 eam
671 2621 709 2651 et
729 2612 886 2663 quando
910 2611 1108 2663 scripsisse
1129 2610 1318 2647 videatur.

109 2678 321 2729 'l‘heologus
342 2678 517 2729 profecto
537 2678 608 2715 fuit
624 2707 634 2725 ‚
657 2691 716 2727 ac,
743 2677 816 2716 nisi
838 2676 1020 2724 fallimur,
1037 2675 1249 2713 monachus
1268 2672 1535 2712 describendis

62 2739 161 2779 libris
177 2756 334 2793 operam
353 2742 445 2780 dare
465 2742 600 2780 solitus
618 2757 625 2780 :
644 2741 682 2779 id
698 2741 822 2792 arguit
841 2741 955 2792 longa
974 2739 1076 2791 apud
1097 2753 1184 2778 eum
1211 2737 1450 2777 enumeratio
1469 2750 1534 2776 re-

66 2817 140 2844 rum
167 2807 466 2857 theologicarum
496 2820 590 2858 quas
624 2807 660 2844 in
693 2805 891 2856 Sibyllinis
912 2805 1071 2844 miratur
1088 2805 1265 2854 solasque
1285 2816 1375 2841 cura
1404 2801 1536 2853 (liguas

63 2878 180 2908 censet
202 2870 325 2923 (praef.
348 2872 370 2922 §
399 2870 431 2925 ι)
447 2901 456 2919 ,
479 2879 516 2910 et
534 2870 639 2922 quod
669 2883 733 2909 eos
753 2869 916 2909 maxime
941 2869 1068 2908 laudet
1087 2877 1200 2920 atque
1217 2867 1430 2913 mmmmm,
1455 2865 1537 2917 qui,
