1686 3500
170 259 262 304 504
550 257 628 302 AD
662 257 1002 304 stBYLLlNOS
1042 256 1247 303 LIBROS

166 357 375 404 finxerunt,
395 363 437 393 ut
457 354 687 406 Hippolytus
708 355 788 394 sive
805 354 1206 408 pseudo—Hippolytus
1233 352 1281 392 de
1296 353 1486 401 Antichr„
1505 367 1547 405 p.
1566 355 1629 401 33,

165 418 227 458 ed.
250 432 307 469 pr.
327 431 336 458 :
354 417 408 456 Τὸ
424 418 493 456 τῶν
520 416 698 471 Ἒὸραίων
716 417 814 470 γένος
840 417 1102 469 ἀγαπηθήσεται
1129 415 1213 470 ὑπὲρ
1230 416 1355 459 παντὸς
1376 417 1434 456 ὑπ’
1450 417 1554 457 αὐτοῦ
1572 422 1635 457 τοῦ

162 482 349 535 τυράννου,
370 482 436 521 ubi
461 491 499 521 et
519 481 674 520 additur
695 483 1079 533 liierosoiymitanum
1109 483 1290 534 templum
1324 481 1374 521 ab
1400 482 1634 522 Antichristo

163 559 298 585 rursus
313 547 519 585 excitatum
545 546 766 599 Judaeisque
785 547 976 586 redditum
997 547 1064 593 iri3
1086 547 1174 584 falsa
1202 547 1332 584 omnia
1359 555 1396 584 et
1417 559 1438 584 a
1459 546 1632 598 vulgata,

164 611 298 663 primis
312 604 443 649 saitem
461 611 638 650 Ecclesiae
655 612 813 660 saeculis,
834 611 1014 661 opinione
1027 623 1183 661 prorsus
1199 609 1339 660 atiena,
1354 623 1471 660 quum
1491 610 1630 661 potius,

161 675 528 726 unojudaIzantium
542 689 743 723 consensu,
768 674 915 713 Messiae
934 674 1005 725 ipsi
1028 673 1260 712 tribueretur
1272 687 1409 712 munus
1429 674 1504 712 hoc
1522 688 1632 726 repa-

162 739 291 777 randae
307 753 350 778 ac
370 740 774 786 restituendaesanctae
793 740 914 790 gentis
935 751 944 778 :
964 740 1097 777 confer
1118 752 1254 790 supra,
1277 752 1359 789 cap.
1380 740 1418 778 8.

213 796 316 851 Quid
335 817 426 842 vero
441 805 622 853 tumjusti
644 803 692 842 ab
711 803 829 855 impio
850 812 1012 854 tyranno
1028 802 1235 854 oppugnati
1249 804 1266 840 Ρ
1280 803 1382 848 Quid
1403 803 1476 841 nisi
1497 803 1628 850 muris,

159 878 345 919 quantum
378 868 580 916 valebunt,
609 867 813 906 defendere
834 881 873 906 se
904 867 1336 906 conabunturI’Cessuri
1370 878 1494 906 tamen
1511 867 1630 918 majo-

159 932 290 980 ribus,
310 933 364 970 uti
385 933 549 979 videtur,
575 931 738 979 viribus,
764 932 838 970 nisi
857 931 1027 970 divinum
1048 932 1203 971 assuerit
1228 933 1424 970 auxilium.
1447 933 1518 970 Hic
1538 945 1634 969 vero

160 1010 229 1035 rex.
255 1005 392 1047 potens
417 1012 438 1035 a
463 998 544 1035 Deo
563 996 698 1034 missus
720 1005 876 1047 apparet
905 996 1076 1045 (Messias
1097 997 1272 1047 nempe),
1294 996 1360 1047 qui
1377 996 1559 1046 insignem
1583 995 1631 1033 de

159 1059 394 1098 Antichristo
414 1059 570 1111 ejusque
594 1060 707 1098 sociis
727 1060 928 1098 victoriam
951 1060 1109 1107 referat,
1131 1059 1197 1097 lib.
1215 1060 1258 1107 V,
1278 1072 1316 1098 v.
1340 1072 1424 1106 107,
1443 1071 1499 1108 sq.
1518 1072 1527 1095 ε

317 1125 431 1162 Κάκεῖ
449 1139 500 1167 τις
519 1118 631 1162 θεόθεν
652 1122 811 1177 σθεναρὸς
836 1123 995 1176 βασιλεὺς
1013 1123 1220 1176 ἐκπεμφθεὶς

261 1213 263 1216 .
315 1187 455 1230 Πάντας
470 1188 542 1225 ὀλεῖ
559 1188 711 1238 βασιλεῖς
730 1188 900 1239 μεγάλους
914 1187 972 1226 καὶ
993 1187 1117 1240 ἄνδρας
1137 1186 1309 1240 ἀρίστους.

157 1250 320 1289 Attende
339 1251 453 1289 modo
472 1251 604 1288 :vides
627 1252 727 1288 inter
742 1252 867 1290 socios
883 1251 1106 1291 Antichristi
1130 1265 1236 1303 reges
1261 1250 1446 1302 quosdam
1469 1258 1506 1288 et
1526 1250 1629 1301 prin-

156 1315 259 1366 cipes
274 1315 478 1361 numerari,
492 1314 814 1366 quemadmodum
834 1316 933 1353 inter
950 1316 1078 1354 hostes
1095 1316 1240 1354 Messiae
1255 1315 1295 1353 in
1311 1316 1458 1367 psalmo
1477 1327 1512 1361 a,
1527 1328 1561 1352 v.
1577 1328 1598 1351 a
1618 1327 1629 1354 ε

156 1398 172 1414 οι
193 1380 406 1418 Astiterunt
425 1393 533 1431 reges
553 1389 675 1425 terrae,
698 1389 735 1418 et
754 1381 947 1432 principes
963 1390 1226 1419 convenerunt
1248 1382 1287 1419 in
1308 1394 1423 1418 unum
1445 1379 1630 1418 adversus

154 1461 170 1478 ι
190 1445 396 1482 Dominum
417 1453 455 1482 et
475 1444 655 1483 adversus
677 1444 870 1483 Christum
889 1444 983 1496 ejus.
1002 1464 1017 1479 ι»
1039 1445 1096 1483 lta
1121 1445 1168 1483 ad
1188 1444 1523 1484 consarcinandam
1545 1448 1628 1483 An-

156 1508 320 1546 tichristi
340 1508 537 1547 historiam
559 1508 716 1546 lacinias
737 1522 757 1547 e
775 1512 892 1547 sacris
908 1509 1018 1547 libris
1036 1509 1205 1559 undique
1225 1509 1349 1560 deripi
1369 1522 1520 1547 necesse
1537 1509 1625 1550 suit.

156 1574 232 1612 Nec
252 1573 363 1625 plura
387 1573 441 1612 ibi
467 1573 514 1612 de
532 1574 795 1614 Antichristo:
816 1575 908 1612 socii
931 1583 1075 1612 tantum
1106 1574 1205 1626 ejus,
1234 1588 1341 1626 reges
1360 1582 1396 1612 et
1414 1573 1629 1626 principes,

155 1638 347 1676 communi
367 1638 485 1677 exitio
511 1638 638 1677 traditi
661 1647 922 1677 monstrantur
947 1639 1068 1689 (simul
1089 1652 1175 1676 cum
1196 1638 1307 1690 ipso,
1329 1638 1401 1676 nisi
1425 1637 1628 1690 fallimur),

154 1714 318 1753 cumque
338 1702 384 1740 iis
404 1711 638 1754 prostratum
658 1710 836 1754 tanquam
862 1716 933 1741 una
948 1702 1054 1740 clade
1077 1703 1322 1754 deletumque
1342 1702 1540 1740 hominum
1560 1716 1628 1754 ge-

154 1779 226 1805 nus
243 1767 464 1820 (impiorum
480 1766 690 1816 videlicet),
708 1779 747 1805 v.
772 1778 844 1816 ¹09
864 1779 871 1804 :

244 1825 247 1828 Δ
315 1823 389 1870 Εἶθ’
413 1829 502 1869 οὕτω
520 1829 617 1874 τέλος
638 1829 775 1868 ἔσσεται
795 1830 935 1884 ἄφθιτον
957 1829 1208 1883 ἀνθρώποισιν,

153 1897 232 1934 sive
249 1896 359 1934 metri
379 1909 492 1934 causa
513 1895 640 1947 legere
660 1895 766 1933 maiis
788 1911 796 1933 :

313 1952 390 1998 Εἶθ’
409 1959 516 2003 οὕτως
536 1959 632 1998 ἔσται
649 1959 743 2003 τέλος
762 1960 901 2013 ἄφθιτον
925 1959 1154 2013 ἀνθρώποισιν
1170 1990 1186 2007 ,

152 2037 217 2063 seu
239 2024 378 2062 rectius
397 2023 558 2062 sortasse
574 2036 660 2061 cum
682 2023 882 2062 Lactantio
901 2036 912 2062 ε

311 2081 387 2126 Εἶθ’
405 2086 495 2126 οὕτω
513 2089 622 2139 κρίσις
642 2085 739 2125 ἔσται
759 2086 815 2125 ὑπ’
837 2086 994 2141 Ἀφθίτου
1013 2087 1261 2141 ἀνθρώποισιν.

151 2153 255 2192 Finis
269 2166 405 2205 nempe
423 2161 501 2191 tum
523 2153 586 2190 fiet
603 2152 779 2190 hodierni
800 2166 927 2191 rerum
946 2162 1079 2201 status,
1090 2153 1477 2205 simuiquejudicium
1494 2154 1627 2192 aeterni

150 2220 221 2258 Dei
245 2233 361 2271 supra
378 2220 569 2265 homines,
596 2232 751 2271 prorsus
770 2218 1094 2270 quemadmodum
1125 2219 1163 2258 in
1182 2218 1431 2271 Apocalypsi,
1455 2227 1541 2271 post
1567 2219 1625 2257 in·

150 2285 292 2324 clusam
315 2285 452 2338 abysso
471 2285 627 2325 bestiam
646 2299 732 2324 cum
754 2285 869 2324 sociis
888 2285 980 2333 suis,
1000 2299 1086 2338 cap.
1115 2299 1174 2337 ι9,
1194 2299 1229 2323 v.
1250 2298 1319 2334 ao,
1341 2285 1469 2325 statim
1485 2298 1626 2337 proce-

132 2351 256 2389 ditur
273 2350 520 2402 adjudicium
539 2351 609 2389 Dei
633 2359 868 2397 extremum,
895 2364 979 2402 cap.
1007 2364 1069 2398 20,
1093 2365 1130 2391 ν.
1157 2358 1195 2401 4,
1215 2364 1298 2402 sqq.

202 2418 289 2455 Haec
305 2425 361 2454 est
377 2416 424 2454 de
446 2415 679 2455 Antichristo
696 2415 869 2454 doctrina
885 2415 971 2454 iibri
991 2417 1037 2464 V,
1056 2429 1170 2466 quam
1187 2415 1280 2454 locis
1292 2415 1486 2454 nonnuliis
1505 2416 1627 2454 inter-

152 2481 314 2532 preti-ari
336 2480 489 2519 videtur
502 2481 598 2519 liber
616 2481 683 2528 111,
696 2482 722 2532 ὗ
741 2483 761 2520 3
774 2509 783 2527 ,
805 2494 869 2519 seu
892 2495 980 2533 pars
994 2480 1117 2519 media
1134 2480 1234 2519 libro
1253 2481 1365 2518 tertio
1384 2481 1624 2533 interpolata,

155 2546 209 2583 uti
227 2544 404 2593 diximus,
423 2544 471 2583 ab
487 2545 571 2596 ipso
589 2545 676 2583 libri
699 2545 825 2596 quinti
843 2545 1043 2596 scriptore.
1066 2546 1148 2584 Non
1173 2544 1284 2582 aliter
1311 2544 1411 2582 enim
1440 2558 1551 2595 quam
1579 2544 1626 2582 de

151 2609 387 2650 Antichristo
403 2611 573 2661 capimus
593 2610 694 2648 hunc
714 2615 879 2660 versum,
897 2611 963 2661 111,
983 2616 1081 2658 470:

311 2673 431 2717 Ἄλλος
448 2675 507 2712 ἀπ’
527 2674 680 2721 Ἰταλίης
695 2674 853 2724 λυμήτης
873 2673 982 2719 ἵξεται
999 2673 1085 2727 ἀνήρ
1100 2704 1111 2720 ,

152 2747 190 2776 et
209 2738 246 2775 in
265 2737 339 2775 alio
353 2767 363 2785 ,
385 2737 450 2775 sed
479 2737 712 2788 perobscuro
736 2739 819 2776 loco
832 2768 841 2785 ,
860 2738 890 2776 si
916 2751 1005 2776 sana
1030 2747 1085 2776 est
1104 2738 1367 2790 interpretatio
1387 2747 1529 2783 nostra,
1550 2752 1622 2789 qua

154 2802 288 2841 melior
307 2802 410 2840 nuila
433 2803 633 2848 succurrit,
655 2815 766 2840 unam
785 2816 806 2840 e
826 2802 954 2841 decem
973 2803 1173 2841 Antoninis
1194 2802 1435 2855 superstitem
1457 2802 1622 2841 radicem

155 2868 249 2907 falce
270 2865 425 2906 demetit
443 2867 722 2918 Antichristus,
744 2881 776 2904 v.
802 2869 888 2917 396,
911 2881 1021 2918 sqq.:

311 2930 428 2976 Ῥίζαν
449 2930 503 2970 ἴαν
523 2947 578 2982 γε.
597 2960 605 2971 .
623 2931 683 2978 ,ἣν
707 2931 764 2970 καὶ
784 2930 880 2980 κόψει
905 2931 1128 2984 Βροτολοιγὸς
