1752 3495
586 220 666 264 AD
699 218 1027 264 ssxcURsUM
1062 195 1118 264 11'.

278 319 324 358 Et
340 326 430 356 vota
443 317 602 369 accipiet
619 329 704 355 cum
724 317 840 355 fratre
860 316 1077 368 Amphione
1094 318 1255 364 Zethus,

276 383 434 421 Lumine
449 381 527 432 jam
542 380 640 421 Solis
658 382 830 420 Taurum
848 381 1057 420 irradiante
1073 372 1255 420 calentem
1268 411 1278 429 ,

275 447 335 485 Tu
347 459 487 485 noxam
503 446 706 484 instantem
728 446 863 496 patriae
880 446 1004 483 vitare
1021 453 1212 484 memento
1235 460 1244 483 :

275 513 446 562 Namque
461 505 527 548 olli
547 511 672 562 fruges
686 511 815 548 videas
833 524 1091 557 marcescere,
1110 511 1140 548 si
1157 512 1244 562 quis

272 577 429 615 Terram
448 577 599 615 auferre
613 583 745 627 queat,
764 576 962 627 Phocique
985 589 1182 627 apponere
1200 575 1328 615 busto.

1430 270 1436 279 .
1490 219 1580 264 137

505 753 526 780 E
546 751 758 781 VARtomJM
780 752 966 782 vutoRUM
988 750 1197 782 ORACULts.

781 838 902 868 MUSAEt
912 862 918 868 ,

836 914 864 947 l.
1536 917 1553 936 ⁶

273 978 456 1017 Protinus
471 977 529 1016 his
547 978 677 1017 Tellus
691 979 879 1030 sapientes
898 992 964 1016 ore
985 979 1154 1030 loquelas

275 1045 421 1091 Edidit,
438 1054 475 1083 et
494 1047 633 1096 Pyrcm
653 1055 752 1094 tuns,
772 1061 796 1084 ο
815 1048 1004 1098 Neptune,
1027 1048 1209 1085 minister.

832 1121 880 1157 11.

169 1188 225 1227 lta
250 1195 292 1225 ut
322 1187 479 1225 oracula
512 1187 782 1238 implerentur,
800 1188 839 1225 in
860 1188 993 1240 primis
1010 1201 1096 1239 quae
1118 1188 1166 1227 de
1188 1188 1253 1229 illo
1272 1187 1400 1226 navali
1413 1187 1461 1226 ad
1480 1187 1586 1227 Sala-

121 1253 254 1292 minem
272 1252 406 1303 praelio
422 1252 524 1290 edita
540 1252 721 1290 seruntur
738 1266 759 1291 a
773 1253 915 1291 Bacide
933 1262 970 1291 et
987 1253 1141 1291 Musaeo.
1313 1254 1320 1264 '

815 1326 886 1363 111.

167 1395 255 1432 Haec
269 1393 316 1432 de
336 1407 462 1447 pugna
477 1393 826 1432 Thermodontiaca
859 1394 1027 1446 reperias
1047 1394 1149 1446 apud
1169 1394 1368 1443 Bacidem,
1383 1403 1421 1433 et
1436 1394 1496 1432 his
1514 1393 1584 1432 alia

54 1491 57 1494 ,
120 1459 321 1508 simillima,
338 1473 423 1511 quae
442 1473 462 1497 a
480 1460 627 1499 Musaeo
645 1459 826 1510 praedicta
845 1468 934 1497 sunt
948 1461 985 1498 in
1005 1462 1151 1499 Persas.

54 1522 58 1529 “
819 1533 883 1570 IV.

271 1598 496 1649 Cecropidis
511 1600 651 1637 etenim
673 1612 794 1637 saevus
809 1599 1082 1649 superingruet
1096 1598 1234 1646 imber,

272 1663 421 1701 Fraude
437 1663 603 1711 ‹lucum;
621 1664 687 1701 sed
707 1664 779 1702 erit
794 1663 925 1701 damni
948 1665 1117 1702 solamen
1138 1662 1266 1701 acerbi
1287 1678 1296 1701 ε

272 1728 425 1781 Quippe
443 1729 575 1768 urbem
597 1729 753 1767 minime
768 1729 919 1777 sallent,
934 1729 999 1768 sed
1018 1729 1114 1767 sacta
1138 1728 1310 1780 piabunt.

827 1804 871 1838 V.

169 1871 279 1916 Quod
298 1871 516 1923 adjacentes
534 1872 679 1911 Lemno
695 1871 828 1909 insulae
846 1870 1051 1921 aliquando
1072 1870 1167 1909 mari
1181 1878 1305 1909 essent
1325 1870 1559 1910 hauriendae.

790 1958 914 1988 EUCLl.

834 2032 864 2069 1.

276 2106 322 2145 lit
345 2114 425 2143 tum
445 2106 646 2143 fluctisona
665 2106 703 2143 in
724 2106 855 2157 Cypro
876 2119 916 2144 se
939 2119 1097 2156 magnus
1112 2106 1160 2144 ad
1182 2120 1314 2154 auras,

274 2170 433 2210 Attollet
455 2178 581 2218 vates,
597 2171 722 2221 pariet
742 2183 854 2222 quem
871 2170 932 2208 dia
952 2170 1149 2209 Themisto

274 2236 393 2283 Rure,
417 2244 503 2273 tuos
524 2243 646 2281 extra,
669 2235 825 2289 Salamis
853 2235 1059 2282 ditissima,
1078 2248 1220 2274 muros.

272 2299 498 2338 posthabita
515 2301 659 2352 Cypro,
680 2300 793 2338 maris
816 2300 879 2338 hic
904 2309 1106 2351 provectus
1126 2300 1165 2338 in
1191 2299 1327 2347 undas,

121 2404 255 2436 carmine
275 2402 444 2444 significari
468 2403 562 2435 docet
585 2402 729 2434 navalem
754 2411 814 2443 pn-

122 2460 210 2490 gnam
227 2451 267 2483 ad
283 2453 547 2491 ,agos-Potamos,
563 2450 646 2482 sicut
659 2451 690 2481 in
705 2450 813 2490 fragm.

123 2502 188 2531 vul
206 2499 335 2530 incertae
348 2498 487 2538 sibyttae,
503 2506 609 2538 supra,
634 2506 664 2538 p.
681 2500 750 2537 124,
767 2506 834 2539 sq.¹

892 2411 995 2443 (1nens
1013 2402 1052 2433 de
1065 2406 1203 2434 Homero
1226 2401 1432 2444 vaticinium,
1454 2402 1590 2444 posteris

889 2449 1086 2489 temporibus
1099 2449 1286 2481 confictum.

930 2501 960 2530 7.
976 2501 996 2528 Ε
1009 2496 1174 2534 Pausania,
1186 2496 1326 2536 Phocic„
1339 2504 1409 2537 cap.
1420 2497 1590 2537 nuperus

161 2550 187 2577 6.
210 2549 253 2577 Ex
270 2544 438 2584 Herodoto,
453 2545 507 2575 lit).
523 2547 589 2583 VH,
606 2543 626 2586 ἓ
641 2549 672 2583 6,
685 2543 738 2574 sed
754 2546 820 2574 tan·

123 2601 214 2632 quam
236 2591 461 2631 interpolatum
487 2591 595 2623 Musa-i
617 2590 756 2622 oraculis
777 2591 817 2621 ab

124 2639 336 2677 Onomacrito,
359 2647 454 2678 quem
479 2647 516 2670 eo
541 2638 674 2670 crimine
691 2638 818 2678 pulsum

125 2687 154 2716 in
175 2686 319 2718 exsilium
337 2694 355 2717 a
372 2686 536 2717 Pisistrato
551 2685 647 2717 fuisse
663 2688 778 2716 narrat.

163 2738 192 2766 6.
216 2737 260 2765 De
277 2733 392 2772 Euclo,
409 2731 462 2772 qui
479 2741 580 2772 gra-ce
596 2733 726 2768 Εὗκλοος
750 2731 820 2763 sive

126 2780 267 2820 Εὕκλους,
285 2781 392 2811 confer
417 2779 510 2810 Fabr.
530 2782 552 2810 t.
570 2782 605 2813 1.
634 2788 666 2820 p.
692 2781 744 2819 35,
770 2778 819 2813 ed.

127 2826 205 2859 Harl.
234 2830 264 2858 ls
288 2829 361 2858 ante
392 2829 563 2858 Homerum
587 2825 716 2857 oracula
738 2825 817 2857 scri-

126 2873 220 2911 psisse
234 2872 404 2911 serebatur,
416 2873 471 2904 scd
487 2872 576 2911 salso,
590 2880 649 2904 nec
660 2871 700 2903 ob
710 2871 817 2912 aliam,

126 2921 158 2950 ut
181 2918 316 2959 videtur,
333 2927 481 2958 causam,
495 2926 589 2959 quam
617 2920 744 2959 propter
766 2926 816 2950 se-

890 2543 950 2574 hoc
965 2543 1093 2583 quidem
1107 2542 1146 2574 de
1163 2547 1309 2582 Homero,
1324 2551 1419 2582 quem
1437 2543 1588 2583 cyprium

890 2589 979 2629 fingit
996 2589 1110 2620 Euctus
1123 2589 1269 2628 Cyprius.
1286 2593 1416 2620 Matrem
1427 2596 1504 2620 vero
1519 2587 1588 2628 ejus
1614 2609 1620 2618 .

888 2637 1063 2676 Themisto,
1077 2636 1207 2676 patriam
1220 2636 1297 2667 facit
1309 2635 1467 2668 Salamina
1481 2635 1587 2676 Cypri.

892 2686 928 2715 Et
943 2683 1005 2714 huc
1022 2683 1159 2723 pertinet
1174 2683 1340 2714 salaminis
1356 2691 1472 2714 nomen
1489 2683 1520 2714 in
1534 2681 1588 2714 illo

891 2730 1048 2762 notissimi
1066 2739 1174 2761 versus
1194 2730 1392 2762 hemistiehio
1412 2739 1420 2760 :
1438 2730 1586 2770 Σαλαμὶν,

890 2777 976 2814 Χίος,
988 2777 1106 2817 Ἄργος,
1123 2778 1253 2814 Ἀθῆναι.
1269 2780 1348 2808 Cum
1369 2776 1464 2816 hujus
1480 2778 1586 2807 autem

889 2823 1010 2855 oraculi
1031 2824 1091 2854 tine
1107 2823 1318 2855 conserendus
1343 2823 1473 2855 omnino
1498 2822 1586 2855 locus

889 2871 1116 2910 Sibyllinorum
1127 2873 1320 2910 nostrorum,
1332 2869 1386 2902 lib.
1400 2873 1454 2909 111,
1466 2878 1496 2901 v.
1513 2872 1585 2908 419,

889 2927 959 2959 sqq.
982 2918 1096 2959 partim
1112 2918 1244 2950 sortasse
1261 2917 1334 2950 hinc
1347 2916 1544 2958 desumptus.
