1686 3500
167 154 262 200 498
384 134 386 137 ’
458 215 460 219 v
549 151 630 194 An
662 150 1015 195 smYLmNos
1050 149 1257 195 Llssaos

169 265 239 290 nos
253 250 471 290 distractum
487 247 667 287 civilibus
694 247 803 286 bellis
822 248 1025 300 imperium
1053 248 1227 285 fatiscere
1248 246 1381 297 coepit,
1399 254 1436 284 et
1453 254 1632 297 tanquam

169 316 275 353 linito
294 313 414 352 veteri
438 312 605 359 mundo,
632 312 771 350 sensim
796 326 920 351 novus
939 325 1063 350 rerum
1085 310 1181 349 ordo
1194 310 1408 350 succedere.

223 381 270 420 Et
287 388 376 418 nota
391 391 506 429 quam
525 377 606 416 haec
623 379 854 418 conveniant
870 391 955 416 cum
980 377 1297 428 interpretatione
1315 385 1445 414 nostra
1467 376 1634 414 Pseudo·

167 450 365 504 prophetae
379 448 662 501 Apocalyptici,
681 462 796 500 quem
817 448 982 486 diximus
1005 459 1086 485 esse
1106 447 1319 485 Romanum
1344 447 1634 498 imperatorem,
1667 459 1671 462 ’

165 530 241 554 non
259 515 359 553 hunc
377 514 578 561 antinum,
595 513 661 551 sed
679 513 852 564 quemvis
866 512 1078 551 christianae
1095 511 1266 562 religioni
1283 519 1535 559 aversantem,
1547 510 1634 561 jure

165 580 310 632 quippe
334 577 717 629 pseudoprophetam
741 578 905 626 dictum,
933 577 1038 627 quod
1062 576 1423 627 summus'pontisex
1439 584 1535 613 essi-t
1560 576 1635 614 Ro-

166 658 285 682 manae
312 644 527 695 religionis,
549 643 608 680 cui
632 656 703 694 per
727 654 858 680 omnes
875 650 1006 693 gentes
1036 641 1295 692 propagandae
1314 655 1411 678 unus
1440 649 1632 691 praeesset.

167 710 308 748 Everso
331 709 448 760 igitur
469 709 635 758 Nerone,
656 704 933 758 lingebantsibi
950 705 1073 744 Jndzei
1101 714 1138 744 et
1167 705 1266 743 bona
1289 718 1374 756 pars
1394 705 1635 743 Christiano-

163 787 263 821 rum,
292 781 418 810 actum
443 785 524 810 esse
543 771 589 809 de
612 770 772 822 imperio
798 769 972 808 Romano
998 783 1041 807 ac
1068 769 1114 807 dc
1139 770 1229 807 falsa
1259 769 1443 820 religione
1465 784 1474 809 :
1495 769 1635 820 quibus

160 838 287 876 denuo
301 837 372 875 sub
387 837 622 887 Vespasiano
637 833 1003 880 convalescentibus,
1024 833 1230 872 videbatur
1245 834 1374 884 aliquo
1393 833 1508 871 modo
1522 843 1637 885 caput

160 902 256 940 illud
277 901 450 953 imperii,
471 899 574 951 quod
597 899 765 937 occisum
784 898 973 936 creditum
1001 907 1097 944 erat,
1119 899 1312 936 revixisse.
1343 899 1396 935 lta
1417 911 1507 936 sane
1532 912 1540 935 ε
1570 897 1635 935 scd

160 966 256 1005 rude
279 966 429 1016 vulgus,
451 964 601 1002 diffusis
620 963 667 1001 de
686 964 838 1002 Nerone
863 962 1001 1001 sabulis
1025 971 1349 1014 praeoccupatum,
1370 963 1478 1000 aliter
1497 962 1637 1000 intelli-

161 1032 297 1084 gebat,
315 1045 386 1069 nec
406 1030 608 1080 figuratum
631 1028 822 1067 Neronem
836 1058 846 1076 ,
868 1028 933 1067 sed
953 1041 1082 1066 verum
1107 1042 1151 1067 ac
1169 1028 1294 1066 vivum
1315 1026 1387 1065 snb
1411 1028 1635 1065 Antichristi

160 1109 325 1148 persona
346 1093 608 1145 exspectabat.

214 1162 306 1199 Eam
327 1158 607 1211 persuasionem
633 1157 711 1208 jam
732 1171 751 1195 a
775 1158 990 1209 Vespasiani
1015 1157 1253 1209 temporibus
1276 1170 1393 1208 nsque
1412 1157 1459 1195 ad
1479 1158 1637 1195 Antoni-

156 1239 228 1264 nos
244 1233 282 1263 et
303 1227 398 1261 ultra
422 1234 704 1273 perseverasse,
726 1222 784 1259 vel
801 1222 873 1273 ipsi
892 1221 1071 1273 Sibyllini
1089 1222 1177 1260 libri
1201 1222 1317 1260 variis
1337 1221 1469 1272 scripti
1488 1230 1635 1272 tempo-

159 1290 264 1328 ribus
283 1286 505 1326 ostendunt.
522 1287 616 1324 Nam
631 1285 776 1336 primus
789 1287 960 1323 occurrit
981 1286 1079 1324 liber
1102 1288 1161 1332 lv,
1183 1286 1248 1324 ubi
1264 1286 1387 1338 palam
1408 1286 1456 1324 de
1471 1287 1636 1325 Neronis

159 1357 247 1407 fuga
265 1355 344 1392 haec
362 1354 555 1404 leguntur,
576 1365 610 1390 v.
638 1352 707 1389 116
724 1351 853 1403 (119),
875 1364 934 1402 sq.
954 1364 963 1390 ε

318 1417 389 1457 Καὶ
401 1417 474 1456 τότ’
488 1415 547 1454 ἀπ’
564 1414 716 1462 Ἰταλίης
737 1414 898 1466 βασιλεὺς
915 1414 1048 1466 μέγας,
1070 1410 1124 1459 οἶά
1144 1431 1181 1454 τε
1201 1417 1342 1469 δροίτης,

313 1481 462 1527 (ludis-»³
482 1480 653 1534 ἄφαντος,
669 1480 843 1525 ἄπυστος,
864 1477 949 1533 ὑπὲρ
963 1478 1069 1533 πόρον
1088 1478 1294 1534 Εὐφρήταο,

158 1559 196 1588 et
217 1561 305 1587 mox
319 1547 366 1585 (le
382 1545 550 1597 ejusdem
570 1544 714 1591 reditu,
729 1556 765 1582 v.
785 1545 855 1588 134
875 1544 1001 1595 (137),
1023 1557 1107 1595 sqq.
1124 1559 1132 1581 :

323 1612 381 1653 Et:
403 1609 437 1648 δὲ
453 1608 548 1648 δύσιν
566 1608 644 1647 τότε
663 1614 772 1652 νεῖκος
786 1609 1003 1662 ἐγειρομένου
1019 1609 1186 1660 πολέμοιο

318 1677 433 1723 Ἥξει,
447 1676 505 1715 καὶ
521 1672 664 1728 Ῥώμης
683 1677 701 1714 ὁ
721 1674 841 1729 φυγὰς,
857 1675 947 1728 μέγα
968 1675 1068 1728 ἔγχος
1083 1676 1224 1730 ἀείρων,

321 1740 508 1797 Εὐφρήτην
525 1739 646 1785 διαὸὰς
659 1741 805 1784 πολλαῖς
819 1740 894 1793 ἅμα
916 1741 1156 1795 μυριάδεσσιν.

159 1810 313 1856 Veniet,
334 1807 480 1858 inquit,
505 1806 703 1857 Euphrate
721 1806 882 1857 trajecto
899 1820 985 1845 cum
1008 1807 1136 1845 multis
1163 1807 1362 1846 hominum
1387 1807 1574 1857 millibus,
1599 1816 1634 1847 et

160 1889 264 1916 arma
286 1874 381 1911 feret
400 1873 438 1910 in
458 1871 767 1918 Occidentem‚id
789 1880 861 1918 est,
876 1879 917 1910 nt
931 1884 1000 1923 per
1019 1885 1057 1910 se
1075 1873 1166 1910 satis
1180 1873 1315 1923 liquet,
1338 1881 1453 1924 utque
1476 1874 1635 1911 111011111-

160 1939 268 1977 diciis
299 1936 428 1975 multis
461 1935 679 1982 evincetur,
712 1935 750 1973 in
778 1936 928 1986 Syriam
958 1937 1144 1988 primum,
1172 1937 1312 1976 deinde
1336 1938 1375 1975 in
1406 1938 1567 1978 ltaliam.
1589 1940 1637 1977 At

161 2003 263 2043 unde
283 2010 405 2041 tantas
419 2001 482 2039 ille
506 2001 661 2052 copias?
678 2002 795 2039 'facet
816 2009 935 2048 vates,
956 2000 1071 2053 idque
1092 2016 1161 2040 nos
1180 2004 1335 2054 penitus
1355 2002 1634 2054 ignoraremus,

160 2069 232 2107 nisi
254 2067 417 2106 licercte
437 2079 553 2117 supra
566 2065 678 2103 dictis
702 2066 758 2103 vel
779 2066 878 2104 infra
897 2066 1087 2114 dicendis,
1111 2076 1227 2118 atque
1243 2081 1290 2106 ex
1310 2068 1399 2106 libri
1413 2068 1537 2119 quinti
1552 2068 1637 2113 lide,

160 2133 301 2172 auxilia
329 2131 401 2182 ipsi
430 2132 635 2169 Persarum
663 2129 827 2179 addere,
858 2144 1023 2182 cumque
1051 2132 1096 2169 iis
1132 2133 1390 2171 Romanorum
1422 2134 1638 2184 transfugas

159 2198 308 2250 (confer
327 2196 425 2234 infra
447 2194 616 2233 notanda
633 2195 680 2233 ad
701 2208 740 2235 v.
766 2195 853 2244 137,
870 2196 957 2247 sq.),
979 2205 1016 2234 et
1035 2210 1130 2247 quas
1148 2197 1276 2235 eundo
1293 2200 1393 2236 vires
1409 2198 1636 2248 collegisset.

161 2262 235 2302 Sed
262 2260 371 2300 multi
396 2268 569 2298 veterum
589 2260 917 2310 septemtrionales
939 2261 994 2299 illi
1013 2263 1177 2313 populos
1200 2262 1476 2314 adjungebant,
1496 2264 1581 2313 Gog
1600 2270 1636 2299 et

164 2329 315 2378 Magog,
343 2338 389 2363 ex
413 2324 624 2363 Ezechielis
655 2325 856 2377 prophetia
887 2339 1003 2377 supra
1036 2327 1227 2374 discussa,
1259 2341 1346 2379 pag.
1373 2333 1441 2378 491
1461 2358 1472 2376 ,
1499 2341 1574 2379 sq.‚
1601 2334 1637 2364 et

161 2391 447 2443 Apocalypseos
471 2389 581 2437 loco,
607 2402 690 2441 cap.
714 2403 777 2438 20,
802 2404 835 2428 v.
852 2404 894 2438 7,
914 2390 990 2428 alio
1020 2400 1142 2429 tamen
1173 2392 1402 2442 pertinente,
1430 2405 1567 2442 nempe
1587 2393 1632 2429 ad

161 2457 274 2494 alium
294 2455 331 2492 in
351 2455 423 2492 fine
438 2467 566 2491 rerum
585 2454 870 2493 Antichristum.
891 2455 1055 2502 Quidam
1077 2456 1188 2494 ctia‘ni
1205 2456 1362 2494 reduces
1385 2469 1472 2494 cnm
1493 2456 1576 2507 ipso
1590 2469 1635 2494 ex

160 2521 316 2560 Oriente
333 2521 462 2558 decem
480 2518 603 2557 tribus
618 2518 691 2557 huc
703 2519 920 2567 adduxere,
944 2519 1009 2558 sed
1033 2520 1127 2558 falso
1148 2533 1157 2559 ι
1178 2521 1361 2571 quoniam
1382 2521 1476 2566 illas,
1499 2522 1635 2559 messia

160 2585 271 2632 duce,
284 2597 361 2622 non
377 2584 629 2634 Anti-Messia,
645 2584 847 2633 redituras,
865 2594 1042 2623 constans
1061 2585 1132 2622 fuit
1150 2584 1371 2623 Jndaeorum
1385 2585 1633 2636 exspectatio.
1666 2593 1671 2598 ’

211 2649 348 2688 Statim
367 2662 461 2685 vero
487 2657 571 2699 post
595 2650 757 2688 Neronis
783 2649 949 2687 reditum
971 2649 1192 2701 praedicitur
1220 2651 1257 2688 in
1287 2659 1417 2689 nostro
1443 2650 1542 2688 libro
1566 2650 1633 2698 lv,

157 2728 197 2756 v.
229 2713 298 2761 137
322 2712 441 2764 (140),
461 2725 533 2763 sq.‚
556 2713 768 2752 Antiochiae
794 2714 923 2759 ruina3
953 2727 1077 2765 neque
1105 2714 1143 2752 id
1165 2715 1321 2762 mirum,
1342 2716 1431 2767 quia
1458 2729 1632 2753 necessa-

156 2780 215 2818 rio
232 2792 253 2817 e
273 2777 431 2816 Parthia
453 2778 616 2816 venienti
643 2791 711 2829 per
732 2779 968 2817 Antiochiam
989 2779 1062 2817 iter
1081 2780 1163 2818 suit.
1192 2780 1412 2826 Notandum
1437 2790 1562 2818 tamen
1591 2779 1627 2817 id

155 2843 265 2896 quod·
281 2844 318 2881 in
336 2842 454 2881 veteri
473 2843 694 2881 recensione
712 2843 920 2894 legebatur,
940 2843 1081 2882 Ἰταλῶν
1100 2845 1164 2884 ὑπὸ
1184 2845 1339 2898 δούρασι,
1359 2845 1463 2896 quod
1481 2845 1525 2882 de
1544 2847 1623 2883 Λη-
