1737 3495
0 3344 11 3484 *ffld-,s-.„

571 195 650 239 AD
677 192 1012 239 JEXCURSUM
1046 192 1125 235 tv,
1437 232 1446 245 ,
1482 191 1576 238 307
1593 173 1626 260 ῥ’

113 297 300 352 Sibyllinis
335 294 475 334 subulis
502 292 712 346 proesertim
745 291 848 330 circa
871 289 948 340 'illa
980 297 1149 340 tempora
1183 289 1428 344 seracissiniae.
1467 290 1580 342 Apud

112 378 220 419 quem
241 361 312 401 sub
336 360 422 412 ipso
445 359 575 411 operis
593 357 701 395 initio
727 355 772 394 ad
794 354 995 395 Octaviani
1015 353 1364 404 principatumliaec
1380 355 1580 407 leguntur:

111 450 126 465 ι
144 430 250 468 ilunc
279 424 414 476 populi
441 422 602 462 Romani
632 420 823 459 videntes.
838 448 848 458 .
865 447 874 456 .
901 418 1003 469 quod
1025 427 1144 457 tutum
1168 417 1350 455 mundum
1367 418 1439 457 sibi
1462 418 1581 458 tribu·

112 492 272 531 «tarium
301 489 461 535 fecerat,
491 487 625 526 dicunt
651 486 687 523 ei
708 500 716 524 ε
735 484 997 524 'rc-volumus
1023 482 1204 529 adorare,
1227 482 1317 533 qnia
1335 481 1455 521 deitas
1483 484 1522 522 in
1544 493 1582 522 te

100 550 128 593 ἰ
143 565 213 596 est.
228 583 239 594 .
255 553 348 600 .Qui
368 565 529 590 renuens
547 550 724 589 inducias
742 549 960 600 postulavit,
976 555 1014 585 et
1030 547 1076 584 ad
1093 560 1133 584 se
1143 546 1327 596 Sibyllam
1341 545 1581 586 Tiburtinam

114 620 350 672 «sapientem
376 617 554 664 vocavit,
581 615 663 662 cui,
692 613 797 665 quod
826 621 1021 651 senatores
1043 611 1245 658 dixerant,
1280 610 1469 651 recitavit.
1490 613 1585 658 Qua.-

114 706 127 722 α
141 683 300 737 spatium
325 682 439 719 trium
455 682 604 719 dierum
624 680 756 731 petiit,
773 679 810 716 in
828 676 969 729 quibus
982 675 1326 727 arctuinjejuninm
1343 684 1501 727 operata
1517 685 1587 715 est.

114 770 127 782 κ
143 752 231 790 Post
253 748 406 785 tertium
427 746 527 785 diem
545 742 744 796 respondit
762 741 983 794 imperatori
1005 741 1078 778 hoc
1094 740 1211 778 modo
1229 754 1239 780 z

213 830 228 847 a
246 811 386 851 Judicii
407 811 579 862 signum,
599 817 676 847 etc.
695 807 794 860 [tota
814 808 989 858 sequitur
1008 805 1232 844 acrostichis
1251 805 1462 858 Sibyllina}
1495 814 1497 818 ’

116 900 130 916 u
149 880 251 919 illico
270 885 450 928 apertum
471 884 527 913 est
553 875 687 912 caelum
701 903 711 921 ‚
731 882 767 910 et
785 872 927 910 nimius
945 871 1129 921 splendor
1156 871 1269 909 irruit
1286 885 1405 922 super
1423 886 1532 919 eum,
1550 881 1589 912 et

116 963 129 979 ι
143 944 236 982 vidit
252 942 289 980 iu
304 941 395 979 caelo
410 939 614 992 quamdam
631 937 929 989 pulcherrimam
944 936 1131 987 virginem
1148 944 1308 974 stantem
1323 949 1440 987 super
1455 938 1589 988 altare,

116 1028 131 1044 ι
148 1021 307 1061 puerum
345 1014 534 1043 tenentem
564 1004 603 1041 in
628 1003 817 1048 brachiis,
843 1011 882 1039 et
903 1001 1058 1039 miratus
1082 1008 1138 1038 est
1155 1000 1290 1048 nimis,
1317 1009 1355 1038 ot
1382 1014 1512 1039 vocem
1533 1002 1592 1040 di·

80 1077 83 1079 ’
117 1084 286 1115 mentem
309 1071 585 1110 audivitzllaec
609 1084 674 1108 ara
703 1069 772 1107 filii
798 1069 868 1106 Dei
900 1076 971 1107 est.
1001 1067 1076 1114 Qui
1096 1067 1221 1105 statim
1247 1067 1454 1118 projiciens
1482 1083 1522 1107 se
1552 1069 1590 1107 in

115 1145 133 1174 ⁴·
150 1150 286 1180 terram
307 1137 493 1176 adoravit.
521 1137 646 1183 Quam
664 1135 848 1172 visionem
869 1132 1110 1172 senatoribus
1137 1132 1284 1181 retulit,
1308 1141 1344 1170 et
1370 1133 1442 1185 ipsi
1464 1136 1590 1173 mirati

119 1214 230 1244 ..sunt
245 1203 371 1243 nimis.
387 1205 471 1240 llaec
493 1201 590 1239 visio
606 1200 678 1237 suit
692 1201 728 1237 in
747 1212 896 1237 camera
913 1197 1112 1237 Octaviani
1132 1198 1390 1248 imperatoris,
1413 1199 1476 1237 ubi
1492 1213 1594 1240 nunc

118 1293 131 1306 ,ι
149 1279 202 1309 est
228 1267 396 1308 Ecclesia
426 1274 567 1305 sanctae
585 1264 719 1302 Mariae
744 1263 782 1301 iu
809 1262 1026 1314 Capitolio,
1053 1261 1118 1301 nbi
1141 1276 1244 1300 nunc
1267 1263 1402 1301 fratres
1424 1264 1592 1304 Minores

120 1355 134 1372 ι
151 1344 247 1375 sunt.
263 1352 277 1367 »ι

170 1402 342 1440 Fratrum
364 1399 556 1437 minorum
581 1395 723 1434 mentio
742 1403 844 1434 recte
865 1394 901 1432 in
920 1394 1057 1434 Poloni
1076 1403 1248 1446 tempora
1267 1396 1369 1434 cadit
1383 1426 1393 1443 ,
1412 1396 1592 1447 quoniam

120 1467 215 1506 illius
238 1464 418 1504 Ecclesiae
435 1462 680 1514 proximique
695 1460 863 1499 coenobii
884 1469 921 1499 et
939 1460 1058 1499 totius
1075 1460 1379 1511 circumjacentis
1392 1473 1489 1499 arcae
1508 1465 1602 1512 posi

122 1531 230 1570 sessio
245 1543 264 1567 a
286 1526 540 1566 Benedictinis
554 1527 600 1564 ad
620 1526 891 1565 1⁴¹1·anciscauos
908 1525 1089 1562 translata
1110 1533 1206 1574 erat,
1222 1539 1324 1563 anno
1344 1527 1453 1572 1250,
1471 1526 1594 1564 lunu-

123 1595 229 1634 eentii
243 1595 293 1633 lv
308 1594 471 1640 decreto,
484 1591 649 1643 cujusde
670 1591 740 1628 liac
760 1604 800 1628 re
820 1590 937 1628 literce
950 1589 1140 1640 hodieque
1157 1599 1328 1637 exstant3
1344 1599 1380 1629 et
1395 1593 1458 1629 vix
1477 1590 1596 1630 dubi·

124 1670 238 1699 tamus
254 1659 301 1698 ad
319 1667 482 1696 veterem
506 1657 554 1695 de
572 1657 648 1694 Ara
666 1655 756 1694 caeli
775 1655 1017 1693 traditionem
1037 1655 1198 1693 additam
1216 1669 1298 1694 esse
1317 1655 1471 1707 Sibyllae
1491 1669 1597 1694 men-

127 1726 260 1763 tionem
277 1725 427 1762 a-uovis
448 1722 661 1768 monachis,
690 1729 768 1759 tum
787 1734 906 1771 quum
928 1721 966 1758 in
993 1721 1222 1771 antiquioris
1245 1720 1393 1758 ordinis
1412 1720 1514 1759 bona
1534 1721 1598 1758 in-

126 1789 236 1841 gressi
255 1797 364 1835 sunt,
387 1801 466 1838 quo
487 1785 606 1837 majus
634 1785 860 1824 miraculum
878 1799 925 1822 ex
945 1797 1070 1835 eoque
1091 1794 1198 1835 orta,
1217 1793 1258 1822 ut
1278 1787 1338 1831 lit,
1359 1786 1482 1834 major
1505 1785 1596 1824 fides

127 1854 330 1892 densiorem
371 1851 606 1890 credentium
654 1849 804 1888 turbam
839 1850 885 1887 ad
926 1850 1109 1901 tempium
1144 1850 1366 1890 adduceret.
1405 1851 1486 1889 Cur
1523 1850 1597 1889 lioc

127 1919 369 1971 suspicemur,
390 1917 507 1954 multa
536 1915 690 1954 faciunt.
709 1915 880 1954 Primum
901 1915 974 1952 suit
992 1915 1089 1952 ordo
1111 1915 1177 1952 illc
1199 1915 1472 1953 miraculorum
1497 1928 1598 1954 sem—

128 1998 190 2032 per
205 1993 240 2022 et
260 1983 411 2034 piorum
432 1993 547 2020 omne
563 1994 681 2032 genus
701 1988 1002 2017 commentorum
1020 1979 1272 2018 avidissimus.
1300 1980 1385 2018 Fuit
1404 1980 1517 2020 etiam
1537 1994 1600 2019 so·

128 2048 341 2087 lertissimus
361 2047 464 2096 vulgi
482 2054 673 2097 captator,
692 2053 726 2082 et
748 2044 794 2082 iis
815 2044 1023 2095 praesertim
1041 2043 1293 2094 religionibus
1310 2045 1500 2095 addictus,
1514 2058 1600 2096 quae

129 2112 283 2150 maxime
302 2109 485 2163 plebeias,
506 2109 669 2147 maxime
685 2122 778 2146 vero
795 2108 978 2146 femineas
995 2116 1140 2147 mentes
1167 2122 1411 2147 commovere
1426 2118 1597 2161 possent.

129 2176 455 2224 Quemadmodum
481 2188 573 2213 vero
597 2174 730 2225 praedii
747 2182 900 2225 emptor
919 2174 978 2211 vel
1000 2174 1138 2211 domus
1161 2188 1249 2212 raro
1268 2188 1344 2212 non
1367 2174 1511 2226 aliquid
1535 2187 1600 2212 or·

130 2241 255 2279 nandae
268 2242 321 2279 rei
337 2254 417 2278 suoe
436 2253 545 2278 novae
560 2238 771 2284 allaborat,
793 2239 842 2275 ita
864 2247 1036 2276 recentes
1060 2240 1149 2277 aedis
1166 2238 1393 2291 Capitolinae.
1410 2253 1602 2291 possesso-

131 2319 204 2353 res,
223 2314 264 2344 nt
286 2305 407 2356 ipsam
428 2303 529 2356 plebi
555 2303 850 2354 crcdulae'quarn
872 2302 1035 2341 maxime
1054 2302 1388 2352 commendarent,
1414 2304 1507 2341 nihil
1534 2318 1602 2344 ne·

132 2371 294 2421 glexisse‚
313 2369 521 2407 admodum
542 2369 746 2407 verisimile
760 2378 828 2406 est.
845 2368 1008 2407 Multum
1030 2381 1121 2406 vero
1137 2369 1220 2406 illos
1248 2368 1443 2406 traditioni
1463 2369 1511 2406 de
1527 2372 1603 2407 Au·

134 2445 251 2487 gnstea
266 2450 331 2473 ara
343 2436 538 2482 institisse,
553 2434 663 2473 facile
676 2434 822 2481 credas,
842 2435 1023 2484 quoniam
1035 2434 1084 2472 ab
1100 2428 1170 2472 itto‘
1181 2434 1260 2472 fere
1277 2443 1448 2486 tempore
1463 2449 1601 2475 nomen

134 2503 284 2539 mutavit
300 2514 434 2538 eorum
461 2500 614 2547 domus,
630 2508 666 2536 et
686 2512 772 2550 qnae
791 2507 900 2536 antea
926 2498 1073 2537 Sanctae
1097 2501 1226 2538 mariae
1246 2500 1284 2537 in
1300 2499 1600 2550 Capitolio,jam

133 2567 176 2603 de
199 2571 270 2605 Ara
284 2566 376 2605 Caeli
396 2565 498 2604 dicta
514 2574 592 2615 cst,
612 2563 718 2616 quod
739 2577 877 2601 nomen
900 2564 1006 2614 prius
1026 2578 1102 2602 non
1131 2564 1206 2602 aedi
1236 2564 1319 2615 ipsi,
1335 2563 1400 2602 sed
1425 2564 1490 2601 uni
1511 2564 1601 2602 aedis

134 2631 224 2680 parti
238 2661 249 2678 ‚
262 2632 314 2669 illi
327 2643 464 2683 nempe
481 2630 603 2667 veteri
623 2628 762 2667 sacello
776 2628 977 2680 proprium
992 2637 1086 2668 erat.
1101 2629 1276 2679 Denique
1292 2629 1395 2680 quod
1416 2628 1488 2667 sub
1508 2629 1600 2667 illud

136 2702 274 2745 tempus
293 2708 372 2745 quo
393 2693 667 2745 possessionem
690 2705 829 2731 novam
849 2692 1046 2737 adierunt,
1065 2692 1265 2731 accessisse
1282 2692 1434 2730 demum
1452 2693 1603 2731 videtin·

137 2757 178 2795 ad
197 2761 422 2810 Augusteam
441 2759 607 2797 fabulam
623 2757 778 2808 Sibyllae
798 2758 962 2805 utu-mio,
982 2766 1093 2795 antea
1112 2758 1239 2808 ignota
1259 2773 1266 2795 :
1289 2757 1480 2796 scribebat
1500 2759 1599 2796 enim

136 2821 313 2862 Martinus
340 2824 535 2872 Polonus,
561 2831 644 2875 post
670 2821 851 2861 traditum
886 2821 931 2860 iis
957 2822 1211 2874 Capitolium,
1246 2822 1354 2860 annis
1386 2831 1531 2859 tantum
1553 2835 1602 2860 xv

138 2896 269 2926 autxx.

1353 2975 1431 3012 20⁶.
