<?xml version="1.0" encoding="UTF-8"?>
<!DOCTYPE html PUBLIC "-//W3C//DTD XHTML 1.0 Transitional//EN"
    "http://www.w3.org/TR/xhtml1/DTD/xhtml1-transitional.dtd">
<html xmlns="http://www.w3.org/1999/xhtml" xml:lang="en" lang="en">
 <head>
  <title>
</title>
<meta http-equiv="Content-Type" content="text/html;charset=utf-8" />
  <meta name='ocr-system' content='tesseract 3.04.00' />
  <meta name='ocr-capabilities' content='ocr_page ocr_carea ocr_par ocr_line ocrx_word'/>
</head>
<body>
  <div class='ocr_page' id='page_1' title='image "./excursusadsibyll00alexuoft_0402.png"; bbox 0 0 1686 3500; ppageno 0'>
   <div class='ocr_carea' id='block_1_1' title="bbox 626 243 1581 292">
    <p class='ocr_par' dir='ltr' id='par_1_1' title="bbox 626 243 1581 292">
     <span class='ocr_line' id='line_1_1' title="bbox 626 243 1581 292; baseline 0.004 -4"><span class='ocrx_word' id='word_1_1' title='bbox 626 243 939 289; x_wconf 85' lang='lat' dir='ltr'><strong>EXCURSUS</strong></span> <span class='ocrx_word' id='word_1_2' title='bbox 973 244 1032 288; x_wconf 86' lang='lat' dir='ltr'>V.</span> <span class='ocrx_word' id='word_1_3' title='bbox 1165 254 1168 257; x_wconf 75' lang='grc'><strong><em>’</em></strong></span> <span class='ocrx_word' id='word_1_4' title='bbox 1407 259 1416 270; x_wconf 71' lang='grc'><strong>“</strong></span> <span class='ocrx_word' id='word_1_5' title='bbox 1490 246 1581 292; x_wconf 83' lang='grc'>393</span> 
     </span>
    </p>
   </div>
   <div class='ocr_carea' id='block_1_2' title="bbox 59 327 1640 2972">
    <p class='ocr_par' dir='ltr' id='par_1_2' title="bbox 101 327 1583 457">
     <span class='ocr_line' id='line_1_2' title="bbox 112 327 1583 394; baseline 0.001 -14"><span class='ocrx_word' id='word_1_6' title='bbox 112 341 171 381; x_wconf 89' lang='lat' dir='ltr'>bis</span> <span class='ocrx_word' id='word_1_7' title='bbox 186 341 419 394; x_wconf 85' lang='lat' dir='ltr'>interrupta,</span> <span class='ocrx_word' id='word_1_8' title='bbox 434 342 552 381; x_wconf 83' lang='lat' dir='ltr'>series</span> <span class='ocrx_word' id='word_1_9' title='bbox 568 338 666 386; x_wconf 64' lang='lat' dir='ltr'>z&#39;sed</span> <span class='ocrx_word' id='word_1_10' title='bbox 685 349 723 379; x_wconf 87' lang='lat' dir='ltr'>et</span> <span class='ocrx_word' id='word_1_11' title='bbox 741 339 841 379; x_wconf 86' lang='lat' dir='ltr'>libro</span> <span class='ocrx_word' id='word_1_12' title='bbox 864 341 923 389; x_wconf 88' lang='lat' dir='ltr'>ll,</span> <span class='ocrx_word' id='word_1_13' title='bbox 944 340 1010 379; x_wconf 90' lang='lat' dir='ltr'>ubi</span> <span class='ocrx_word' id='word_1_14' title='bbox 1027 327 1278 380; x_wconf 33' lang='lat' dir='ltr'>mortuorum*</span> <span class='ocrx_word' id='word_1_15' title='bbox 1291 343 1427 382; x_wconf 84' lang='lat' dir='ltr'>animae</span> <span class='ocrx_word' id='word_1_16' title='bbox 1442 344 1490 382; x_wconf 79' lang='lat' dir='ltr'>ud</span> <span class='ocrx_word' id='word_1_17' title='bbox 1511 343 1583 382; x_wconf 79' lang='lat' dir='ltr'>Dei</span> 
     </span>
     <span class='ocr_line' id='line_1_3' title="bbox 101 396 1308 457; baseline -0.001 -13"><span class='ocrx_word' id='word_1_18' title='bbox 101 404 290 457; x_wconf 88' lang='lat' dir='ltr'>judicium</span> <span class='ocrx_word' id='word_1_19' title='bbox 301 414 525 453; x_wconf 74' lang='lat' dir='ltr'>evocantur,</span> <span class='ocrx_word' id='word_1_20' title='bbox 544 418 583 446; x_wconf 82' lang='lat' dir='ltr'>v.</span> <span class='ocrx_word' id='word_1_21' title='bbox 601 406 691 453; x_wconf 77' lang='lat'>231,</span> <span class='ocrx_word' id='word_1_22' title='bbox 709 417 797 455; x_wconf 86' lang='lat' dir='ltr'>sqq.</span> <span class='ocrx_word' id='word_1_23' title='bbox 814 418 823 443; x_wconf 90' lang='lat'>:</span> <span class='ocrx_word' id='word_1_24' title='bbox 1304 396 1308 400; x_wconf 23' lang='grc' dir='ltr'><strong><em>Δ</em></strong></span> 
     </span>
    </p>

    <p class='ocr_par' dir='ltr' id='par_1_3' title="bbox 265 465 1188 522">
     <span class='ocr_line' id='line_1_4' title="bbox 265 465 1188 522; baseline -0.004 -14"><span class='ocrx_word' id='word_1_25' title='bbox 265 469 337 508; x_wconf 73' lang='grc' dir='ltr'>Καὶ</span> <span class='ocrx_word' id='word_1_26' title='bbox 354 468 472 512; x_wconf 80' lang='grc' dir='ltr'>πάσας</span> <span class='ocrx_word' id='word_1_27' title='bbox 489 465 625 522; x_wconf 77' lang='grc' dir='ltr'>μορφὰς</span> <span class='ocrx_word' id='word_1_28' title='bbox 641 466 877 511; x_wconf 78' lang='grc' dir='ltr'>πολυπενθὲας</span> <span class='ocrx_word' id='word_1_29' title='bbox 894 467 944 513; x_wconf 76' lang='grc' dir='ltr'>εἷς</span> <span class='ocrx_word' id='word_1_30' title='bbox 961 466 1073 520; x_wconf 74' lang='grc' dir='ltr'>κρίσιν</span> <span class='ocrx_word' id='word_1_31' title='bbox 1097 466 1188 514; x_wconf 77' lang='grc' dir='ltr'>ἄξει,</span> 
     </span>
    </p>

    <p class='ocr_par' dir='ltr' id='par_1_4' title="bbox 265 530 1122 582">
     <span class='ocr_line' id='line_1_5' title="bbox 265 530 1122 582; baseline -0.002 -11"><span class='ocrx_word' id='word_1_32' title='bbox 265 532 432 571; x_wconf 83' lang='grc' dir='ltr'>Εἶδώλων</span> <span class='ocrx_word' id='word_1_33' title='bbox 451 530 496 570; x_wconf 77' lang='grc' dir='ltr'>τὰ</span> <span class='ocrx_word' id='word_1_34' title='bbox 516 532 669 582; x_wconf 80' lang='grc' dir='ltr'>μάλιστα</span> <span class='ocrx_word' id='word_1_35' title='bbox 684 530 924 582; x_wconf 74' lang='grc' dir='ltr'>παλαιγενέων</span> <span class='ocrx_word' id='word_1_36' title='bbox 940 530 1101 579; x_wconf 67' lang='grc' dir='ltr'>Τιτήνων</span> <span class='ocrx_word' id='word_1_37' title='bbox 1112 560 1122 578; x_wconf 92' lang='grc'>,</span> 
     </span>
    </p>

    <p class='ocr_par' dir='ltr' id='par_1_5' title="bbox 107 589 1585 775">
     <span class='ocr_line' id='line_1_6' title="bbox 266 589 1172 648; baseline 0 -13"><span class='ocrx_word' id='word_1_38' title='bbox 266 596 352 635; x_wconf 82' lang='grc' dir='ltr'>Ἠδέ</span> <span class='ocrx_word' id='word_1_39' title='bbox 368 612 406 636; x_wconf 84' lang='grc' dir='ltr'>τε</span> <span class='ocrx_word' id='word_1_40' title='bbox 421 596 622 648; x_wconf 77' lang='grc' dir='ltr'>Γιγάντων,</span> <span class='ocrx_word' id='word_1_41' title='bbox 637 593 696 634; x_wconf 73' lang='grc' dir='ltr'>καὶ</span> <span class='ocrx_word' id='word_1_42' title='bbox 712 595 794 638; x_wconf 76' lang='grc' dir='ltr'>ὅσας</span> <span class='ocrx_word' id='word_1_43' title='bbox 813 591 884 635; x_wconf 63' lang='grc' dir='ltr'>εἷλε</span> <span class='ocrx_word' id='word_1_44' title='bbox 906 589 1172 648; x_wconf 71' lang='grc' dir='ltr'>κατακλυσμός,</span> 
     </span>
     <span class='ocr_line' id='line_1_7' title="bbox 108 658 1585 712; baseline 0.001 -14"><span class='ocrx_word' id='word_1_45' title='bbox 108 660 265 712; x_wconf 79' lang='lat' dir='ltr'>respicit</span> <span class='ocrx_word' id='word_1_46' title='bbox 283 660 386 698; x_wconf 86' lang='lat' dir='ltr'>haud</span> <span class='ocrx_word' id='word_1_47' title='bbox 411 659 577 698; x_wconf 86' lang='lat' dir='ltr'>obscure</span> <span class='ocrx_word' id='word_1_48' title='bbox 607 668 724 712; x_wconf 77' lang='lat' dir='ltr'>poeta</span> <span class='ocrx_word' id='word_1_49' title='bbox 742 659 791 698; x_wconf 81' lang='lat' dir='ltr'>ad</span> <span class='ocrx_word' id='word_1_50' title='bbox 820 672 863 698; x_wconf 87' lang='lat' dir='ltr'>ca</span> <span class='ocrx_word' id='word_1_51' title='bbox 884 673 970 711; x_wconf 87' lang='lat' dir='ltr'>quae</span> <span class='ocrx_word' id='word_1_52' title='bbox 996 659 1046 698; x_wconf 84' lang='lat' dir='ltr'>de</span> <span class='ocrx_word' id='word_1_53' title='bbox 1063 658 1268 698; x_wconf 80' lang='lat' dir='ltr'>Titanibus</span> <span class='ocrx_word' id='word_1_54' title='bbox 1294 667 1333 698; x_wconf 81' lang='lat' dir='ltr'>et</span> <span class='ocrx_word' id='word_1_55' title='bbox 1353 659 1585 711; x_wconf 79' lang='lat' dir='ltr'>Gigantibus</span> 
     </span>
     <span class='ocr_line' id='line_1_8' title="bbox 107 722 1454 775; baseline 0.001 -13"><span class='ocrx_word' id='word_1_56' title='bbox 107 732 145 762; x_wconf 85' lang='lat' dir='ltr'>et</span> <span class='ocrx_word' id='word_1_57' title='bbox 162 723 212 762; x_wconf 88' lang='lat' dir='ltr'>de</span> <span class='ocrx_word' id='word_1_58' title='bbox 227 724 365 775; x_wconf 82' lang='lat' dir='ltr'>elapsis</span> <span class='ocrx_word' id='word_1_59' title='bbox 384 731 472 762; x_wconf 81' lang='lat' dir='ltr'>ante</span> <span class='ocrx_word' id='word_1_60' title='bbox 487 723 676 762; x_wconf 85' lang='lat' dir='ltr'>diluvium</span> <span class='ocrx_word' id='word_1_61' title='bbox 696 722 1011 774; x_wconf 80' lang='lat' dir='ltr'>generationibus</span> <span class='ocrx_word' id='word_1_62' title='bbox 1026 722 1128 762; x_wconf 87' lang='lat' dir='ltr'>libro</span> <span class='ocrx_word' id='word_1_63' title='bbox 1146 723 1277 775; x_wconf 83' lang='lat' dir='ltr'>priore</span> <span class='ocrx_word' id='word_1_64' title='bbox 1292 723 1454 763; x_wconf 82' lang='lat' dir='ltr'>dixerat.</span> 
     </span>
    </p>

    <p class='ocr_par' dir='ltr' id='par_1_6' title="bbox 104 776 1591 1550">
     <span class='ocr_line' id='line_1_9' title="bbox 160 776 1584 838; baseline 0.001 -12"><span class='ocrx_word' id='word_1_65' title='bbox 160 787 268 826; x_wconf 76' lang='lat' dir='ltr'>Adde</span> <span class='ocrx_word' id='word_1_66' title='bbox 285 787 391 838; x_wconf 88' lang='lat' dir='ltr'>quod</span> <span class='ocrx_word' id='word_1_67' title='bbox 410 787 450 825; x_wconf 86' lang='lat' dir='ltr'>in</span> <span class='ocrx_word' id='word_1_68' title='bbox 468 795 635 838; x_wconf 87' lang='lat' dir='ltr'>utroque</span> <span class='ocrx_word' id='word_1_69' title='bbox 660 786 761 825; x_wconf 85' lang='lat' dir='ltr'>libro</span> <span class='ocrx_word' id='word_1_70' title='bbox 782 787 1000 838; x_wconf 82' lang='lat' dir='ltr'>frequentes</span> <span class='ocrx_word' id='word_1_71' title='bbox 1019 776 1229 825; x_wconf 84' lang='lat' dir='ltr'>occurrunt</span> <span class='ocrx_word' id='word_1_72' title='bbox 1258 800 1336 824; x_wconf 90' lang='lat' dir='ltr'>non</span> <span class='ocrx_word' id='word_1_73' title='bbox 1367 787 1500 836; x_wconf 87' lang='lat' dir='ltr'>unius,</span> <span class='ocrx_word' id='word_1_74' title='bbox 1518 788 1584 827; x_wconf 86' lang='lat' dir='ltr'>sed</span> 
     </span>
     <span class='ocr_line' id='line_1_10' title="bbox 107 848 1583 904; baseline 0 -14"><span class='ocrx_word' id='word_1_75' title='bbox 107 848 365 903; x_wconf 80' lang='lat' dir='ltr'>complurium</span> <span class='ocrx_word' id='word_1_76' title='bbox 388 851 597 904; x_wconf 84' lang='lat' dir='ltr'>aliquando</span> <span class='ocrx_word' id='word_1_77' title='bbox 617 865 798 890; x_wconf 82' lang='lat' dir='ltr'>versuum</span> <span class='ocrx_word' id='word_1_78' title='bbox 818 851 1010 904; x_wconf 83' lang='lat' dir='ltr'>pericopae</span> <span class='ocrx_word' id='word_1_79' title='bbox 1032 865 1054 889; x_wconf 95' lang='lat' dir='ltr'>e</span> <span class='ocrx_word' id='word_1_80' title='bbox 1078 851 1214 889; x_wconf 80' lang='lat' dir='ltr'>ceteris</span> <span class='ocrx_word' id='word_1_81' title='bbox 1238 850 1428 903; x_wconf 84' lang='lat' dir='ltr'>decerptae</span> <span class='ocrx_word' id='word_1_82' title='bbox 1454 851 1583 902; x_wconf 84' lang='lat' dir='ltr'>Sibyl-</span> 
     </span>
     <span class='ocr_line' id='line_1_11' title="bbox 108 914 1588 968; baseline 0.001 -14"><span class='ocrx_word' id='word_1_83' title='bbox 108 916 204 963; x_wconf 92' lang='lat' dir='ltr'>linis,</span> <span class='ocrx_word' id='word_1_84' title='bbox 223 925 265 955; x_wconf 90' lang='lat' dir='ltr'>ut</span> <span class='ocrx_word' id='word_1_85' title='bbox 282 915 321 954; x_wconf 89' lang='lat' dir='ltr'>in</span> <span class='ocrx_word' id='word_1_86' title='bbox 341 915 478 954; x_wconf 88' lang='lat' dir='ltr'>Noemi</span> <span class='ocrx_word' id='word_1_87' title='bbox 500 915 772 968; x_wconf 76' lang='lat' dir='ltr'>praedicatione</span> <span class='ocrx_word' id='word_1_88' title='bbox 787 915 961 967; x_wconf 84' lang='lat' dir='ltr'>quaedam</span> <span class='ocrx_word' id='word_1_89' title='bbox 983 916 1072 954; x_wconf 87' lang='lat' dir='ltr'>satis</span> <span class='ocrx_word' id='word_1_90' title='bbox 1092 914 1262 953; x_wconf 79' lang='lat' dir='ltr'>notanda</span> <span class='ocrx_word' id='word_1_91' title='bbox 1275 944 1286 962; x_wconf 89' lang='lat'>,</span> <span class='ocrx_word' id='word_1_92' title='bbox 1307 914 1375 955; x_wconf 89' lang='lat' dir='ltr'>lib.</span> <span class='ocrx_word' id='word_1_93' title='bbox 1392 916 1423 963; x_wconf 91' lang='lat'>1,</span> <span class='ocrx_word' id='word_1_94' title='bbox 1438 929 1475 953; x_wconf 88' lang='lat' dir='ltr'>v.</span> <span class='ocrx_word' id='word_1_95' title='bbox 1495 916 1588 955; x_wconf 83' lang='lat'>183-</span> 
     </span>
     <span class='ocr_line' id='line_1_12' title="bbox 112 979 1584 1032; baseline 0.001 -15"><span class='ocrx_word' id='word_1_96' title='bbox 112 981 181 1032; x_wconf 78' lang='lat'>·98</span> <span class='ocrx_word' id='word_1_97' title='bbox 207 981 360 1031; x_wconf 86' lang='lat' dir='ltr'>(confer</span> <span class='ocrx_word' id='word_1_98' title='bbox 375 981 460 1032; x_wconf 83' lang='lat' dir='ltr'>vn,</span> <span class='ocrx_word' id='word_1_99' title='bbox 485 994 525 1031; x_wconf 90' lang='lat'>7,</span> <span class='ocrx_word' id='word_1_100' title='bbox 550 981 665 1032; x_wconf 82' lang='lat' dir='ltr'>sqq.),</span> <span class='ocrx_word' id='word_1_101' title='bbox 690 989 729 1018; x_wconf 87' lang='lat' dir='ltr'>et</span> <span class='ocrx_word' id='word_1_102' title='bbox 757 980 944 1032; x_wconf 83' lang='lat' dir='ltr'>pleraque</span> <span class='ocrx_word' id='word_1_103' title='bbox 963 980 1012 1018; x_wconf 87' lang='lat' dir='ltr'>de</span> <span class='ocrx_word' id='word_1_104' title='bbox 1046 979 1190 1018; x_wconf 82' lang='lat' dir='ltr'>Christi</span> <span class='ocrx_word' id='word_1_105' title='bbox 1217 980 1321 1027; x_wconf 77' lang='lat' dir='ltr'>vitu,</span> <span class='ocrx_word' id='word_1_106' title='bbox 1353 993 1386 1019; x_wconf 88' lang='lat' dir='ltr'>v.</span> <span class='ocrx_word' id='word_1_107' title='bbox 1415 981 1584 1019; x_wconf 82' lang='lat'>351-383</span> 
     </span>
     <span class='ocr_line' id='line_1_13' title="bbox 104 1044 1586 1097; baseline 0.001 -13"><span class='ocrx_word' id='word_1_108' title='bbox 104 1046 249 1096; x_wconf 77' lang='lat' dir='ltr'>(confer</span> <span class='ocrx_word' id='word_1_109' title='bbox 267 1046 370 1097; x_wconf 83' lang='lat' dir='ltr'>VIII,</span> <span class='ocrx_word' id='word_1_110' title='bbox 389 1047 480 1096; x_wconf 81' lang='lat'>269,</span> <span class='ocrx_word' id='word_1_111' title='bbox 501 1046 620 1096; x_wconf 83' lang='lat' dir='ltr'>sqq.),</span> <span class='ocrx_word' id='word_1_112' title='bbox 664 1053 702 1082; x_wconf 83' lang='lat' dir='ltr'>et</span> <span class='ocrx_word' id='word_1_113' title='bbox 730 1045 932 1083; x_wconf 80' lang='lat' dir='ltr'>exordium</span> <span class='ocrx_word' id='word_1_114' title='bbox 959 1044 1049 1083; x_wconf 85' lang='lat' dir='ltr'>libri</span> <span class='ocrx_word' id='word_1_115' title='bbox 1071 1045 1106 1084; x_wconf 87' lang='lat'>11</span> <span class='ocrx_word' id='word_1_116' title='bbox 1122 1046 1195 1096; x_wconf 84' lang='lat' dir='ltr'>(ter</span> <span class='ocrx_word' id='word_1_117' title='bbox 1211 1044 1365 1083; x_wconf 84' lang='lat' dir='ltr'>obvium</span> <span class='ocrx_word' id='word_1_118' title='bbox 1387 1044 1486 1083; x_wconf 88' lang='lat' dir='ltr'>libro</span> <span class='ocrx_word' id='word_1_119' title='bbox 1504 1046 1586 1096; x_wconf 82' lang='lat' dir='ltr'>iil),</span> 
     </span>
     <span class='ocr_line' id='line_1_14' title="bbox 106 1108 1585 1162; baseline -0.003 -12"><span class='ocrx_word' id='word_1_120' title='bbox 106 1121 142 1150; x_wconf 82' lang='lat' dir='ltr'>ct</span> <span class='ocrx_word' id='word_1_121' title='bbox 177 1110 224 1148; x_wconf 84' lang='lat' dir='ltr'>de</span> <span class='ocrx_word' id='word_1_122' title='bbox 251 1110 459 1162; x_wconf 83' lang='lat' dir='ltr'>impiorum</span> <span class='ocrx_word' id='word_1_123' title='bbox 480 1110 626 1161; x_wconf 87' lang='lat' dir='ltr'>poenis,</span> <span class='ocrx_word' id='word_1_124' title='bbox 640 1108 709 1150; x_wconf 88' lang='lat' dir='ltr'>lib.</span> <span class='ocrx_word' id='word_1_125' title='bbox 729 1110 779 1161; x_wconf 90' lang='lat'>11,</span> <span class='ocrx_word' id='word_1_126' title='bbox 801 1123 834 1148; x_wconf 88' lang='lat' dir='ltr'>v.</span> <span class='ocrx_word' id='word_1_127' title='bbox 852 1110 1047 1161; x_wconf 84' lang='lat'>298-313‚</span> <span class='ocrx_word' id='word_1_128' title='bbox 1066 1123 1110 1147; x_wconf 83' lang='lat' dir='ltr'>ac</span> <span class='ocrx_word' id='word_1_129' title='bbox 1129 1108 1178 1147; x_wconf 86' lang='lat' dir='ltr'>de</span> <span class='ocrx_word' id='word_1_130' title='bbox 1197 1122 1312 1148; x_wconf 82' lang='lat' dir='ltr'>aurea</span> <span class='ocrx_word' id='word_1_131' title='bbox 1331 1108 1526 1161; x_wconf 82' lang='lat' dir='ltr'>justorum</span> <span class='ocrx_word' id='word_1_132' title='bbox 1547 1109 1585 1147; x_wconf 90' lang='lat' dir='ltr'>in</span> 
     </span>
     <span class='ocr_line' id='line_1_15' title="bbox 108 1174 1587 1226; baseline -0.001 -12"><span class='ocrx_word' id='word_1_133' title='bbox 108 1176 217 1214; x_wconf 84' lang='lat' dir='ltr'>terris</span> <span class='ocrx_word' id='word_1_134' title='bbox 237 1176 438 1224; x_wconf 75' lang='lat' dir='ltr'>felicitate,</span> <span class='ocrx_word' id='word_1_135' title='bbox 461 1175 527 1213; x_wconf 88' lang='lat' dir='ltr'>lib.</span> <span class='ocrx_word' id='word_1_136' title='bbox 542 1176 591 1222; x_wconf 88' lang='lat'>11,</span> <span class='ocrx_word' id='word_1_137' title='bbox 608 1188 647 1214; x_wconf 87' lang='grc' dir='ltr'>ν.</span> <span class='ocrx_word' id='word_1_138' title='bbox 669 1176 761 1223; x_wconf 82' lang='lat'>320,</span> <span class='ocrx_word' id='word_1_139' title='bbox 783 1187 870 1226; x_wconf 86' lang='lat' dir='ltr'>sqq.</span> <span class='ocrx_word' id='word_1_140' title='bbox 893 1175 1041 1226; x_wconf 81' lang='lat' dir='ltr'>(confer</span> <span class='ocrx_word' id='word_1_141' title='bbox 1056 1175 1161 1225; x_wconf 86' lang='lat' dir='ltr'>vm,</span> <span class='ocrx_word' id='word_1_142' title='bbox 1181 1188 1274 1225; x_wconf 79' lang='lat'>209,</span> <span class='ocrx_word' id='word_1_143' title='bbox 1292 1174 1409 1225; x_wconf 82' lang='lat' dir='ltr'>sqq.),</span> <span class='ocrx_word' id='word_1_144' title='bbox 1428 1174 1519 1212; x_wconf 84' lang='lat' dir='ltr'>item</span> <span class='ocrx_word' id='word_1_145' title='bbox 1539 1174 1587 1212; x_wconf 87' lang='lat' dir='ltr'>de</span> 
     </span>
     <span class='ocr_line' id='line_1_16' title="bbox 104 1237 1585 1294; baseline -0.001 -16"><span class='ocrx_word' id='word_1_146' title='bbox 104 1239 258 1291; x_wconf 78' lang='lat' dir='ltr'>Sibyllae</span> <span class='ocrx_word' id='word_1_147' title='bbox 276 1239 429 1292; x_wconf 82' lang='lat' dir='ltr'>flagitiis</span> <span class='ocrx_word' id='word_1_148' title='bbox 452 1253 497 1278; x_wconf 92' lang='lat' dir='ltr'>ac</span> <span class='ocrx_word' id='word_1_149' title='bbox 526 1239 772 1292; x_wconf 78' lang='lat' dir='ltr'>poenitentia,</span> <span class='ocrx_word' id='word_1_150' title='bbox 795 1253 830 1279; x_wconf 85' lang='lat' dir='ltr'>v.</span> <span class='ocrx_word' id='word_1_151' title='bbox 854 1241 944 1288; x_wconf 76' lang='lat'>341,</span> <span class='ocrx_word' id='word_1_152' title='bbox 968 1253 1053 1291; x_wconf 86' lang='lat' dir='ltr'>sqq.</span> <span class='ocrx_word' id='word_1_153' title='bbox 1087 1237 1238 1294; x_wconf 76' lang='lat' dir='ltr'>(confer</span> <span class='ocrx_word' id='word_1_154' title='bbox 1259 1240 1348 1289; x_wconf 88' lang='lat' dir='ltr'>VII,</span> <span class='ocrx_word' id='word_1_155' title='bbox 1377 1239 1468 1289; x_wconf 79' lang='lat'>151,</span> <span class='ocrx_word' id='word_1_156' title='bbox 1487 1239 1585 1291; x_wconf 85' lang='lat' dir='ltr'>sqq.)</span> 
     </span>
     <span class='ocr_line' id='line_1_17' title="bbox 106 1305 1587 1357; baseline 0.001 -15"><span class='ocrx_word' id='word_1_157' title='bbox 106 1307 278 1352; x_wconf 85' lang='lat' dir='ltr'>Quorum</span> <span class='ocrx_word' id='word_1_158' title='bbox 299 1306 513 1357; x_wconf 83' lang='lat' dir='ltr'>plagiorum</span> <span class='ocrx_word' id='word_1_159' title='bbox 531 1306 707 1357; x_wconf 75' lang='lat' dir='ltr'>exempla</span> <span class='ocrx_word' id='word_1_160' title='bbox 729 1305 853 1344; x_wconf 84' lang='lat' dir='ltr'>rarius</span> <span class='ocrx_word' id='word_1_161' title='bbox 876 1314 1086 1344; x_wconf 85' lang='lat' dir='ltr'>occurrunt</span> <span class='ocrx_word' id='word_1_162' title='bbox 1110 1306 1148 1343; x_wconf 92' lang='lat' dir='ltr'>in</span> <span class='ocrx_word' id='word_1_163' title='bbox 1169 1305 1329 1357; x_wconf 83' lang='lat' dir='ltr'>reliquis</span> <span class='ocrx_word' id='word_1_164' title='bbox 1346 1305 1453 1343; x_wconf 86' lang='lat' dir='ltr'>libris</span> <span class='ocrx_word' id='word_1_165' title='bbox 1468 1333 1480 1352; x_wconf 90' lang='lat'>,</span> <span class='ocrx_word' id='word_1_166' title='bbox 1498 1318 1587 1343; x_wconf 79' lang='lat' dir='ltr'>nus·-</span> 
     </span>
     <span class='ocr_line' id='line_1_18' title="bbox 105 1368 1588 1421; baseline -0.001 -13"><span class='ocrx_word' id='word_1_167' title='bbox 105 1384 219 1421; x_wconf 82' lang='lat' dir='ltr'>quam</span> <span class='ocrx_word' id='word_1_168' title='bbox 251 1384 340 1408; x_wconf 86' lang='lat' dir='ltr'>sane</span> <span class='ocrx_word' id='word_1_169' title='bbox 368 1379 443 1409; x_wconf 85' lang='lat' dir='ltr'>tam</span> <span class='ocrx_word' id='word_1_170' title='bbox 470 1370 690 1421; x_wconf 80' lang='lat' dir='ltr'>manifesta,</span> <span class='ocrx_word' id='word_1_171' title='bbox 710 1379 784 1408; x_wconf 86' lang='lat' dir='ltr'>tam</span> <span class='ocrx_word' id='word_1_172' title='bbox 809 1368 988 1418; x_wconf 76' lang='lat' dir='ltr'>audacia,</span> <span class='ocrx_word' id='word_1_173' title='bbox 1015 1370 1088 1408; x_wconf 89' lang='lat' dir='ltr'>nisi</span> <span class='ocrx_word' id='word_1_174' title='bbox 1115 1370 1152 1408; x_wconf 89' lang='lat' dir='ltr'>in</span> <span class='ocrx_word' id='word_1_175' title='bbox 1180 1370 1282 1408; x_wconf 81' lang='lat' dir='ltr'>tertii</span> <span class='ocrx_word' id='word_1_176' title='bbox 1309 1378 1415 1421; x_wconf 81' lang='lat' dir='ltr'>parte</span> <span class='ocrx_word' id='word_1_177' title='bbox 1443 1370 1588 1421; x_wconf 84' lang='lat' dir='ltr'>prima,</span> 
     </span>
     <span class='ocr_line' id='line_1_19' title="bbox 106 1433 1591 1487; baseline 0.001 -15"><span class='ocrx_word' id='word_1_178' title='bbox 106 1448 220 1485; x_wconf 90' lang='lat' dir='ltr'>quam</span> <span class='ocrx_word' id='word_1_179' title='bbox 251 1434 408 1474; x_wconf 87' lang='lat' dir='ltr'>secundi</span> <span class='ocrx_word' id='word_1_180' title='bbox 439 1434 695 1487; x_wconf 82' lang='lat' dir='ltr'>appendicem</span> <span class='ocrx_word' id='word_1_181' title='bbox 728 1448 811 1473; x_wconf 87' lang='lat' dir='ltr'>esse</span> <span class='ocrx_word' id='word_1_182' title='bbox 835 1433 1151 1482; x_wconf 80' lang='lat' dir='ltr'>monstrabimus,</span> <span class='ocrx_word' id='word_1_183' title='bbox 1171 1443 1208 1472; x_wconf 84' lang='lat' dir='ltr'>et</span> <span class='ocrx_word' id='word_1_184' title='bbox 1234 1434 1272 1473; x_wconf 91' lang='lat' dir='ltr'>in</span> <span class='ocrx_word' id='word_1_185' title='bbox 1293 1433 1402 1472; x_wconf 85' lang='lat' dir='ltr'>libris</span> <span class='ocrx_word' id='word_1_186' title='bbox 1423 1445 1591 1486; x_wconf 82' lang='lat' dir='ltr'>quatuor</span> 
     </span>
     <span class='ocr_line' id='line_1_20' title="bbox 107 1498 1484 1550; baseline 0.001 -13"><span class='ocrx_word' id='word_1_187' title='bbox 107 1499 273 1547; x_wconf 85' lang='lat' dir='ltr'>ultimis,</span> <span class='ocrx_word' id='word_1_188' title='bbox 290 1512 388 1550; x_wconf 85' lang='lat' dir='ltr'>quos</span> <span class='ocrx_word' id='word_1_189' title='bbox 404 1500 574 1537; x_wconf 89' lang='lat' dir='ltr'>omnium</span> <span class='ocrx_word' id='word_1_190' title='bbox 592 1499 763 1537; x_wconf 77' lang='lat' dir='ltr'>dicemus</span> <span class='ocrx_word' id='word_1_191' title='bbox 782 1512 862 1537; x_wconf 82' lang='lat' dir='ltr'>esse</span> <span class='ocrx_word' id='word_1_192' title='bbox 883 1498 1164 1537; x_wconf 72' lang='lat' dir='ltr'>recentissimos</span> <span class='ocrx_word' id='word_1_193' title='bbox 1178 1513 1222 1537; x_wconf 82' lang='lat' dir='ltr'>nc</span> <span class='ocrx_word' id='word_1_194' title='bbox 1243 1499 1484 1539; x_wconf 81' lang='lat' dir='ltr'>deterrimos.</span> 
     </span>
    </p>

    <p class='ocr_par' dir='ltr' id='par_1_7' title="bbox 69 1563 1639 2652">
     <span class='ocr_line' id='line_1_21' title="bbox 156 1563 1585 1616; baseline -0.001 -13"><span class='ocrx_word' id='word_1_195' title='bbox 156 1564 225 1603; x_wconf 87' lang='lat' dir='ltr'>Est</span> <span class='ocrx_word' id='word_1_196' title='bbox 243 1572 425 1616; x_wconf 80' lang='lat' dir='ltr'>praeterea</span> <span class='ocrx_word' id='word_1_197' title='bbox 443 1564 543 1602; x_wconf 84' lang='lat' dir='ltr'>inter</span> <span class='ocrx_word' id='word_1_198' title='bbox 564 1572 769 1615; x_wconf 82' lang='lat' dir='ltr'>utrumque</span> <span class='ocrx_word' id='word_1_199' title='bbox 789 1563 932 1602; x_wconf 88' lang='lat' dir='ltr'>librum</span> <span class='ocrx_word' id='word_1_200' title='bbox 950 1563 1162 1602; x_wconf 82' lang='lat' dir='ltr'>similitudo</span> <span class='ocrx_word' id='word_1_201' title='bbox 1191 1563 1365 1615; x_wconf 76' lang='lat' dir='ltr'>quaedam</span> <span class='ocrx_word' id='word_1_202' title='bbox 1385 1563 1585 1611; x_wconf 81' lang='lat' dir='ltr'>orationis,</span> 
     </span>
     <span class='ocr_line' id='line_1_22' title="bbox 107 1627 1586 1680; baseline 0.001 -14"><span class='ocrx_word' id='word_1_203' title='bbox 107 1627 296 1666; x_wconf 84' lang='lat' dir='ltr'>interdum</span> <span class='ocrx_word' id='word_1_204' title='bbox 329 1628 377 1666; x_wconf 88' lang='lat' dir='ltr'>ad</span> <span class='ocrx_word' id='word_1_205' title='bbox 405 1628 480 1665; x_wconf 88' lang='lat' dir='ltr'>vim</span> <span class='ocrx_word' id='word_1_206' title='bbox 500 1628 690 1679; x_wconf 84' lang='lat' dir='ltr'>poeticam</span> <span class='ocrx_word' id='word_1_207' title='bbox 717 1628 973 1680; x_wconf 80' lang='lat' dir='ltr'>assurgentis,</span> <span class='ocrx_word' id='word_1_208' title='bbox 996 1628 1190 1666; x_wconf 81' lang='lat' dir='ltr'>interdum</span> <span class='ocrx_word' id='word_1_209' title='bbox 1215 1629 1343 1666; x_wconf 82' lang='lat' dir='ltr'>ssaccae</span> <span class='ocrx_word' id='word_1_210' title='bbox 1358 1637 1395 1666; x_wconf 88' lang='lat' dir='ltr'>ct</span> <span class='ocrx_word' id='word_1_211' title='bbox 1418 1628 1586 1668; x_wconf 84' lang='lat' dir='ltr'>caducae.</span> 
     </span>
     <span class='ocr_line' id='line_1_23' title="bbox 105 1691 1589 1744; baseline -0.001 -13"><span class='ocrx_word' id='word_1_212' title='bbox 105 1694 390 1743; x_wconf 85' lang='lat' dir='ltr'>Nonnunquam</span> <span class='ocrx_word' id='word_1_213' title='bbox 427 1692 610 1731; x_wconf 81' lang='lat' dir='ltr'>adversus</span> <span class='ocrx_word' id='word_1_214' title='bbox 636 1691 870 1743; x_wconf 78' lang='lat' dir='ltr'>syllabarum</span> <span class='ocrx_word' id='word_1_215' title='bbox 901 1693 1150 1744; x_wconf 80' lang='lat' dir='ltr'>quantitatem</span> <span class='ocrx_word' id='word_1_216' title='bbox 1183 1701 1390 1744; x_wconf 75' lang='lat' dir='ltr'>peccatur,</span> <span class='ocrx_word' id='word_1_217' title='bbox 1420 1701 1458 1731; x_wconf 90' lang='lat' dir='ltr'>et</span> <span class='ocrx_word' id='word_1_218' title='bbox 1486 1693 1589 1744; x_wconf 85' lang='lat' dir='ltr'>quod</span> 
     </span>
     <span class='ocr_line' id='line_1_24' title="bbox 107 1756 1591 1809; baseline 0 -14"><span class='ocrx_word' id='word_1_219' title='bbox 107 1757 335 1804; x_wconf 80' lang='lat' dir='ltr'>notandum,</span> <span class='ocrx_word' id='word_1_220' title='bbox 346 1757 385 1795; x_wconf 83' lang='lat' dir='ltr'>in</span> <span class='ocrx_word' id='word_1_221' title='bbox 400 1756 534 1795; x_wconf 87' lang='lat' dir='ltr'>iisdem</span> <span class='ocrx_word' id='word_1_222' title='bbox 548 1757 787 1808; x_wconf 82' lang='lat' dir='ltr'>potissimum</span> <span class='ocrx_word' id='word_1_223' title='bbox 802 1756 941 1805; x_wconf 79' lang='lat' dir='ltr'>verbis,</span> <span class='ocrx_word' id='word_1_224' title='bbox 954 1767 994 1795; x_wconf 90' lang='lat' dir='ltr'>ut</span> <span class='ocrx_word' id='word_1_225' title='bbox 1008 1758 1047 1795; x_wconf 91' lang='lat' dir='ltr'>in</span> <span class='ocrx_word' id='word_1_226' title='bbox 1059 1757 1236 1808; x_wconf 79' lang='grc' dir='ltr'>Γιγάντων</span> <span class='ocrx_word' id='word_1_227' title='bbox 1253 1757 1376 1809; x_wconf 85' lang='lat' dir='ltr'>prima</span> <span class='ocrx_word' id='word_1_228' title='bbox 1388 1757 1591 1809; x_wconf 85' lang='lat' dir='ltr'>producta,</span> 
     </span>
     <span class='ocr_line' id='line_1_25' title="bbox 107 1821 1590 1875; baseline 0 -15"><span class='ocrx_word' id='word_1_229' title='bbox 107 1822 170 1860; x_wconf 89' lang='lat' dir='ltr'>lib.</span> <span class='ocrx_word' id='word_1_230' title='bbox 194 1822 226 1869; x_wconf 87' lang='lat'>1,</span> <span class='ocrx_word' id='word_1_231' title='bbox 249 1836 282 1860; x_wconf 88' lang='lat' dir='ltr'>v.</span> <span class='ocrx_word' id='word_1_232' title='bbox 312 1828 398 1870; x_wconf 69' lang='lat'>124,</span> <span class='ocrx_word' id='word_1_233' title='bbox 416 1821 533 1861; x_wconf 82' lang='lat' dir='ltr'>etlih.</span> <span class='ocrx_word' id='word_1_234' title='bbox 552 1822 585 1860; x_wconf 73' lang='lat'>11</span> <span class='ocrx_word' id='word_1_235' title='bbox 599 1851 609 1870; x_wconf 91' lang='lat'>,</span> <span class='ocrx_word' id='word_1_236' title='bbox 627 1835 661 1861; x_wconf 91' lang='lat' dir='ltr'>v.</span> <span class='ocrx_word' id='word_1_237' title='bbox 679 1823 775 1869; x_wconf 74' lang='lat'>233;</span> <span class='ocrx_word' id='word_1_238' title='bbox 800 1821 983 1875; x_wconf 67' lang='grc' dir='ltr'>Ἐὅραῖοι,</span> <span class='ocrx_word' id='word_1_239' title='bbox 1004 1822 1128 1873; x_wconf 86' lang='lat' dir='ltr'>prima</span> <span class='ocrx_word' id='word_1_240' title='bbox 1149 1821 1351 1872; x_wconf 85' lang='lat' dir='ltr'>mediaque</span> <span class='ocrx_word' id='word_1_241' title='bbox 1380 1822 1590 1873; x_wconf 80' lang='lat' dir='ltr'>correptis,</span> 
     </span>
     <span class='ocr_line' id='line_1_26' title="bbox 107 1886 1589 1936; baseline 0 -12"><span class='ocrx_word' id='word_1_242' title='bbox 107 1887 172 1925; x_wconf 88' lang='lat' dir='ltr'>lib.</span> <span class='ocrx_word' id='word_1_243' title='bbox 195 1887 227 1930; x_wconf 87' lang='lat'>1,</span> <span class='ocrx_word' id='word_1_244' title='bbox 260 1900 296 1925; x_wconf 89' lang='lat' dir='ltr'>v.</span> <span class='ocrx_word' id='word_1_245' title='bbox 318 1887 418 1934; x_wconf 73' lang='lat'>346,</span> <span class='ocrx_word' id='word_1_246' title='bbox 440 1887 530 1934; x_wconf 81' lang='lat'>362,</span> <span class='ocrx_word' id='word_1_247' title='bbox 555 1887 645 1934; x_wconf 83' lang='lat'>387,</span> <span class='ocrx_word' id='word_1_248' title='bbox 667 1886 758 1936; x_wconf 80' lang='lat'>395,</span> <span class='ocrx_word' id='word_1_249' title='bbox 781 1887 899 1933; x_wconf 42' lang='lat' dir='ltr'>etxll,</span> <span class='ocrx_word' id='word_1_250' title='bbox 923 1900 960 1924; x_wconf 88' lang='lat' dir='ltr'>v.</span> <span class='ocrx_word' id='word_1_251' title='bbox 989 1900 1073 1934; x_wconf 81' lang='lat'>170,</span> <span class='ocrx_word' id='word_1_252' title='bbox 1096 1887 1182 1934; x_wconf 86' lang='lat'>173,</span> <span class='ocrx_word' id='word_1_253' title='bbox 1219 1887 1304 1933; x_wconf 85' lang='lat'>175.</span> <span class='ocrx_word' id='word_1_254' title='bbox 1334 1886 1452 1924; x_wconf 91' lang='lat' dir='ltr'>Aliud</span> <span class='ocrx_word' id='word_1_255' title='bbox 1479 1887 1589 1925; x_wconf 88' lang='lat' dir='ltr'>metri</span> 
     </span>
     <span class='ocr_line' id='line_1_27' title="bbox 107 1950 1588 2003; baseline 0.001 -15"><span class='ocrx_word' id='word_1_256' title='bbox 107 1952 242 1990; x_wconf 84' lang='lat' dir='ltr'>vitium</span> <span class='ocrx_word' id='word_1_257' title='bbox 264 1952 418 2003; x_wconf 90' lang='lat' dir='ltr'>utrique</span> <span class='ocrx_word' id='word_1_258' title='bbox 445 1950 548 1989; x_wconf 88' lang='lat' dir='ltr'>libro</span> <span class='ocrx_word' id='word_1_259' title='bbox 578 1963 780 1989; x_wconf 90' lang='lat' dir='ltr'>commune</span> <span class='ocrx_word' id='word_1_260' title='bbox 808 1960 888 1998; x_wconf 87' lang='lat' dir='ltr'>est,</span> <span class='ocrx_word' id='word_1_261' title='bbox 911 1964 1030 2001; x_wconf 88' lang='lat' dir='ltr'>quum</span> <span class='ocrx_word' id='word_1_262' title='bbox 1057 1959 1142 2001; x_wconf 82' lang='lat' dir='ltr'>post</span> <span class='ocrx_word' id='word_1_263' title='bbox 1165 1950 1275 2001; x_wconf 83' lang='lat' dir='ltr'>prius</span> <span class='ocrx_word' id='word_1_264' title='bbox 1303 1950 1588 1989; x_wconf 78' lang='lat' dir='ltr'>hemistichium</span> 
     </span>
     <span class='ocr_line' id='line_1_28' title="bbox 107 2014 1590 2066; baseline 0 -12"><span class='ocrx_word' id='word_1_265' title='bbox 107 2016 232 2054; x_wconf 79' lang='lat' dir='ltr'>brevis</span> <span class='ocrx_word' id='word_1_266' title='bbox 257 2016 369 2054; x_wconf 85' lang='lat' dir='ltr'>unius</span> <span class='ocrx_word' id='word_1_267' title='bbox 389 2014 546 2066; x_wconf 82' lang='lat' dir='ltr'>syllabae</span> <span class='ocrx_word' id='word_1_268' title='bbox 560 2016 726 2066; x_wconf 86' lang='lat' dir='ltr'>spatium</span> <span class='ocrx_word' id='word_1_269' title='bbox 743 2024 873 2062; x_wconf 85' lang='lat' dir='ltr'>vacat,</span> <span class='ocrx_word' id='word_1_270' title='bbox 893 2028 967 2065; x_wconf 85' lang='lat' dir='ltr'>qua</span> <span class='ocrx_word' id='word_1_271' title='bbox 991 2015 1040 2053; x_wconf 84' lang='lat' dir='ltr'>de</span> <span class='ocrx_word' id='word_1_272' title='bbox 1057 2029 1097 2052; x_wconf 89' lang='lat' dir='ltr'>rc</span> <span class='ocrx_word' id='word_1_273' title='bbox 1118 2015 1228 2065; x_wconf 81' lang='lat' dir='ltr'>plura</span> <span class='ocrx_word' id='word_1_274' title='bbox 1248 2029 1318 2053; x_wconf 85' lang='lat' dir='ltr'>nos</span> <span class='ocrx_word' id='word_1_275' title='bbox 1337 2015 1376 2053; x_wconf 90' lang='lat' dir='ltr'>in</span> <span class='ocrx_word' id='word_1_276' title='bbox 1398 2016 1488 2054; x_wconf 85' lang='lat' dir='ltr'>Exc.</span> <span class='ocrx_word' id='word_1_277' title='bbox 1503 2015 1590 2054; x_wconf 81' lang='lat' dir='ltr'>Vll.</span> 
     </span>
     <span class='ocr_line' id='line_1_29' title="bbox 77 2078 1588 2131; baseline 0.001 -15"><span class='ocrx_word' id='word_1_278' title='bbox 77 2113 79 2116; x_wconf 15' lang='grc' dir='ltr'><em>Α</em></span> <span class='ocrx_word' id='word_1_279' title='bbox 107 2079 394 2120; x_wconf 82' lang='lat' dir='ltr'>Vocabulorum</span> <span class='ocrx_word' id='word_1_280' title='bbox 420 2093 468 2119; x_wconf 81' lang='lat' dir='ltr'>ex</span> <span class='ocrx_word' id='word_1_281' title='bbox 490 2078 672 2118; x_wconf 65' lang='lat' dir='ltr'>hebraica</span> <span class='ocrx_word' id='word_1_282' title='bbox 699 2079 825 2131; x_wconf 85' lang='lat' dir='ltr'>lingua</span> <span class='ocrx_word' id='word_1_283' title='bbox 847 2079 1056 2131; x_wconf 85' lang='lat' dir='ltr'>petitorum</span> <span class='ocrx_word' id='word_1_284' title='bbox 1080 2092 1149 2117; x_wconf 78' lang='lat' dir='ltr'>uec</span> <span class='ocrx_word' id='word_1_285' title='bbox 1173 2078 1220 2116; x_wconf 84' lang='lat' dir='ltr'>ad</span> <span class='ocrx_word' id='word_1_286' title='bbox 1254 2092 1420 2130; x_wconf 84' lang='lat' dir='ltr'>graecum</span> <span class='ocrx_word' id='word_1_287' title='bbox 1444 2092 1588 2118; x_wconf 83' lang='lat' dir='ltr'>morem</span> 
     </span>
     <span class='ocr_line' id='line_1_30' title="bbox 108 2143 1589 2195; baseline 0.001 -14"><span class='ocrx_word' id='word_1_288' title='bbox 108 2144 336 2183; x_wconf 79' lang='lat' dir='ltr'>inflexorum</span> <span class='ocrx_word' id='word_1_289' title='bbox 371 2144 543 2195; x_wconf 80' lang='lat' dir='ltr'>exempla</span> <span class='ocrx_word' id='word_1_290' title='bbox 578 2152 666 2181; x_wconf 89' lang='lat' dir='ltr'>sunt</span> <span class='ocrx_word' id='word_1_291' title='bbox 697 2143 736 2180; x_wconf 91' lang='lat' dir='ltr'>in</span> <span class='ocrx_word' id='word_1_292' title='bbox 770 2152 937 2194; x_wconf 86' lang='lat' dir='ltr'>utroque</span> <span class='ocrx_word' id='word_1_293' title='bbox 961 2143 1062 2181; x_wconf 87' lang='lat' dir='ltr'>libro</span> <span class='ocrx_word' id='word_1_294' title='bbox 1094 2157 1170 2180; x_wconf 88' lang='lat' dir='ltr'>non</span> <span class='ocrx_word' id='word_1_295' title='bbox 1195 2157 1336 2194; x_wconf 78' lang='lat' dir='ltr'>pauca,</span> <span class='ocrx_word' id='word_1_296' title='bbox 1362 2152 1405 2182; x_wconf 91' lang='lat' dir='ltr'>ut</span> <span class='ocrx_word' id='word_1_297' title='bbox 1434 2143 1536 2183; x_wconf 90' lang='lat' dir='ltr'>libro</span> <span class='ocrx_word' id='word_1_298' title='bbox 1556 2145 1589 2191; x_wconf 92' lang='lat'>1,</span> 
     </span>
     <span class='ocr_line' id='line_1_31' title="bbox 109 2206 1588 2261; baseline -0.001 -14"><span class='ocrx_word' id='word_1_299' title='bbox 109 2208 232 2260; x_wconf 81' lang='grc' dir='ltr'>Ἀδάμ,</span> <span class='ocrx_word' id='word_1_300' title='bbox 252 2210 347 2260; x_wconf 83' lang='grc' dir='ltr'>Νῶε,</span> <span class='ocrx_word' id='word_1_301' title='bbox 370 2207 535 2261; x_wconf 83' lang='grc' dir='ltr'>Ἀραράτ,</span> <span class='ocrx_word' id='word_1_302' title='bbox 553 2207 706 2248; x_wconf 49' lang='lat' dir='ltr'>Efflatur)</span> <span class='ocrx_word' id='word_1_303' title='bbox 719 2239 729 2256; x_wconf 88' lang='lat'>,</span> <span class='ocrx_word' id='word_1_304' title='bbox 749 2207 922 2260; x_wconf 80' lang='grc' dir='ltr'>Ἰσραήλ;</span> <span class='ocrx_word' id='word_1_305' title='bbox 944 2207 1044 2246; x_wconf 79' lang='lat' dir='ltr'>libro</span> <span class='ocrx_word' id='word_1_306' title='bbox 1065 2207 1120 2255; x_wconf 89' lang='lat' dir='ltr'>II,</span> <span class='ocrx_word' id='word_1_307' title='bbox 1140 2207 1294 2247; x_wconf 70' lang='grc' dir='ltr'>Σαὸαώθ</span> <span class='ocrx_word' id='word_1_308' title='bbox 1307 2237 1317 2256; x_wconf 90' lang='grc'>,</span> <span class='ocrx_word' id='word_1_309' title='bbox 1334 2206 1496 2258; x_wconf 82' lang='grc' dir='ltr'>Ἀδωναΐ,</span> <span class='ocrx_word' id='word_1_310' title='bbox 1517 2209 1588 2246; x_wconf 83' lang='grc' dir='ltr'>Βε-</span> 
     </span>
     <span class='ocr_line' id='line_1_32' title="bbox 108 2272 1589 2326; baseline 0 -16"><span class='ocrx_word' id='word_1_311' title='bbox 108 2272 199 2326; x_wconf 81' lang='grc' dir='ltr'>λίαρ,</span> <span class='ocrx_word' id='word_1_312' title='bbox 228 2281 265 2311; x_wconf 90' lang='lat' dir='ltr'>et</span> <span class='ocrx_word' id='word_1_313' title='bbox 283 2273 517 2324; x_wconf 80' lang='lat' dir='ltr'>Angelorum</span> <span class='ocrx_word' id='word_1_314' title='bbox 550 2273 904 2324; x_wconf 81' lang='lat' dir='ltr'>prophetarumque</span> <span class='ocrx_word' id='word_1_315' title='bbox 936 2272 1092 2310; x_wconf 82' lang='lat' dir='ltr'>nomina</span> <span class='ocrx_word' id='word_1_316' title='bbox 1129 2272 1348 2324; x_wconf 72' lang='lat' dir='ltr'>complura,</span> <span class='ocrx_word' id='word_1_317' title='bbox 1373 2272 1500 2323; x_wconf 87' lang='lat' dir='ltr'>qualia</span> <span class='ocrx_word' id='word_1_318' title='bbox 1524 2272 1589 2310; x_wconf 74' lang='lat' dir='ltr'>vix</span> 
     </span>
     <span class='ocr_line' id='line_1_33' title="bbox 109 2337 1639 2393; baseline 0.001 -15"><span class='ocrx_word' id='word_1_319' title='bbox 109 2341 181 2378; x_wconf 87' lang='lat' dir='ltr'>ulla</span> <span class='ocrx_word' id='word_1_320' title='bbox 218 2342 256 2379; x_wconf 90' lang='lat' dir='ltr'>in</span> <span class='ocrx_word' id='word_1_321' title='bbox 279 2341 387 2379; x_wconf 84' lang='lat' dir='ltr'>libris</span> <span class='ocrx_word' id='word_1_322' title='bbox 404 2341 690 2393; x_wconf 74' lang='lat' dir='ltr'>antiquioribus</span> <span class='ocrx_word' id='word_1_323' title='bbox 711 2337 777 2380; x_wconf 79' lang='lat' dir='ltr'>aut</span> <span class='ocrx_word' id='word_1_324' title='bbox 796 2355 988 2393; x_wconf 85' lang='lat' dir='ltr'>perpauca</span> <span class='ocrx_word' id='word_1_325' title='bbox 1009 2341 1192 2393; x_wconf 85' lang='lat' dir='ltr'>reperias.</span> <span class='ocrx_word' id='word_1_326' title='bbox 1226 2342 1292 2380; x_wconf 81' lang='lat' dir='ltr'>His</span> <span class='ocrx_word' id='word_1_327' title='bbox 1315 2340 1416 2379; x_wconf 85' lang='lat' dir='ltr'>adde</span> <span class='ocrx_word' id='word_1_328' title='bbox 1442 2340 1541 2379; x_wconf 84' lang='lat' dir='ltr'>libro</span> <span class='ocrx_word' id='word_1_329' title='bbox 1557 2341 1596 2388; x_wconf 88' lang='lat'>1,</span> <span class='ocrx_word' id='word_1_330' title='bbox 1635 2361 1639 2366; x_wconf 95' lang='lat'>·</span> 
     </span>
     <span class='ocr_line' id='line_1_34' title="bbox 69 2405 1587 2458; baseline 0.001 -16"><span class='ocrx_word' id='word_1_331' title='bbox 69 2449 73 2452; x_wconf 19' lang='lat'><strong>⁴</strong></span> <span class='ocrx_word' id='word_1_332' title='bbox 108 2418 141 2443; x_wconf 90' lang='lat' dir='ltr'>v.</span> <span class='ocrx_word' id='word_1_333' title='bbox 164 2409 249 2457; x_wconf 81' lang='lat'>103,</span> <span class='ocrx_word' id='word_1_334' title='bbox 273 2407 319 2449; x_wconf 84' lang='grc' dir='ltr'>εἰς</span> <span class='ocrx_word' id='word_1_335' title='bbox 338 2405 486 2455; x_wconf 84' lang='grc' dir='ltr'>Γέεναν,</span> <span class='ocrx_word' id='word_1_336' title='bbox 503 2415 540 2445; x_wconf 82' lang='lat' dir='ltr'>ct</span> <span class='ocrx_word' id='word_1_337' title='bbox 556 2405 621 2444; x_wconf 86' lang='lat' dir='ltr'>lib.</span> <span class='ocrx_word' id='word_1_338' title='bbox 637 2407 690 2457; x_wconf 85' lang='lat'>11,</span> <span class='ocrx_word' id='word_1_339' title='bbox 711 2420 747 2443; x_wconf 92' lang='lat' dir='ltr'>v.</span> <span class='ocrx_word' id='word_1_340' title='bbox 773 2420 862 2457; x_wconf 80' lang='lat'>292,</span> <span class='ocrx_word' id='word_1_341' title='bbox 880 2407 915 2444; x_wconf 81' lang='grc' dir='ltr'>ἐν</span> <span class='ocrx_word' id='word_1_342' title='bbox 931 2405 1053 2458; x_wconf 80' lang='grc' dir='ltr'>Γεένῃ.</span> <span class='ocrx_word' id='word_1_343' title='bbox 1069 2406 1278 2444; x_wconf 85' lang='lat' dir='ltr'>Nominum</span> <span class='ocrx_word' id='word_1_344' title='bbox 1294 2405 1406 2444; x_wconf 81' lang='lat' dir='ltr'>etiam</span> <span class='ocrx_word' id='word_1_345' title='bbox 1425 2418 1447 2443; x_wconf 84' lang='lat' dir='ltr'>a</span> <span class='ocrx_word' id='word_1_346' title='bbox 1466 2419 1587 2458; x_wconf 82' lang='lat' dir='ltr'>graeca</span> 
     </span>
     <span class='ocr_line' id='line_1_35' title="bbox 109 2469 1589 2522; baseline 0.001 -16"><span class='ocrx_word' id='word_1_347' title='bbox 109 2470 339 2522; x_wconf 83' lang='lat' dir='ltr'>mythologia</span> <span class='ocrx_word' id='word_1_348' title='bbox 355 2470 548 2509; x_wconf 77' lang='lat' dir='ltr'>adsensus</span> <span class='ocrx_word' id='word_1_349' title='bbox 560 2471 785 2521; x_wconf 84' lang='lat' dir='ltr'>allegoricos</span> <span class='ocrx_word' id='word_1_350' title='bbox 802 2469 1289 2519; x_wconf 69' lang='lat' dir='ltr'>detortorum,crebrior-in</span> <span class='ocrx_word' id='word_1_351' title='bbox 1309 2478 1473 2521; x_wconf 83' lang='lat' dir='ltr'>utroque</span> <span class='ocrx_word' id='word_1_352' title='bbox 1488 2469 1589 2508; x_wconf 86' lang='lat' dir='ltr'>libro</span> 
     </span>
     <span class='ocr_line' id='line_1_36' title="bbox 108 2532 1592 2587; baseline -0.001 -13"><span class='ocrx_word' id='word_1_353' title='bbox 108 2549 221 2586; x_wconf 85' lang='lat' dir='ltr'>quam</span> <span class='ocrx_word' id='word_1_354' title='bbox 234 2537 274 2575; x_wconf 89' lang='lat' dir='ltr'>in</span> <span class='ocrx_word' id='word_1_355' title='bbox 294 2537 455 2587; x_wconf 80' lang='lat' dir='ltr'>reliquis</span> <span class='ocrx_word' id='word_1_356' title='bbox 470 2549 560 2575; x_wconf 84' lang='lat' dir='ltr'>usus</span> <span class='ocrx_word' id='word_1_357' title='bbox 580 2545 652 2582; x_wconf 86' lang='lat' dir='ltr'>est,</span> <span class='ocrx_word' id='word_1_358' title='bbox 671 2544 713 2573; x_wconf 91' lang='lat' dir='ltr'>ut</span> <span class='ocrx_word' id='word_1_359' title='bbox 733 2535 802 2575; x_wconf 89' lang='lat' dir='ltr'>lib.</span> <span class='ocrx_word' id='word_1_360' title='bbox 824 2538 856 2582; x_wconf 90' lang='lat'>1,</span> <span class='ocrx_word' id='word_1_361' title='bbox 876 2534 1080 2586; x_wconf 75' lang='grc' dir='ltr'>Τάρταρος,</span> <span class='ocrx_word' id='word_1_362' title='bbox 1100 2532 1268 2587; x_wconf 70' lang='grc' dir='ltr'>Ἶίρεὸος,</span> <span class='ocrx_word' id='word_1_363' title='bbox 1293 2533 1446 2584; x_wconf 80' lang='grc' dir='ltr'>Νηρεύς,</span> <span class='ocrx_word' id='word_1_364' title='bbox 1467 2533 1592 2573; x_wconf 82' lang='grc' dir='ltr'>Ἔννο-</span> 
     </span>
     <span class='ocr_line' id='line_1_37' title="bbox 108 2598 1547 2652; baseline 0.001 -16"><span class='ocrx_word' id='word_1_365' title='bbox 108 2600 259 2651; x_wconf 84' lang='grc' dir='ltr'>σίγαιος;</span> <span class='ocrx_word' id='word_1_366' title='bbox 281 2600 382 2639; x_wconf 84' lang='lat' dir='ltr'>libro</span> <span class='ocrx_word' id='word_1_367' title='bbox 404 2601 459 2649; x_wconf 89' lang='lat'>11,</span> <span class='ocrx_word' id='word_1_368' title='bbox 474 2598 691 2652; x_wconf 76' lang='grc' dir='ltr'>Ἥφαιστος,</span> <span class='ocrx_word' id='word_1_369' title='bbox 711 2600 916 2652; x_wconf 75' lang='grc' dir='ltr'>Τάρταρος,</span> <span class='ocrx_word' id='word_1_370' title='bbox 938 2598 1126 2646; x_wconf 81' lang='grc' dir='ltr'>Ἠλύσιον,</span> <span class='ocrx_word' id='word_1_371' title='bbox 1146 2598 1387 2652; x_wconf 79' lang='grc' dir='ltr'>Ἀχερουσιάς,</span> <span class='ocrx_word' id='word_1_372' title='bbox 1406 2613 1440 2636; x_wconf 84' lang='grc' dir='ltr'>κ.</span> <span class='ocrx_word' id='word_1_373' title='bbox 1463 2613 1496 2638; x_wconf 82' lang='grc' dir='ltr'>τ.</span> <span class='ocrx_word' id='word_1_374' title='bbox 1514 2599 1547 2637; x_wconf 89' lang='grc' dir='ltr'>λ.</span> 
     </span>
    </p>

    <p class='ocr_par' dir='ltr' id='par_1_8' title="bbox 59 2664 1640 2972">
     <span class='ocr_line' id='line_1_38' title="bbox 158 2664 1590 2716; baseline -0.001 -13"><span class='ocrx_word' id='word_1_375' title='bbox 158 2665 231 2703; x_wconf 84' lang='lat' dir='ltr'>Sed</span> <span class='ocrx_word' id='word_1_376' title='bbox 264 2673 303 2703; x_wconf 88' lang='lat' dir='ltr'>et</span> <span class='ocrx_word' id='word_1_377' title='bbox 331 2665 404 2716; x_wconf 81' lang='lat' dir='ltr'>ipsi</span> <span class='ocrx_word' id='word_1_378' title='bbox 441 2664 592 2703; x_wconf 79' lang='lat' dir='ltr'>codices</span> <span class='ocrx_word' id='word_1_379' title='bbox 625 2664 875 2714; x_wconf 72' lang='lat' dir='ltr'>manuscripti</span> <span class='ocrx_word' id='word_1_380' title='bbox 917 2665 1186 2714; x_wconf 79' lang='lat' dir='ltr'>cognationem</span> <span class='ocrx_word' id='word_1_381' title='bbox 1236 2664 1343 2701; x_wconf 87' lang='lat' dir='ltr'>istam</span> <span class='ocrx_word' id='word_1_382' title='bbox 1381 2675 1590 2714; x_wconf 79' lang='lat' dir='ltr'>agnoscere</span> 
     </span>
     <span class='ocr_line' id='line_1_39' title="bbox 109 2727 1640 2780; baseline 0 -16"><span class='ocrx_word' id='word_1_383' title='bbox 109 2728 298 2777; x_wconf 79' lang='lat' dir='ltr'>videntur,</span> <span class='ocrx_word' id='word_1_384' title='bbox 321 2743 487 2780; x_wconf 86' lang='lat' dir='ltr'>quorum</span> <span class='ocrx_word' id='word_1_385' title='bbox 507 2729 703 2775; x_wconf 86' lang='lat' dir='ltr'>nonnulli,</span> <span class='ocrx_word' id='word_1_386' title='bbox 726 2729 828 2780; x_wconf 84' lang='lat' dir='ltr'>iique</span> <span class='ocrx_word' id='word_1_387' title='bbox 849 2728 999 2779; x_wconf 88' lang='lat' dir='ltr'>optimi,</span> <span class='ocrx_word' id='word_1_388' title='bbox 1017 2728 1117 2766; x_wconf 80' lang='lat' dir='ltr'>inter</span> <span class='ocrx_word' id='word_1_389' title='bbox 1138 2727 1301 2779; x_wconf 83' lang='lat' dir='ltr'>primum</span> <span class='ocrx_word' id='word_1_390' title='bbox 1320 2736 1358 2765; x_wconf 93' lang='lat' dir='ltr'>et</span> <span class='ocrx_word' id='word_1_391' title='bbox 1379 2727 1587 2765; x_wconf 77' lang='lat' dir='ltr'>secundum</span> <span class='ocrx_word' id='word_1_392' title='bbox 1635 2761 1640 2768; x_wconf 81' lang='grc'>,</span> 
     </span>
     <span class='ocr_line' id='line_1_40' title="bbox 107 2790 1589 2843; baseline 0.002 -17"><span class='ocrx_word' id='word_1_393' title='bbox 107 2790 269 2840; x_wconf 86' lang='lat' dir='ltr'>librum,</span> <span class='ocrx_word' id='word_1_394' title='bbox 292 2792 433 2830; x_wconf 85' lang='lat' dir='ltr'>omisso</span> <span class='ocrx_word' id='word_1_395' title='bbox 455 2793 590 2843; x_wconf 87' lang='lat' dir='ltr'>titulo,</span> <span class='ocrx_word' id='word_1_396' title='bbox 609 2793 871 2830; x_wconf 75' lang='lat' dir='ltr'>u·ansitionc¹11</span> <span class='ocrx_word' id='word_1_397' title='bbox 892 2792 1081 2830; x_wconf 81' lang='lat' dir='ltr'>duntaxat</span> <span class='ocrx_word' id='word_1_398' title='bbox 1109 2791 1253 2830; x_wconf 76' lang='lat' dir='ltr'>liabent</span> <span class='ocrx_word' id='word_1_399' title='bbox 1281 2805 1392 2842; x_wconf 81' lang='lat' dir='ltr'>prosa</span> <span class='ocrx_word' id='word_1_400' title='bbox 1413 2791 1589 2829; x_wconf 84' lang='lat' dir='ltr'>oratione</span> 
     </span>
     <span class='ocr_line' id='line_1_41' title="bbox 59 2855 1589 2907; baseline 0.002 -15"><span class='ocrx_word' id='word_1_401' title='bbox 59 2857 64 2864; x_wconf 91' lang='lat'>&#39;</span> <span class='ocrx_word' id='word_1_402' title='bbox 109 2856 284 2906; x_wconf 81' lang='lat' dir='ltr'>scriptam</span> <span class='ocrx_word' id='word_1_403' title='bbox 304 2870 313 2896; x_wconf 93' lang='lat'>:</span> <span class='ocrx_word' id='word_1_404' title='bbox 334 2855 517 2900; x_wconf 79' lang='grc' dir='ltr'>Ὡσαύτως</span> <span class='ocrx_word' id='word_1_405' title='bbox 537 2857 597 2895; x_wconf 74' lang='grc' dir='ltr'>καὶ</span> <span class='ocrx_word' id='word_1_406' title='bbox 617 2855 695 2901; x_wconf 76' lang='grc' dir='ltr'>τοὺς</span> <span class='ocrx_word' id='word_1_407' title='bbox 711 2855 897 2895; x_wconf 78' lang='grc' dir='ltr'>πολυΟεΐαν</span> <span class='ocrx_word' id='word_1_408' title='bbox 926 2860 1131 2904; x_wconf 71' lang='grc' dir='ltr'>νοσοῦντας,</span> <span class='ocrx_word' id='word_1_409' title='bbox 1158 2872 1191 2894; x_wconf 84' lang='grc' dir='ltr'>κ.</span> <span class='ocrx_word' id='word_1_410' title='bbox 1211 2872 1242 2894; x_wconf 88' lang='grc' dir='ltr'>τ.</span> <span class='ocrx_word' id='word_1_411' title='bbox 1261 2856 1292 2894; x_wconf 88' lang='grc' dir='ltr'>λ.</span> <span class='ocrx_word' id='word_1_412' title='bbox 1315 2855 1473 2907; x_wconf 82' lang='lat' dir='ltr'>(reliqua</span> <span class='ocrx_word' id='word_1_413' title='bbox 1501 2855 1589 2895; x_wconf 80' lang='lat' dir='ltr'>vide</span> 
     </span>
     <span class='ocr_line' id='line_1_42' title="bbox 110 2918 1587 2972; baseline 0.001 -17"><span class='ocrx_word' id='word_1_414' title='bbox 110 2918 145 2955; x_wconf 83' lang='lat' dir='ltr'>iu</span> <span class='ocrx_word' id='word_1_415' title='bbox 175 2920 272 2958; x_wconf 86' lang='lat' dir='ltr'>notis</span> <span class='ocrx_word' id='word_1_416' title='bbox 304 2921 353 2959; x_wconf 81' lang='lat' dir='ltr'>ad</span> <span class='ocrx_word' id='word_1_417' title='bbox 389 2922 491 2960; x_wconf 86' lang='lat' dir='ltr'>hunc</span> <span class='ocrx_word' id='word_1_418' title='bbox 519 2922 683 2972; x_wconf 89' lang='lat' dir='ltr'>locum);</span> <span class='ocrx_word' id='word_1_419' title='bbox 717 2931 753 2960; x_wconf 81' lang='lat' dir='ltr'>et</span> <span class='ocrx_word' id='word_1_420' title='bbox 782 2921 900 2961; x_wconf 80' lang='lat' dir='ltr'>iidem</span> <span class='ocrx_word' id='word_1_421' title='bbox 932 2922 970 2960; x_wconf 86' lang='lat' dir='ltr'>in</span> <span class='ocrx_word' id='word_1_422' title='bbox 1000 2922 1073 2959; x_wconf 85' lang='lat' dir='ltr'>linc</span> <span class='ocrx_word' id='word_1_423' title='bbox 1101 2920 1188 2960; x_wconf 86' lang='lat' dir='ltr'>libri</span> <span class='ocrx_word' id='word_1_424' title='bbox 1219 2922 1251 2960; x_wconf 82' lang='grc' dir='ltr'>ΙΙ</span> <span class='ocrx_word' id='word_1_425' title='bbox 1285 2919 1587 2959; x_wconf 83' lang='lat' dir='ltr'>stichometriam</span> 
     </span>
    </p>
   </div>
  </div>
 </body>
</html>
