1752 3495
167 247 257 291 124
735 245 1031 290 APPENDIX

609 343 663 375 ΕΞ
684 343 875 377 ΑΔΗΛΩΝ·
901 340 1162 373 ΣΙΒΥΛΔΕΙΩΝ.

211 625 256 666 Ἡ
276 629 333 665 νῦν
349 633 362 649 ¹
384 627 514 667 Ἰταλία
538 628 732 680 καλουμένη
757 629 806 681 τῷ
835 630 901 680 θεῷ
921 626 1030 680 τούτῳ
1049 626 1113 680 [τῷ
1131 626 1270 680 Κρόνῳ]
1288 624 1441 664 ἀνέκειτο
1453 655 1463 673 ,
1482 627 1617 680 Σατορ-

158 691 215 729 νία
237 691 320 743 πρὸς
346 693 414 730 τῶν
442 692 658 731 ἐνοικούντων
677 690 937 742 ὀνομαζομένη,
964 693 1009 734 ὡς
1036 690 1127 729 ἔστιν
1156 692 1262 744 εὑρεῖν
1290 690 1323 729 ἔν
1349 705 1388 729 τε
1407 689 1621 735 Σιὸυλλιίοις

158 755 228 793 τισὶ
247 754 386 807 λογίοις,
405 772 439 796 κ.
455 772 486 796 τ.
502 758 538 797 λ.
865 808 894 846 Γ

209 879 284 923 Τῆς
305 877 340 916 δὲ
358 877 373 902 ³
394 879 448 917 ἐπὶ
469 878 616 917 Ἰταλίαν
636 878 771 916 Αἰνείου
788 877 846 915 καὶ
872 875 1004 929 Τρώων
1023 876 1184 931 ἀφίξεως.
1200 905 1208 915 .
1228 885 1236 915 .’
1255 906 1263 914 .
1283 910 1290 917 .
1318 876 1528 928 μηνύματα,
1556 878 1620 917 Σι-

159 940 286 989 ὅύλλης
303 957 340 980 τε
358 942 476 993 λόγια,
495 958 527 980 κ.
543 958 575 981 τ.
593 942 625 979 λ.
863 996 892 1032 Δ

208 1063 311 1113 Λέγει
327 1070 342 1098 4
369 1062 403 1102 δὲ
421 1061 609 1115 [”Ομηρος]
626 1061 700 1110 ὅτι,
720 1063 790 1101 Νῦν
813 1061 849 1101 δὲ
880 1062 920 1110 δὴ
945 1061 1084 1101 Αἰνείαο
1109 1061 1166 1114 βίη
1194 1061 1372 1114 Τρώεσσιν
1401 1062 1533 1110 ἀνάξει,
1563 1063 1622 1102 καὶ

155 1126 289 1164 παίδων
314 1127 430 1168 παῖδες
447 1126 480 1164 οἳ
499 1125 699 1176 μετοπίσθεν
726 1126 903 1176 γένωνται.
924 1128 1038 1166 Τοῦτο
1063 1126 1098 1164 δὲ
1127 1126 1264 1177 λέγεται
1289 1125 1344 1165 διὰ
1367 1126 1430 1173 τὴν
1450 1129 1518 1165 τῶν
1534 1125 1621 1166 Ῥω-

157 1190 269 1240 μαίων
286 1189 415 1242 ἀρχὴν,
439 1190 502 1238 ἥν,
528 1205 652 1243 φασιν,
679 1190 770 1236 εἰκὸς
796 1190 922 1229 εἰδέναι
941 1190 999 1228 τὸν
1024 1189 1171 1237 ποιητὴν
1202 1192 1240 1229 ἐκ
1264 1192 1331 1229 τῶν
1358 1193 1419 1237 τῆς
1447 1189 1621 1237 Σιὸύλλης

155 1256 335 1306 χρησμῶν·

864 1309 904 1347 Ε.

365 1376 577 1430 Τρινακρίης
594 1377 607 1398 ⁵
627 1376 744 1424 νήσου,
763 1376 805 1424 ἢν
828 1375 941 1416 ἔκτισε
961 1377 1151 1429 Τρίνακρος
1171 1376 1280 1431 ἥρως,

364 1440 445 1484 Υἱὸς
464 1440 688 1491 ποντομέδοιο
704 1442 944 1485 Ποσειδάωνος
963 1442 1122 1485 ἄνακτος.

865 1512 903 1551 F.

364 1580 462 1634 Ἀρόη
480 1581 495 1601 ⁶
511 1582 692 1634 τρίπυργος
719 1582 815 1620 ἔσται
832 1581 1003 1632 εὐδαίμων
1023 1581 1131 1624 πόλις.

867 1653 907 1690 Z.

206 1723 277 1762 Τὸν
293 1723 328 1762 δὲ
343 1728 358 1754 7
376 1722 460 1775 ὑπὲρ
474 1724 534 1769 τῆς
550 1722 767 1774 καλουμένης
786 1721 922 1776 Θυρέας
941 1722 1223 1774 Λακεδαιμονίων
1241 1724 1358 1775 ἀγῶνα
1374 1723 1433 1762 καὶ
1451 1720 1622 1775 Ἀργείων,

155 1787 309 1827 Σίὸυλλα
330 1785 392 1838 μὲν
412 1787 469 1825 καὶ
487 1790 605 1825 τοῦτον
624 1786 869 1839 προεθέσπισεν
882 1816 893 1835 ,
913 1788 958 1830 ὡς
978 1787 1191 1838 συμὸήσοιτο
1211 1787 1245 1831 ἐξ
1263 1786 1339 1826 ἴσου
1366 1792 1442 1831 ταῖς
1467 1786 1619 1825 πόλεσιν.

865 1859 911 1897 11.

364 1927 432 1965 Καὶ
449 1928 463 1948 ⁸
480 1926 551 1965 τότ’
569 1926 777 1974 Ἀθηναίοισι
798 1926 990 1979 βαρύστονα
1009 1926 1117 1974 κήδεα
1136 1926 1233 1975 θήσει

365 1990 453 2033 Ζεὺς
466 1990 714 2043 ὖψιὸρεμέτης,
733 1985 828 2044 ᾧπερ
846 1990 967 2045 κράτος
986 1992 1058 2030 ἐστὶ
1077 1992 1251 2043 μέγιστον·

197 2093 223 2118 ι.
245 2085 311 2119 sub
337 2086 399 2118 hoc
428 2086 522 2118 titulo
553 2086 850 2126 comprehendimus

153 2132 302 2174 sibyllina
330 2133 505 2172 fragmenta
524 2142 595 2173 quae
621 2132 737 2173 passim
764 2133 847 2173 apud

152 2183 297 2211 auctores
325 2180 392 2211 sine
416 2180 541 2219 propria
564 2179 694 2219 sibyllae
718 2179 849 2220 alicujus

154 2225 367 2265 designatione
382 2226 477 2258 citata
493 2229 666 2257 occurrunt
685 2238 691 2257 :
710 2234 846 2265 quorum

154 2272 301 2313 pleraque
325 2273 363 2304 ad
388 2277 561 2304 Romanam
586 2275 728 2313 spectant
753 2272 850 2304 histo-

101 2346 106 2352 .
155 2320 258 2359 riam,
283 2320 410 2360 originis
438 2320 507 2351 ideo
540 2320 722 2352 recentioris
747 2320 850 2350 mani-

156 2369 254 2409 festa,
271 2377 307 2400 ac
328 2379 366 2400 ne
385 2369 422 2400 ad
452 2369 754 2409 pseudo-Cumanam
779 2368 850 2408 qui-

155 2415 228 2447 dem
252 2419 464 2447 Romanorum
491 2416 638 2456 Sibyllam
659 2416 765 2446 referri
779 2423 852 2455 pos-

156 2464 244 2494 sunt.
254 2465 288 2494 ln
301 2462 338 2493 iis
349 2471 424 2494 vero
439 2463 622 2501 fragmentis
634 2462 849 2502 disponendis,

155 2509 300 2540 ordinem
325 2518 428 2541 rerum
453 2513 484 2540 et
503 2512 699 2549 temporum,
723 2509 763 2540 ad
778 2517 850 2549 quoe

156 2557 314 2597 pertinere
330 2556 398 2587 visa
411 2558 497 2594 sunt,
510 2557 662 2595 quantum
678 2555 778 2594 licuit,
792 2564 851 2587 ser·

155 2601 312 2632 vavimus.
322 2601 518 2640 —Primuim
528 2601 612 2641 quod
625 2601 850 2632 latinetantum

156 2646 327 2685 edidimus,
347 2647 502 2678 Ammiani
524 2649 570 2678 est
585 2646 776 2685 Marcellini,
796 2646 848 2677 lib.

156 2697 235 2733 XXl,
247 2693 307 2724 sub
321 2694 404 2732 init„
421 2695 591 2734 aperteque
607 2701 624 2725 e
642 2693 779 2732 profanis
795 2693 853 2724 ‹lu-

155 2743 243 2772 ctum
254 2739 427 2780 Sibyllinis,
440 2748 502 2772 non
517 2748 533 2771 e
548 2739 676 2777 nostris,
690 2739 723 2770 in
739 2739 854 2779 quibus

155 2786 198 2817 nil
209 2786 272 2818 tale
284 2786 449 2827 reperitur,
463 2786 522 2818 nisi
537 2786 598 2818 huc
609 2785 714 2817 trahas
726 2794 854 2817 versum

155 2841 254 2864 uuum
275 2831 331 2864 llb.
347 2836 415 2874 vll,
438 2841 470 2864 v.
498 2836 552 2865 157
568 2845 576 2865 z
593 2832 729 2865 Τοῦνεκα
742 2835 801 2872 πῦρ
817 2831 848 2871 μ’

157 2881 263 2920 ἔφαγεν
281 2880 332 2912 καὶ
356 2880 519 2922 βρώσεται,
539 2880 622 2920 quod
642 2885 772 2921 prorsus
787 2879 848 2912 alio

157 2928 289 2966 spectat.

962 2090 992 2119 2.
1018 2091 1039 2119 Ε
1055 2087 1205 2129 Dionysio
1218 2088 1316 2120 Balio.
1339 2088 1396 2129 l.§
1415 2091 1465 2127 ³4,
1483 2088 1620 2120 videtur·

920 2143 983 2175 que
993 2143 1067 2166 cum
1080 2136 1256 2174 fragmento
1264 2136 1405 2175 sequenti
1413 2135 1620 2175 conjunctum

920 2182 994 2213 olim
1017 2182 1126 2213 fuisse.
1157 2182 1265 2213 Potest
1293 2183 1399 2213 autem
1426 2182 1466 2213 ab
1489 2181 1622 2221 antiquo

919 2227 1060 2259 carmine
1073 2228 1234 2267 Erythraeo
1245 2228 1419 2268 profectum
1429 2227 1619 2268 esse,qu0d,
1634 2269 1636 2271 ‚

920 2276 956 2306 ut
972 2277 1045 2314 pote
1058 2275 1173 2306 Graecis
1188 2274 1284 2306 ltalize
1300 2275 1431 2306 coloniis
1448 2274 1617 2315 posterius,

921 2320 1058 2353 fabulam
1077 2321 1142 2360 jam
1163 2321 1324 2352 continere
1341 2321 1445 2361 potuit
1457 2321 1496 2352 de
1514 2325 1617 2353 Crono

921 2377 975 2399 seu
987 2370 1133 2406 Saturno,
1147 2376 1250 2399 aureae
1268 2367 1372 2399 aetatis
1386 2368 1416 2398 in
1429 2367 1516 2399 ltalia
1537 2375 1618 2406 rege.

922 2419 966 2446 Nc
985 2417 1089 2446 tamen
1114 2418 1180 2445 tam
1203 2414 1371 2453 antiquum
1385 2414 1533 2445 credatur
1556 2414 1616 2445 lioc

922 2461 1131 2500 fragmentum
1147 2483 1157 2499 ‚
1187 2459 1295 2492 obstat
1334 2460 1432 2492 latina
1463 2468 1526 2491 vox
1560 2469 1618 2500 po-

921 2507 983 2538 tius
998 2516 1092 2547 quam
1105 2516 1206 2547 graeca
1217 2507 1376 2547 Σατορνία,
1394 2507 1454 2537 nisi
1472 2507 1503 2537 in
1518 2506 1617 2547 Sibyl·

921 2554 986 2586 lino
1013 2556 1100 2586 textu
1135 2554 1249 2595 Κρονία
1278 2554 1349 2586 suit.
1381 2553 1464 2593 Quid
1485 2562 1558 2585 vero
1589 2552 1616 2584 si

922 2601 1061 2641 Dionysii
1092 2601 1241 2641 Sibyllina
1271 2600 1323 2631 illa
1353 2600 1442 2638 λόγια
1466 2608 1528 2630 non
1557 2599 1617 2631 alia

923 2649 999 2678 sunt
1016 2654 1112 2686 quam
1131 2645 1236 2685 ipsum
1255 2644 1372 2676 oraculi
1395 2644 1544 2675 Dodonaei
1570 2653 1617 2676 re-

923 2701 1074 2734 sponsum
1103 2700 1142 2723 ex
1165 2692 1296 2731 antiqua
1316 2690 1484 2722 traditione
1506 2699 1614 2722 servu-

924 2742 993 2771 tum
1012 2739 1052 2770 ab
1068 2738 1178 2770 eodem
1201 2741 1347 2775 auctore,
1367 2737 1423 2768 lib.
1452 2740 1485 2776 1,
1518 2737 1536 2778 §
1559 2739 1616 2777 19,

925 2785 1040 2818 deinde
1058 2785 1152 2817 etiam
1172 2793 1190 2815 a
1204 2783 1362 2816 Macrobio
1382 2783 1515 2823 aliisque
1535 2793 1542 2815 :

920 2832 1059 2873 Στεὶχετε
1068 2831 1225 2872 μαιόμενοι
1234 2833 1365 2863 Σικελῶν
1375 2831 1536 2872 Σατόρνιον
1547 2832 1617 2862 αἶαν

921 2877 988 2910 'Ha’
1004 2878 1224 2920 Ἂὸοριγενέων,
1238 2889 1268 2909 κ,
1285 2888 1313 2908 τ.
1331 2878 1358 2908 λ.

919 2924 1031 2964 Quod,
1051 2928 1085 2956 ut
1104 2924 1252 2965 pleraque
1267 2923 1327 2956 alia
1342 2923 1380 2954 de
1401 2922 1477 2955 Latii
1496 2922 1619 2962 origini·
