1752 3495
216 249 306 294 166
581 242 660 286 ΑῘ)
696 240 1042 286 SIBYLLINOS
1075 235 1283 282 LIBROS

212 347 311 384 vium
324 372 333 390 ,
353 344 427 390 ΙΙΙ,
446 347 466 388 S
488 355 530 378 10
543 370 553 387 ,
571 358 585 373 κ
603 339 769 391 pericula
788 353 807 376 a
824 347 1013 376 conventu
1035 336 1328 386 alienigenarum
1354 330 1553 384 praedicta3
1570 335 1661 373 inter

173 401 177 418 ³
211 418 369 448 «cetera
399 408 584 444 monitum
614 414 656 442 ut
689 403 940 442 seditionibus
972 401 1280 442 abstineretur»,
1315 396 1379 433 ubi
1409 397 1532 434 statim
1562 399 1660 440 addit

174 450 177 471 Ξ
210 473 334 512 Livius
357 486 366 509 τ
387 489 402 503 «ι
419 471 459 509 Id
482 472 618 508 sactum
641 469 687 507 ad
716 468 993 519 impediendam
1023 467 1137 513 legem
1159 461 1301 500 tribuni
1324 461 1628 503 criminabantur.
1647 484 1660 499 ι

208 539 358 587 Quippe
378 543 456 572 tum
485 534 678 572 duumviri
708 547 729 571 e
748 532 910 584 patriciis
929 539 1070 567 tantum
1086 525 1337 577 eligebantur,
1359 525 1413 562 uti
1437 525 1534 562 inst-a
1563 526 1662 566 dice·

210 612 295 649 tur,
318 615 403 652 cap.
431 613 470 650 9.
492 599 565 638 Sed
594 598 651 635 vel
671 598 734 636 illa
761 595 985 647 suspicionis
1008 592 1140 631 umbra
1171 590 1346 640 evanuit,
1375 598 1572 640 postquam
1593 591 1660 631 lata

154 701 166 705 ,Α
211 668 269 704 lex
291 675 347 704 est
366 674 422 712 ut,
440 673 552 703 aucto
581 663 823 701 duumvirum
844 671 1000 697 numero
1014 687 1024 703 ‚
1047 670 1133 708 pai-s
1151 670 1172 694 e
1193 655 1383 707 patribus,
1405 667 1493 706 pars
1516 668 1536 692 e
1556 656 1663 706 plebe

210 732 413 781 eligeretur
433 742 443 768 :
465 728 596 767 confer
615 741 682 765 nos
700 726 791 764 ibid.

266 795 399 832 Mansit
419 806 508 844 ergo
532 792 668 830 deinde
698 804 766 841 per
788 802 904 827 annos
932 788 1008 825 sere
1038 784 1338 836 quadringentos
1361 782 1547 821 librorum
1571 785 1660 825 fides

210 862 451 905 inconcussa3
474 872 542 896 nec
556 857 759 908 quidquam
780 855 827 892 de
846 865 977 891 eorum
994 850 1215 888 conditione
1236 857 1435 896 mutatum,
1455 863 1501 886 ne
1519 850 1660 889 Gallico

208 925 362 976 quidem
379 924 498 970 bello,
519 935 636 973 quum
655 920 745 959 urbs
763 927 869 970 capta
886 924 922 954 et
939 918 1089 953 incensa
1111 915 1180 951 fuit
1193 943 1202 960 ‚
1221 914 1401 964 quoniam
1422 913 1460 951 in
1479 914 1660 965 Capitolio

210 989 282 1028 snb
300 989 407 1028 Jovis
427 996 463 1026 et
497 987 622 1026 Manlii
646 985 759 1022 tutela
783 995 911 1021 seem-e
930 982 1118 1030 jacentes,
1141 979 1260 1016 hostis
1289 977 1446 1016 barbari
1476 992 1605 1017 manus
1626 990 1660 1019 et

212 1056 316 1105 ignes
332 1054 556 1104 effugerunt.
577 1053 680 1098 Qum,
701 1049 807 1099 juxta
827 1044 1046 1094 nonnullos,
1067 1056 1180 1081 causa
1198 1044 1267 1081 suit
1287 1056 1356 1081 eur
1377 1043 1413 1081 in
1438 1042 1657 1094 quibusdam

213 1118 333 1170 gentis
354 1117 499 1155 Manli-”e
519 1115 639 1152 nmnis
670 1113 809 1163 efligies
839 1122 1052 1159 nomenque
1083 1107 1238 1157 Sibyllae
1263 1108 1490 1145 retineretur
1512 1108 1660 1157 (confer

212 1183 314 1234 apud
334 1180 570 1220 Vaillantium
585 1208 593 1225 ,
610 1179 720 1217 Num.
738 1176 853 1225 antiq.
873 1174 958 1212 fain.
974 1173 1102 1219 Rom„
1121 1181 1149 1212 t.
1170 1173 1226 1219 ΙΙ,
1249 1187 1285 1224 p.
1307 1174 1355 1222 96
1371 1202 1381 1219 ,
1402 1186 1557 1209 numum
1588 1174 1661 1223 ejus

211 1248 330 1297 gentis
349 1246 573 1284 delineatum
595 1257 602 1280 :
627 1241 792 1289 mulieris
812 1247 926 1290 eaput
955 1238 1063 1276 tortis
1081 1237 1226 1288 capillis
1248 1237 1467 1286 redimitqm
1495 1250 1580 1274 cum
1599 1251 1658 1275 no-

214 1312 313 1349 mine
332 1310 561 1358 SlBYLLA).
580 1307 655 1345 Nisi
680 1306 774 1343 sorte
788 1304 950 1343 Manlius
972 1304 1044 1350 ilie,
1060 1302 1218 1353 cujus'is
1239 1317 1378 1340 numus
1394 1311 1464 1348 est,
1487 1303 1528 1340 L.
1547 1304 1660 1342 TOR-

213 1375 407 1421 QUATUS
436 1364 700 1413 TRIUMVIRQ
730 1382 826 1407 unus
853 1368 924 1405 suit
947 1381 967 1404 e
990 1367 1115 1406 Xviris
1143 1381 1208 1405 seu
1240 1367 1398 1405 XVviris
1423 1368 1463 1407 S.
1487 1367 1539 1415 F„
1561 1370 1658 1418 quod

212 1439 380 1490 sculptus
397 1438 433 1475 in
450 1450 578 1475 aversa
598 1443 704 1486 parte
723 1433 841 1484 tripus
856 1432 1018 1479 indicat;
1036 1432 1151 1483 idque
1172 1445 1261 1470 vero
1284 1432 1454 1482 propius,

263 1504 435 1541 Ceterum
458 1502 554 1539 illam
585 1513 667 1537 cum
690 1498 829 1549 Sibylla
860 1496 1124 1548 cognationem
1156 1497 1292 1535 me‘rito
1318 1497 1468 1535 Manliis
1496 1497 1660 1536 invidere

212 1575 415 1618 potuerunt
434 1565 609 1611 Cornelii,
626 1572 836 1615 postquam,
855 1571 896 1599 ut
918 1563 1054 1611 serunt,
1074 1563 1112 1600 Ι).
1132 1562 1330 1599 Cornelius
1350 1562 1479 1609 Rufus,
1501 1576 1546 1600 ex
1562 1562 1661 1601 libris

211 1631 404 1681 Sibyllinis
419 1660 428 1676 ,
447 1631 591 1668 Punico
612 1628 711 1665 bello
730 1626 897 1664 secundo
910 1655 919 1673 ‚
940 1627 1050 1664 ludos
1071 1627 1293 1677 Apollineos
1311 1627 1509 1665 instituere
1524 1628 1658 1676 jussus,

210 1709 254 1733 ex
275 1709 320 1732 eo
342 1694 483 1745 vulgari
503 1693 753 1745 appellatione
784 1692 908 1738 Sulla,
940 1692 1048 1742 quasi
1065 1692 1225 1742 Sibylla,
1253 1692 1376 1730 dictus
1394 1700 1449 1730 est
1464 1723 1473 1741 ,
1497 1692 1660 1744 illudque

210 1772 415 1809 cognomen
435 1758 481 1796 ad
508 1767 664 1808 nepotes
684 1770 770 1795 suos
795 1757 1008 1806 u·anstulit,
1032 1766 1123 1795 teste
1138 1757 1177 1794 in
1199 1757 1481 1795 commentariis
1502 1757 1586 1808 ipso
1609 1759 1661 1795 di·

208 1831 362 1868 ‹rtatore,
387 1818 576 1872 sive‘ejus
606 1821 742 1859 liberto
773 1822 973 1872 Epicadio.
998 1822 1097 1860 sicut
1122 1821 1346 1870 Macrobius
1376 1822 1510 1871 docet,
1540 1822 1603 1862 lib.
1631 1823 1658 1870 Ι,

208 1900 289 1938 cap.
317 1900 376 1935 ις,
394 1896 430 1924 et
453 1886 658 1935 Charisius,
680 1886 742 1925 lib.
762 1886 794 1933 Ι,
814 1887 889 1926 col.
913 1887 977 1935 85,
1003 1887 1062 1924 ed.
1083 1886 1262 1938 Putseli.;
1284 1887 1421 1939 partim
1441 1888 1554 1925 etiam
1580 1888 1660 1925 Gel-

210 1953 294 2000 lius,
320 1953 385 1991 lib.
409 1953 438 2001 Ι,
460 1966 542 2003 cap.
571 1965 629 1990 12.

261 2018 394 2056 Mansit
412 2017 552 2068 utiquc,
572 2031 683 2068 quem
703 2017 885 2063 diximus,
911 2017 1011 2055 idem
1035 2016 1143 2056 libris
1168 2018 1294 2057 bonon·
1321 2018 1502 2070 idemque
1534 2027 1663 2066 status,

209 2083 386 2120 consultis
397 2096 504 2133 saepe,
519 2084 728 2134 statimque,
743 2082 808 2121 ubi
820 2084 984 2121 consulti
999 2092 1137 2131 essent,
1150 2084 1220 2122 sub
1236 2093 1375 2122 terram
1389 2085 1577 2136 repositis,
1591 2094 1662 2122 tan-

209 2161 320 2198 quam
340 2149 468 2198 procul
487 2147 534 2185 ab
555 2149 655 2185 omni
672 2157 788 2196 metu,
808 2162 926 2199 usque
946 2149 992 2186 ad
1016 2150 1170 2199 Syllana
1192 2159 1364 2201 tempora
1385 2163 1449 2187 seu
1465 2151 1659 2188 Marsicum

212 2211 348 2249 bellum
379 2224 388 2251 :
417 2212 518 2263 quod
539 2212 677 2251 diserte
696 2213 747 2251 ait
766 2213 970 2264 Dionysius
990 2214 1075 2252 loco
1095 2215 1159 2251 cit.
1183 2230 1190 2252 :
1213 2208 1319 2253 Οὗτοι
1339 2213 1513 2265 διέμειναν
1531 2215 1562 2252 οἱ
1577 2229 1660 2266 χρη-

212 2277 314 2327 σμοὶ,
337 2276 438 2329 μέχρι
461 2281 520 2315 τοῦ
540 2279 718 2332 Μαρσικοῦ
735 2277 889 2329 πολέμου
909 2279 1063 2329 κείμενοι
1084 2278 1172 2317 κατὰ
1198 2282 1261 2329 γῆς
1287 2281 1391 2332 ἐν,τῷ
1420 2281 1508 2330 ναῷ.
1533 2279 1659 2316 Marsi-

211 2357 296 2380 cum
317 2356 405 2380 vero
434 2342 569 2381 bellum
592 2345 772 2395 intelligas
800 2345 937 2382 sociale
956 2347 1099 2396 potius,
1127 2359 1204 2395 qno
1224 2345 1314 2383 libri
1330 2358 1415 2382 cum
1447 2344 1534 2395 ipso
1556 2343 1660 2393 Capi-

212 2406 304 2444 tolio
326 2407 446 2443 exusti
466 2416 572 2454 sunt,
594 2408 648 2445 nti
671 2408 814 2446 dicetur
835 2408 954 2457 infra,
973 2422 1058 2459 cap.
1084 2411 1120 2447 6.

213 2618 322 2656 CAP.
349 2617 389 2655 V.
421 2620 475 2654 De
500 2619 598 2654 tibris
633 2619 843 2667 quibusdam
870 2624 955 2658 aliis
982 2621 1129 2671 pul1l1'co
1148 2623 1264 2669 jussa
1291 2625 1345 2659 ad
1364 2621 1563 2671 Sibyllinos
1591 2622 1661 2658 ad-

853 2691 1005 2731 junctis.

262 2795 416 2832 interim
439 2794 740 2845 praemittendum
769 2796 910 2847 aliquid
931 2799 977 2837 dc
998 2799 1106 2838 libris
1128 2799 1358 2851 quibusdam
1380 2800 1462 2838 aliis
1490 2798 1658 2843 fatidicis,

206 2858 470 2909 quosbonoris
490 2873 601 2897 eausa
624 2858 814 2910 Sibyllinis
832 2865 1079 2913 consociatos,
1101 2865 1329 2904 testimoniis
1351 2875 1551 2904 auctorum
1572 2876 1658 2915 pau-

209 2922 260 2960 cis
278 2924 446 2974 quidem,
464 2923 526 2961 sed
550 2923 701 2961 minium·
723 2928 982 2977 aspernandis,
1009 2930 1279 2982 comperimus,
1300 2932 1376 2969 ‘scr
1400 2931 1472 2969 hoc
1503 2931 1661 2974 sactum,
