<?xml version="1.0" encoding="UTF-8"?>
<!DOCTYPE html PUBLIC "-//W3C//DTD XHTML 1.0 Transitional//EN"
    "http://www.w3.org/TR/xhtml1/DTD/xhtml1-transitional.dtd">
<html xmlns="http://www.w3.org/1999/xhtml" xml:lang="en" lang="en">
 <head>
  <title>
</title>
<meta http-equiv="Content-Type" content="text/html;charset=utf-8" />
  <meta name='ocr-system' content='tesseract 3.04.00' />
  <meta name='ocr-capabilities' content='ocr_page ocr_carea ocr_par ocr_line ocrx_word'/>
</head>
<body>
  <div class='ocr_page' id='page_1' title='image "./excursusadsibyll00alexuoft_0198.png"; bbox 0 0 1752 3495; ppageno 0'>
   <div class='ocr_carea' id='block_1_1' title="bbox 570 166 1533 237">
    <p class='ocr_par' dir='ltr' id='par_1_1' title="bbox 570 166 1533 237">
     <span class='ocr_line' id='line_1_1' title="bbox 570 166 1533 237; baseline 0.01 -11"><span class='ocrx_word' id='word_1_1' title='bbox 570 182 873 230; x_wconf 76' lang='lat' dir='ltr'>Excuasus</span> <span class='ocrx_word' id='word_1_2' title='bbox 902 186 981 230; x_wconf 90' lang='grc' dir='ltr'><strong>ιιι.</strong></span> <span class='ocrx_word' id='word_1_3' title='bbox 1119 166 1128 237; x_wconf 70' lang='lat' dir='ltr'><strong>j</strong></span> <span class='ocrx_word' id='word_1_4' title='bbox 1443 190 1533 236; x_wconf 86' lang='lat'>189</span> 
     </span>
    </p>
   </div>
   <div class='ocr_carea' id='block_1_2' title="bbox 37 280 1564 2934">
    <p class='ocr_par' dir='ltr' id='par_1_2' title="bbox 37 280 1564 2934">
     <span class='ocr_line' id='line_1_2' title="bbox 92 280 1532 338; baseline -0.007 -6"><span class='ocrx_word' id='word_1_5' title='bbox 92 295 224 338; x_wconf 80' lang='lat' dir='ltr'>bantur,</span> <span class='ocrx_word' id='word_1_6' title='bbox 240 282 408 336; x_wconf 85' lang='lat' dir='ltr'>quamvis</span> <span class='ocrx_word' id='word_1_7' title='bbox 429 280 644 332; x_wconf 80' lang='lat' dir='ltr'>suppressis</span> <span class='ocrx_word' id='word_1_8' title='bbox 657 281 838 320; x_wconf 87' lang='lat' dir='ltr'>omnibus</span> <span class='ocrx_word' id='word_1_9' title='bbox 851 282 1075 321; x_wconf 75' lang='lat' dir='ltr'>sacerdotiis</span> <span class='ocrx_word' id='word_1_10' title='bbox 1094 284 1302 323; x_wconf 85' lang='lat' dir='ltr'>novissimo</span> <span class='ocrx_word' id='word_1_11' title='bbox 1319 285 1532 326; x_wconf 74' lang='lat' dir='ltr'>Theodosii</span> 
     </span>
     <span class='ocr_line' id='line_1_3' title="bbox 37 344 1534 398; baseline 0 -9"><span class='ocrx_word' id='word_1_12' title='bbox 37 388 40 389; x_wconf 13' lang='grc' dir='ltr'><em>γ</em></span> <span class='ocrx_word' id='word_1_13' title='bbox 92 358 198 397; x_wconf 71' lang='lat' dir='ltr'>edicto</span> <span class='ocrx_word' id='word_1_14' title='bbox 226 365 235 391; x_wconf 71' lang='grc' dir='ltr'><strong><em>ε</em></strong></span> <span class='ocrx_word' id='word_1_15' title='bbox 263 348 399 387; x_wconf 88' lang='lat' dir='ltr'>mirum</span> <span class='ocrx_word' id='word_1_16' title='bbox 424 358 534 388; x_wconf 84' lang='lat' dir='ltr'>sane,</span> <span class='ocrx_word' id='word_1_17' title='bbox 554 344 627 383; x_wconf 90' lang='lat' dir='ltr'>nisi</span> <span class='ocrx_word' id='word_1_18' title='bbox 649 354 762 384; x_wconf 87' lang='lat' dir='ltr'>norat</span> <span class='ocrx_word' id='word_1_19' title='bbox 783 355 895 398; x_wconf 88' lang='lat' dir='ltr'>poeta</span> <span class='ocrx_word' id='word_1_20' title='bbox 918 346 1016 385; x_wconf 86' lang='lat' dir='ltr'>hanc</span> <span class='ocrx_word' id='word_1_21' title='bbox 1034 344 1206 398; x_wconf 75' lang='lat' dir='ltr'>utrisque</span> <span class='ocrx_word' id='word_1_22' title='bbox 1225 349 1371 388; x_wconf 87' lang='lat' dir='ltr'>veniam</span> <span class='ocrx_word' id='word_1_23' title='bbox 1390 350 1534 389; x_wconf 87' lang='lat' dir='ltr'>condo-</span> 
     </span>
     <span class='ocr_line' id='line_1_4' title="bbox 93 410 1532 467; baseline -0.006 -6"><span class='ocrx_word' id='word_1_24' title='bbox 93 429 197 461; x_wconf 80' lang='lat' dir='ltr'>natam</span> <span class='ocrx_word' id='word_1_25' title='bbox 230 413 341 454; x_wconf 75' lang='lat' dir='ltr'>fuisse</span> <span class='ocrx_word' id='word_1_26' title='bbox 367 410 405 448; x_wconf 92' lang='lat' dir='ltr'>in</span> <span class='ocrx_word' id='word_1_27' title='bbox 437 416 591 447; x_wconf 87' lang='lat' dir='ltr'>senatus</span> <span class='ocrx_word' id='word_1_28' title='bbox 615 410 786 460; x_wconf 80' lang='lat' dir='ltr'><strong>gratiam,</strong></span> <span class='ocrx_word' id='word_1_29' title='bbox 814 410 864 449; x_wconf 92' lang='lat' dir='ltr'>ob</span> <span class='ocrx_word' id='word_1_30' title='bbox 890 411 1042 450; x_wconf 87' lang='lat' dir='ltr'>insitam</span> <span class='ocrx_word' id='word_1_31' title='bbox 1069 412 1264 451; x_wconf 80' lang='lat' dir='ltr'>etiamtum</span> <span class='ocrx_word' id='word_1_32' title='bbox 1297 415 1532 467; x_wconf 82' lang='lat' dir='ltr'>amplissimo</span> 
     </span>
     <span class='ocr_line' id='line_1_5' title="bbox 94 473 1531 531; baseline -0.003 -7"><span class='ocrx_word' id='word_1_33' title='bbox 94 482 197 524; x_wconf 86' lang='lat' dir='ltr'>ordini</span> <span class='ocrx_word' id='word_1_34' title='bbox 222 477 402 517; x_wconf 84' lang='lat' dir='ltr'>librorum</span> <span class='ocrx_word' id='word_1_35' title='bbox 433 473 593 511; x_wconf 81' lang='lat' dir='ltr'>istorum</span> <span class='ocrx_word' id='word_1_36' title='bbox 615 475 918 525; x_wconf 82' lang='lat' dir='ltr'>venerationem,</span> <span class='ocrx_word' id='word_1_37' title='bbox 948 489 1045 528; x_wconf 85' lang='lat' dir='ltr'>quos</span> <span class='ocrx_word' id='word_1_38' title='bbox 1070 476 1109 515; x_wconf 91' lang='lat' dir='ltr'>in</span> <span class='ocrx_word' id='word_1_39' title='bbox 1133 477 1217 529; x_wconf 87' lang='lat' dir='ltr'>ipso</span> <span class='ocrx_word' id='word_1_40' title='bbox 1245 479 1362 516; x_wconf 86' lang='lat' dir='ltr'>curiae</span> <span class='ocrx_word' id='word_1_41' title='bbox 1387 480 1531 531; x_wconf 79' lang='lat' dir='ltr'>gremio</span> 
     </span>
     <span class='ocr_line' id='line_1_6' title="bbox 95 539 806 587; baseline -0.008 -1"><span class='ocrx_word' id='word_1_42' title='bbox 95 548 214 587; x_wconf 85' lang='lat' dir='ltr'>violare</span> <span class='ocrx_word' id='word_1_43' title='bbox 231 553 339 581; x_wconf 90' lang='lat' dir='ltr'>nemo</span> <span class='ocrx_word' id='word_1_44' title='bbox 366 539 552 576; x_wconf 86' lang='lat' dir='ltr'>haetenus</span> <span class='ocrx_word' id='word_1_45' title='bbox 575 551 690 577; x_wconf 84' lang='lat' dir='ltr'>ausus</span> <span class='ocrx_word' id='word_1_46' title='bbox 709 548 806 580; x_wconf 87' lang='lat' dir='ltr'>erat.</span> 
     </span>
     <span class='ocr_line' id='line_1_7' title="bbox 136 603 1532 661; baseline -0.001 -13"><span class='ocrx_word' id='word_1_47' title='bbox 136 614 229 650; x_wconf 74' lang='lat' dir='ltr'>Anno</span> <span class='ocrx_word' id='word_1_48' title='bbox 254 615 375 644; x_wconf 87' lang='lat' dir='ltr'>autem</span> <span class='ocrx_word' id='word_1_49' title='bbox 399 603 593 653; x_wconf 89' lang='lat' dir='ltr'>sequenti,</span> <span class='ocrx_word' id='word_1_50' title='bbox 614 603 681 654; x_wconf 90' lang='lat' dir='ltr'>qui</span> <span class='ocrx_word' id='word_1_51' title='bbox 701 613 786 655; x_wconf 91' lang='lat' dir='ltr'>post</span> <span class='ocrx_word' id='word_1_52' title='bbox 809 604 1001 643; x_wconf 80' lang='lat' dir='ltr'>Christum</span> <span class='ocrx_word' id='word_1_53' title='bbox 1021 606 1416 659; x_wconf 77' lang='lat' dir='ltr'>quadringentesimus</span> <span class='ocrx_word' id='word_1_54' title='bbox 1436 608 1532 661; x_wconf 82' lang='lat' dir='ltr'>suit,</span> 
     </span>
     <span class='ocr_line' id='line_1_8' title="bbox 94 667 1499 722; baseline -0.003 -6"><span class='ocrx_word' id='word_1_55' title='bbox 94 675 290 718; x_wconf 84' lang='lat' dir='ltr'>Claudianus</span> <span class='ocrx_word' id='word_1_56' title='bbox 314 669 361 707; x_wconf 88' lang='lat' dir='ltr'>de</span> <span class='ocrx_word' id='word_1_57' title='bbox 387 681 496 707; x_wconf 85' lang='lat' dir='ltr'>cons.</span> <span class='ocrx_word' id='word_1_58' title='bbox 522 667 681 715; x_wconf 66' lang='lat' dir='ltr'>Stilich„</span> <span class='ocrx_word' id='word_1_59' title='bbox 712 668 779 707; x_wconf 89' lang='lat' dir='ltr'>lib.</span> <span class='ocrx_word' id='word_1_60' title='bbox 802 670 871 717; x_wconf 85' lang='lat'>111,</span> <span class='ocrx_word' id='word_1_61' title='bbox 896 683 930 708; x_wconf 92' lang='lat' dir='ltr'>v.</span> <span class='ocrx_word' id='word_1_62' title='bbox 957 671 1050 716; x_wconf 82' lang='lat'><em>160,</em></span> <span class='ocrx_word' id='word_1_63' title='bbox 1074 683 1181 722; x_wconf 87' lang='lat' dir='ltr'>sqq.,</span> <span class='ocrx_word' id='word_1_64' title='bbox 1211 671 1290 711; x_wconf 87' lang='lat' dir='ltr'>haec</span> <span class='ocrx_word' id='word_1_65' title='bbox 1310 672 1471 712; x_wconf 84' lang='lat' dir='ltr'>canebat</span> <span class='ocrx_word' id='word_1_66' title='bbox 1491 687 1499 712; x_wconf 77' lang='grc' dir='ltr'><em>τ</em></span> 
     </span>
     <span class='ocr_line' id='line_1_9' title="bbox 814 736 1191 789; baseline 0.003 -15"><span class='ocrx_word' id='word_1_67' title='bbox 814 736 909 774; x_wconf 86' lang='lat' dir='ltr'>Nam</span> <span class='ocrx_word' id='word_1_68' title='bbox 932 744 1058 774; x_wconf 89' lang='lat' dir='ltr'>cetera</span> <span class='ocrx_word' id='word_1_69' title='bbox 1074 750 1191 789; x_wconf 82' lang='lat' dir='ltr'>regna</span> 
     </span>
     <span class='ocr_line' id='line_1_10' title="bbox 222 797 1060 850; baseline 0 -11"><span class='ocrx_word' id='word_1_70' title='bbox 222 797 404 839; x_wconf 83' lang='lat' dir='ltr'>Luxuries</span> <span class='ocrx_word' id='word_1_71' title='bbox 423 797 523 836; x_wconf 82' lang='lat' dir='ltr'>vitiis</span> <span class='ocrx_word' id='word_1_72' title='bbox 544 798 717 850; x_wconf 78' lang='lat' dir='ltr'>odiisque</span> <span class='ocrx_word' id='word_1_73' title='bbox 738 798 917 850; x_wconf 86' lang='lat' dir='ltr'>superbia</span> <span class='ocrx_word' id='word_1_74' title='bbox 937 800 1060 839; x_wconf 83' lang='lat' dir='ltr'>vertit.</span> 
     </span>
     <span class='ocr_line' id='line_1_11' title="bbox 223 862 1262 917; baseline 0.003 -15"><span class='ocrx_word' id='word_1_75' title='bbox 223 865 305 902; x_wconf 78' lang='lat' dir='ltr'>llaec</span> <span class='ocrx_word' id='word_1_76' title='bbox 320 862 373 914; x_wconf 89' lang='lat' dir='ltr'>[id</span> <span class='ocrx_word' id='word_1_77' title='bbox 399 870 476 911; x_wconf 88' lang='lat' dir='ltr'>est,</span> <span class='ocrx_word' id='word_1_78' title='bbox 498 863 653 915; x_wconf 81' lang='lat' dir='ltr'>Roma].</span> <span class='ocrx_word' id='word_1_79' title='bbox 671 893 680 903; x_wconf 91' lang='lat'>.</span> <span class='ocrx_word' id='word_1_80' title='bbox 696 892 706 902; x_wconf 85' lang='grc'><strong>.</strong></span> <span class='ocrx_word' id='word_1_81' title='bbox 733 864 902 916; x_wconf 79' lang='lat' dir='ltr'>auguriis</span> <span class='ocrx_word' id='word_1_82' title='bbox 926 865 1075 904; x_wconf 85' lang='lat' dir='ltr'>firmata</span> <span class='ocrx_word' id='word_1_83' title='bbox 1089 864 1262 917; x_wconf 82' lang='lat' dir='ltr'>Sibyllae,</span> 
     </span>
     <span class='ocr_line' id='line_1_12' title="bbox 223 928 779 969; baseline 0.002 -1"><span class='ocrx_word' id='word_1_84' title='bbox 223 931 303 968; x_wconf 80' lang='lat' dir='ltr'>liaec</span> <span class='ocrx_word' id='word_1_85' title='bbox 319 928 434 965; x_wconf 84' lang='lat' dir='ltr'>sacris</span> <span class='ocrx_word' id='word_1_86' title='bbox 450 928 613 966; x_wconf 85' lang='lat' dir='ltr'>animata</span> <span class='ocrx_word' id='word_1_87' title='bbox 633 930 779 969; x_wconf 86' lang='lat' dir='ltr'>Numae.</span> 
     </span>
     <span class='ocr_line' id='line_1_13' title="bbox 97 993 1241 1047; baseline 0 -13"><span class='ocrx_word' id='word_1_88' title='bbox 97 998 134 1036; x_wconf 86' lang='lat' dir='ltr'>Et</span> <span class='ocrx_word' id='word_1_89' title='bbox 149 1007 233 1033; x_wconf 82' lang='lat' dir='ltr'>anno</span> <span class='ocrx_word' id='word_1_90' title='bbox 251 999 333 1040; x_wconf 72' lang='lat'><strong>402,</strong></span> <span class='ocrx_word' id='word_1_91' title='bbox 351 993 388 1030; x_wconf 91' lang='lat' dir='ltr'>in</span> <span class='ocrx_word' id='word_1_92' title='bbox 410 1001 548 1043; x_wconf 87' lang='lat' dir='ltr'>quarto</span> <span class='ocrx_word' id='word_1_93' title='bbox 566 994 761 1031; x_wconf 86' lang='lat' dir='ltr'>consulatu</span> <span class='ocrx_word' id='word_1_94' title='bbox 785 993 970 1040; x_wconf 68' lang='lat' dir='ltr'>timorit,</span> <span class='ocrx_word' id='word_1_95' title='bbox 987 1007 1024 1033; x_wconf 88' lang='lat' dir='ltr'>v.</span> <span class='ocrx_word' id='word_1_96' title='bbox 1043 999 1132 1044; x_wconf 73' lang='lat'>147,</span> <span class='ocrx_word' id='word_1_97' title='bbox 1154 1007 1213 1047; x_wconf 85' lang='lat' dir='ltr'>sq.</span> <span class='ocrx_word' id='word_1_98' title='bbox 1232 1009 1241 1033; x_wconf 69' lang='grc' dir='ltr'><strong><em>ε</em></strong></span> 
     </span>
     <span class='ocr_line' id='line_1_14' title="bbox 714 1058 1109 1108; baseline 0 -11"><span class='ocrx_word' id='word_1_99' title='bbox 714 1058 958 1108; x_wconf 82' lang='lat' dir='ltr'>Cumanaque</span> <span class='ocrx_word' id='word_1_100' title='bbox 979 1072 1109 1097; x_wconf 79' lang='lat' dir='ltr'>rursus</span> 
     </span>
     <span class='ocr_line' id='line_1_15' title="bbox 223 1121 1271 1181; baseline 0 -20"><span class='ocrx_word' id='word_1_101' title='bbox 223 1121 382 1161; x_wconf 80' lang='lat' dir='ltr'>Intonuit</span> <span class='ocrx_word' id='word_1_102' title='bbox 397 1135 531 1173; x_wconf 82' lang='lat' dir='ltr'>rupes,</span> <span class='ocrx_word' id='word_1_103' title='bbox 550 1121 695 1161; x_wconf 85' lang='lat' dir='ltr'>rabidae</span> <span class='ocrx_word' id='word_1_104' title='bbox 715 1122 878 1161; x_wconf 85' lang='lat' dir='ltr'>delubra</span> <span class='ocrx_word' id='word_1_105' title='bbox 894 1123 1062 1174; x_wconf 72' lang='lat' dir='ltr'>Sibyllae.</span> <span class='ocrx_word' id='word_1_106' title='bbox 1267 1175 1271 1181; x_wconf 31' lang='grc' dir='ltr'>ἱ</span> 
     </span>
     <span class='ocr_line' id='line_1_16' title="bbox 98 1187 1330 1244; baseline 0 -13"><span class='ocrx_word' id='word_1_107' title='bbox 98 1192 137 1231; x_wconf 87' lang='lat' dir='ltr'>Et</span> <span class='ocrx_word' id='word_1_108' title='bbox 153 1188 265 1229; x_wconf 85' lang='lat' dir='ltr'>eodem</span> <span class='ocrx_word' id='word_1_109' title='bbox 287 1187 344 1225; x_wconf 80' lang='lat' dir='ltr'>vel</span> <span class='ocrx_word' id='word_1_110' title='bbox 365 1188 541 1239; x_wconf 78' lang='lat' dir='ltr'>proximo</span> <span class='ocrx_word' id='word_1_111' title='bbox 561 1202 661 1226; x_wconf 87' lang='lat' dir='ltr'>anno</span> <span class='ocrx_word' id='word_1_112' title='bbox 685 1187 732 1226; x_wconf 90' lang='lat' dir='ltr'>de</span> <span class='ocrx_word' id='word_1_113' title='bbox 751 1187 853 1227; x_wconf 86' lang='lat' dir='ltr'>bello</span> <span class='ocrx_word' id='word_1_114' title='bbox 875 1189 1011 1228; x_wconf 86' lang='lat' dir='ltr'>Getico</span> <span class='ocrx_word' id='word_1_115' title='bbox 1025 1220 1038 1240; x_wconf 78' lang='grc'>,</span> <span class='ocrx_word' id='word_1_116' title='bbox 1058 1203 1097 1229; x_wconf 51' lang='lat' dir='ltr'>v.¹</span> <span class='ocrx_word' id='word_1_117' title='bbox 1113 1203 1203 1241; x_wconf 80' lang='lat'>229,</span> <span class='ocrx_word' id='word_1_118' title='bbox 1218 1204 1300 1244; x_wconf 88' lang='lat' dir='ltr'>sqq.</span> <span class='ocrx_word' id='word_1_119' title='bbox 1322 1206 1330 1230; x_wconf 92' lang='lat'>:</span> 
     </span>
     <span class='ocr_line' id='line_1_17' title="bbox 735 1253 1136 1306; baseline 0.005 -15"><span class='ocrx_word' id='word_1_120' title='bbox 735 1253 834 1291; x_wconf 90' lang='lat' dir='ltr'>Tum</span> <span class='ocrx_word' id='word_1_121' title='bbox 852 1254 1000 1292; x_wconf 90' lang='lat' dir='ltr'>somnia</span> <span class='ocrx_word' id='word_1_122' title='bbox 1022 1255 1136 1306; x_wconf 78' lang='lat' dir='ltr'>vulgo</span> 
     </span>
     <span class='ocr_line' id='line_1_18' title="bbox 222 1318 1298 1372; baseline 0 -14"><span class='ocrx_word' id='word_1_123' title='bbox 222 1318 390 1368; x_wconf 83' lang='lat' dir='ltr'>Narrari;</span> <span class='ocrx_word' id='word_1_124' title='bbox 411 1326 490 1355; x_wconf 91' lang='lat' dir='ltr'>tum</span> <span class='ocrx_word' id='word_1_125' title='bbox 513 1326 684 1357; x_wconf 87' lang='lat' dir='ltr'>monstra</span> <span class='ocrx_word' id='word_1_126' title='bbox 703 1319 824 1357; x_wconf 88' lang='lat' dir='ltr'>Deum</span> <span class='ocrx_word' id='word_1_127' title='bbox 840 1348 850 1366; x_wconf 96' lang='lat'><strong>‚</strong></span> <span class='ocrx_word' id='word_1_128' title='bbox 871 1319 1114 1370; x_wconf 83' lang='lat' dir='ltr'>monitusque</span> <span class='ocrx_word' id='word_1_129' title='bbox 1129 1319 1298 1372; x_wconf 81' lang='lat' dir='ltr'>sinistri3</span> 
     </span>
     <span class='ocr_line' id='line_1_19' title="bbox 223 1381 1292 1434; baseline 0.005 -15"><span class='ocrx_word' id='word_1_130' title='bbox 223 1382 313 1430; x_wconf 90' lang='lat' dir='ltr'>Quid</span> <span class='ocrx_word' id='word_1_131' title='bbox 334 1381 565 1420; x_wconf 81' lang='lat' dir='ltr'>meditentur</span> <span class='ocrx_word' id='word_1_132' title='bbox 584 1396 693 1430; x_wconf 82' lang='lat' dir='ltr'>aves3</span> <span class='ocrx_word' id='word_1_133' title='bbox 713 1383 804 1434; x_wconf 89' lang='lat' dir='ltr'>quid</span> <span class='ocrx_word' id='word_1_134' title='bbox 822 1397 908 1421; x_wconf 89' lang='lat' dir='ltr'>cum</span> <span class='ocrx_word' id='word_1_135' title='bbox 930 1383 1154 1423; x_wconf 81' lang='lat' dir='ltr'>mortalibus</span> <span class='ocrx_word' id='word_1_136' title='bbox 1173 1385 1292 1424; x_wconf 83' lang='lat' dir='ltr'>aether</span> 
     </span>
     <span class='ocr_line' id='line_1_20' title="bbox 223 1449 1222 1503; baseline 0.001 -15"><span class='ocrx_word' id='word_1_137' title='bbox 223 1450 407 1488; x_wconf 84' lang='lat' dir='ltr'>Fulinineo</span> <span class='ocrx_word' id='word_1_138' title='bbox 424 1449 515 1487; x_wconf 89' lang='lat' dir='ltr'>velit</span> <span class='ocrx_word' id='word_1_139' title='bbox 532 1450 618 1500; x_wconf 77' lang='lat' dir='ltr'>igne</span> <span class='ocrx_word' id='word_1_140' title='bbox 634 1450 762 1501; x_wconf 83' lang='lat' dir='ltr'>loqui3</span> <span class='ocrx_word' id='word_1_141' title='bbox 784 1450 876 1501; x_wconf 90' lang='lat' dir='ltr'>quid</span> <span class='ocrx_word' id='word_1_142' title='bbox 898 1452 1067 1490; x_wconf 89' lang='lat' dir='ltr'>carmine</span> <span class='ocrx_word' id='word_1_143' title='bbox 1088 1461 1222 1503; x_wconf 85' lang='lat' dir='ltr'>poscat</span> 
     </span>
     <span class='ocr_line' id='line_1_21' title="bbox 224 1513 1000 1554; baseline 0.001 -1"><span class='ocrx_word' id='word_1_144' title='bbox 224 1514 381 1553; x_wconf 81' lang='lat' dir='ltr'>Fatidico</span> <span class='ocrx_word' id='word_1_145' title='bbox 398 1522 525 1553; x_wconf 88' lang='lat' dir='ltr'>custos</span> <span class='ocrx_word' id='word_1_146' title='bbox 543 1515 705 1554; x_wconf 85' lang='lat' dir='ltr'>Romani</span> <span class='ocrx_word' id='word_1_147' title='bbox 721 1513 899 1553; x_wconf 83' lang='lat' dir='ltr'>carbasus</span> <span class='ocrx_word' id='word_1_148' title='bbox 917 1515 1000 1554; x_wconf 81' lang='lat' dir='ltr'>aevi.</span> 
     </span>
     <span class='ocr_line' id='line_1_22' title="bbox 94 1579 1526 1630; baseline 0.001 -12"><span class='ocrx_word' id='word_1_149' title='bbox 94 1582 167 1628; x_wconf 79' lang='lat' dir='ltr'>Quae</span> <span class='ocrx_word' id='word_1_150' title='bbox 179 1582 291 1618; x_wconf 84' lang='lat' dir='ltr'>omnia</span> <span class='ocrx_word' id='word_1_151' title='bbox 309 1593 350 1617; x_wconf 85' lang='lat' dir='ltr'>ac</span> <span class='ocrx_word' id='word_1_152' title='bbox 373 1580 581 1630; x_wconf 80' lang='lat' dir='ltr'>praesertim</span> <span class='ocrx_word' id='word_1_153' title='bbox 598 1580 671 1617; x_wconf 90' lang='lat' dir='ltr'>hoc</span> <span class='ocrx_word' id='word_1_154' title='bbox 692 1580 867 1617; x_wconf 86' lang='lat' dir='ltr'>ultimum</span> <span class='ocrx_word' id='word_1_155' title='bbox 886 1593 964 1617; x_wconf 91' lang='lat' dir='ltr'>non</span> <span class='ocrx_word' id='word_1_156' title='bbox 983 1579 1206 1630; x_wconf 84' lang='lat' dir='ltr'>scripsisset,</span> <span class='ocrx_word' id='word_1_157' title='bbox 1227 1581 1258 1618; x_wconf 92' lang='lat' dir='ltr'>si</span> <span class='ocrx_word' id='word_1_158' title='bbox 1277 1593 1410 1619; x_wconf 85' lang='lat' dir='ltr'>recens</span> <span class='ocrx_word' id='word_1_159' title='bbox 1428 1579 1526 1619; x_wconf 82' lang='lat' dir='ltr'>abo-</span> 
     </span>
     <span class='ocr_line' id='line_1_23' title="bbox 94 1644 918 1695; baseline 0 -13"><span class='ocrx_word' id='word_1_160' title='bbox 94 1645 138 1683; x_wconf 84' lang='lat' dir='ltr'>liti</span> <span class='ocrx_word' id='word_1_161' title='bbox 154 1646 287 1684; x_wconf 85' lang='lat' dir='ltr'>suissent</span> <span class='ocrx_word' id='word_1_162' title='bbox 307 1644 459 1695; x_wconf 81' lang='lat' dir='ltr'>publica</span> <span class='ocrx_word' id='word_1_163' title='bbox 480 1645 710 1683; x_wconf 86' lang='lat' dir='ltr'>auctoritate</span> <span class='ocrx_word' id='word_1_164' title='bbox 731 1644 794 1683; x_wconf 88' lang='lat' dir='ltr'>isti</span> <span class='ocrx_word' id='word_1_165' title='bbox 818 1644 918 1683; x_wconf 85' lang='lat' dir='ltr'>libri.</span> 
     </span>
     <span class='ocr_line' id='line_1_24' title="bbox 136 1709 1524 1761; baseline 0 -12"><span class='ocrx_word' id='word_1_166' title='bbox 136 1710 285 1750; x_wconf 72' lang='lat' dir='ltr'>Atetiam</span> <span class='ocrx_word' id='word_1_167' title='bbox 306 1722 405 1748; x_wconf 89' lang='lat' dir='ltr'>anno</span> <span class='ocrx_word' id='word_1_168' title='bbox 430 1715 517 1756; x_wconf 67' lang='lat'><strong>404,</strong></span> <span class='ocrx_word' id='word_1_169' title='bbox 536 1710 768 1761; x_wconf 78' lang='lat' dir='ltr'>panegyrico</span> <span class='ocrx_word' id='word_1_170' title='bbox 791 1710 829 1748; x_wconf 89' lang='lat' dir='ltr'>in</span> <span class='ocrx_word' id='word_1_171' title='bbox 852 1710 902 1748; x_wconf 86' lang='lat' dir='ltr'>Vl</span> <span class='ocrx_word' id='word_1_172' title='bbox 920 1709 1159 1748; x_wconf 86' lang='lat' dir='ltr'>consulatum</span> <span class='ocrx_word' id='word_1_173' title='bbox 1176 1710 1353 1757; x_wconf 83' lang='lat' dir='ltr'>Honorii,</span> <span class='ocrx_word' id='word_1_174' title='bbox 1371 1724 1410 1752; x_wconf 86' lang='lat' dir='ltr'>v.</span> <span class='ocrx_word' id='word_1_175' title='bbox 1435 1710 1524 1761; x_wconf 79' lang='lat'>388,</span> 
     </span>
     <span class='ocr_line' id='line_1_25' title="bbox 93 1775 817 1826; baseline 0.003 -14"><span class='ocrx_word' id='word_1_176' title='bbox 93 1788 174 1826; x_wconf 71' lang='lat' dir='ltr'>sqq„</span> <span class='ocrx_word' id='word_1_177' title='bbox 188 1776 330 1825; x_wconf 86' lang='lat' dir='ltr'>spatium</span> <span class='ocrx_word' id='word_1_178' title='bbox 348 1776 527 1814; x_wconf 75' lang='lat' dir='ltr'>saeculare</span> <span class='ocrx_word' id='word_1_179' title='bbox 544 1776 597 1814; x_wconf 90' lang='lat' dir='ltr'>sic</span> <span class='ocrx_word' id='word_1_180' title='bbox 614 1775 792 1813; x_wconf 83' lang='lat' dir='ltr'>delinitur</span> <span class='ocrx_word' id='word_1_181' title='bbox 808 1791 817 1814; x_wconf 76' lang='grc' dir='ltr'><strong><em>ε</em></strong></span> 
     </span>
     <span class='ocr_line' id='line_1_26' title="bbox 474 1841 1124 1880; baseline -0.002 0"><span class='ocrx_word' id='word_1_182' title='bbox 474 1869 592 1880; x_wconf 90' lang='grc'><strong>.....</strong></span> <span class='ocrx_word' id='word_1_183' title='bbox 600 1841 686 1880; x_wconf 84' lang='lat' dir='ltr'>Jam</span> <span class='ocrx_word' id='word_1_184' title='bbox 707 1841 947 1879; x_wconf 84' lang='lat' dir='ltr'>flavescentia</span> <span class='ocrx_word' id='word_1_185' title='bbox 970 1849 1124 1880; x_wconf 89' lang='lat' dir='ltr'>centum</span> 
     </span>
     <span class='ocr_line' id='line_1_27' title="bbox 218 1904 1125 1957; baseline 0.002 -15"><span class='ocrx_word' id='word_1_186' title='bbox 218 1904 391 1943; x_wconf 82' lang='lat' dir='ltr'>Messibus</span> <span class='ocrx_word' id='word_1_187' title='bbox 408 1905 546 1944; x_wconf 85' lang='lat' dir='ltr'>aestivis</span> <span class='ocrx_word' id='word_1_188' title='bbox 569 1905 781 1943; x_wconf 77' lang='lat' dir='ltr'>detondent</span> <span class='ocrx_word' id='word_1_189' title='bbox 798 1907 966 1957; x_wconf 84' lang='lat' dir='ltr'>Gargara</span> <span class='ocrx_word' id='word_1_190' title='bbox 984 1906 1099 1944; x_wconf 87' lang='lat' dir='ltr'>falces</span> <span class='ocrx_word' id='word_1_191' title='bbox 1116 1919 1125 1953; x_wconf 88' lang='lat'><strong>;</strong></span> 
     </span>
     <span class='ocr_line' id='line_1_28' title="bbox 218 1970 1171 2022; baseline 0.003 -15"><span class='ocrx_word' id='word_1_192' title='bbox 218 1970 518 2022; x_wconf 85' lang='lat' dir='ltr'>Spectandosque</span> <span class='ocrx_word' id='word_1_193' title='bbox 535 1972 671 2009; x_wconf 84' lang='lat' dir='ltr'>iterum</span> <span class='ocrx_word' id='word_1_194' title='bbox 689 1972 783 2009; x_wconf 88' lang='lat' dir='ltr'>nulli</span> <span class='ocrx_word' id='word_1_195' title='bbox 805 1971 1039 2010; x_wconf 79' lang='lat' dir='ltr'>celebrantia</span> <span class='ocrx_word' id='word_1_196' title='bbox 1060 1971 1171 2010; x_wconf 84' lang='lat' dir='ltr'>ludos</span> 
     </span>
     <span class='ocr_line' id='line_1_29' title="bbox 219 2035 1096 2087; baseline 0.001 -13"><span class='ocrx_word' id='word_1_197' title='bbox 219 2035 457 2074; x_wconf 76' lang='lat' dir='ltr'>circumflexa</span> <span class='ocrx_word' id='word_1_198' title='bbox 478 2036 577 2087; x_wconf 90' lang='lat' dir='ltr'>rapit</span> <span class='ocrx_word' id='word_1_199' title='bbox 596 2045 780 2074; x_wconf 81' lang='lat' dir='ltr'>centenus</span> <span class='ocrx_word' id='word_1_200' title='bbox 797 2036 932 2075; x_wconf 81' lang='lat' dir='ltr'>saeeula</span> <span class='ocrx_word' id='word_1_201' title='bbox 949 2037 1096 2076; x_wconf 88' lang='lat' dir='ltr'>consul.</span> 
     </span>
     <span class='ocr_line' id='line_1_30' title="bbox 88 2096 1524 2152; baseline 0.003 -16"><span class='ocrx_word' id='word_1_202' title='bbox 88 2096 178 2136; x_wconf 86' lang='lat' dir='ltr'>Unde</span> <span class='ocrx_word' id='word_1_203' title='bbox 190 2100 327 2148; x_wconf 85' lang='lat' dir='ltr'>quidam</span> <span class='ocrx_word' id='word_1_204' title='bbox 347 2110 528 2152; x_wconf 87' lang='lat' dir='ltr'>putarunt</span> <span class='ocrx_word' id='word_1_205' title='bbox 551 2103 720 2140; x_wconf 84' lang='lat' dir='ltr'>llonorio</span> <span class='ocrx_word' id='word_1_206' title='bbox 740 2110 887 2140; x_wconf 78' lang='lat' dir='ltr'>sextum</span> <span class='ocrx_word' id='word_1_207' title='bbox 908 2102 1065 2145; x_wconf 76' lang='lat' dir='ltr'>consule</span> <span class='ocrx_word' id='word_1_208' title='bbox 1082 2100 1293 2140; x_wconf 81' lang='lat' dir='ltr'>celebratos</span> <span class='ocrx_word' id='word_1_209' title='bbox 1321 2101 1437 2140; x_wconf 84' lang='lat' dir='ltr'>fuisse</span> <span class='ocrx_word' id='word_1_210' title='bbox 1452 2114 1524 2140; x_wconf 83' lang='lat' dir='ltr'>sae-</span> 
     </span>
     <span class='ocr_line' id='line_1_31' title="bbox 88 2161 1524 2218; baseline 0.006 -21"><span class='ocrx_word' id='word_1_211' title='bbox 88 2161 340 2212; x_wconf 82' lang='lat' dir='ltr'>cularesludos‚</span> <span class='ocrx_word' id='word_1_212' title='bbox 357 2166 450 2204; x_wconf 80' lang='lat' dir='ltr'>falso</span> <span class='ocrx_word' id='word_1_213' title='bbox 467 2166 640 2217; x_wconf 86' lang='lat' dir='ltr'>quidem:</span> <span class='ocrx_word' id='word_1_214' title='bbox 658 2180 744 2204; x_wconf 87' lang='lat' dir='ltr'>nam</span> <span class='ocrx_word' id='word_1_215' title='bbox 762 2180 826 2205; x_wconf 85' lang='lat' dir='ltr'>eos</span> <span class='ocrx_word' id='word_1_216' title='bbox 843 2166 953 2205; x_wconf 87' lang='lat' dir='ltr'>ludos</span> <span class='ocrx_word' id='word_1_217' title='bbox 969 2176 1054 2218; x_wconf 83' lang='lat' dir='ltr'>post</span> <span class='ocrx_word' id='word_1_218' title='bbox 1069 2167 1252 2205; x_wconf 84' lang='lat' dir='ltr'>Severum</span> <span class='ocrx_word' id='word_1_219' title='bbox 1270 2166 1392 2205; x_wconf 84' lang='lat' dir='ltr'>factos</span> <span class='ocrx_word' id='word_1_220' title='bbox 1409 2166 1524 2206; x_wconf 81' lang='lat' dir='ltr'>fuisse</span> 
     </span>
     <span class='ocr_line' id='line_1_32' title="bbox 87 2231 1523 2284; baseline 0.006 -22"><span class='ocrx_word' id='word_1_221' title='bbox 87 2235 181 2276; x_wconf 83' lang='lat' dir='ltr'>negat</span> <span class='ocrx_word' id='word_1_222' title='bbox 194 2239 307 2278; x_wconf 83' lang='lat' dir='ltr'>aperte</span> <span class='ocrx_word' id='word_1_223' title='bbox 323 2231 511 2281; x_wconf 88' lang='lat' dir='ltr'>Zosimus,</span> <span class='ocrx_word' id='word_1_224' title='bbox 527 2231 593 2270; x_wconf 88' lang='lat' dir='ltr'>lib.</span> <span class='ocrx_word' id='word_1_225' title='bbox 608 2233 654 2279; x_wconf 85' lang='lat'>11,</span> <span class='ocrx_word' id='word_1_226' title='bbox 673 2233 694 2282; x_wconf 67' lang='lat' dir='ltr'>S</span> <span class='ocrx_word' id='word_1_227' title='bbox 716 2246 752 2280; x_wconf 89' lang='lat'>7,</span> <span class='ocrx_word' id='word_1_228' title='bbox 768 2232 834 2283; x_wconf 90' lang='lat' dir='ltr'>qui</span> <span class='ocrx_word' id='word_1_229' title='bbox 855 2245 923 2269; x_wconf 88' lang='lat' dir='ltr'>nec</span> <span class='ocrx_word' id='word_1_230' title='bbox 940 2245 961 2270; x_wconf 91' lang='lat' dir='ltr'>a</span> <span class='ocrx_word' id='word_1_231' title='bbox 978 2232 1160 2283; x_wconf 82' lang='lat' dir='ltr'>Philippo</span> <span class='ocrx_word' id='word_1_232' title='bbox 1177 2232 1410 2284; x_wconf 86' lang='lat' dir='ltr'>imperatore</span> <span class='ocrx_word' id='word_1_233' title='bbox 1423 2232 1523 2271; x_wconf 86' lang='lat' dir='ltr'>serio</span> 
     </span>
     <span class='ocr_line' id='line_1_33' title="bbox 86 2290 1520 2349; baseline 0.007 -23"><span class='ocrx_word' id='word_1_234' title='bbox 86 2290 188 2328; x_wconf 75' lang='lat' dir='ltr'>editos</span> <span class='ocrx_word' id='word_1_235' title='bbox 208 2296 342 2343; x_wconf 87' lang='lat' dir='ltr'>putavit</span> <span class='ocrx_word' id='word_1_236' title='bbox 374 2310 476 2335; x_wconf 90' lang='lat' dir='ltr'>anno</span> <span class='ocrx_word' id='word_1_237' title='bbox 499 2307 584 2349; x_wconf 84' lang='lat' dir='ltr'>post</span> <span class='ocrx_word' id='word_1_238' title='bbox 618 2297 788 2335; x_wconf 87' lang='lat' dir='ltr'>clausum</span> <span class='ocrx_word' id='word_1_239' title='bbox 817 2311 838 2334; x_wconf 88' lang='lat' dir='ltr'>a</span> <span class='ocrx_word' id='word_1_240' title='bbox 870 2298 1009 2336; x_wconf 87' lang='lat' dir='ltr'>Severo</span> <span class='ocrx_word' id='word_1_241' title='bbox 1029 2296 1208 2335; x_wconf 84' lang='lat' dir='ltr'>saeculum</span> <span class='ocrx_word' id='word_1_242' title='bbox 1229 2296 1520 2348; x_wconf 84' lang='lat' dir='ltr'>quadragesimo</span> 
     </span>
     <span class='ocr_line' id='line_1_34' title="bbox 86 2355 1522 2401; baseline 0.008 -12"><span class='ocrx_word' id='word_1_243' title='bbox 86 2355 191 2393; x_wconf 76' lang='lat' dir='ltr'>tertio·</span> <span class='ocrx_word' id='word_1_244' title='bbox 209 2359 389 2400; x_wconf 77' lang='lat' dir='ltr'>celebrari</span> <span class='ocrx_word' id='word_1_245' title='bbox 413 2371 539 2400; x_wconf 87' lang='lat' dir='ltr'>autem</span> <span class='ocrx_word' id='word_1_246' title='bbox 555 2361 603 2401; x_wconf 88' lang='lat' dir='ltr'>ab</span> <span class='ocrx_word' id='word_1_247' title='bbox 625 2363 797 2401; x_wconf 80' lang='lat' dir='ltr'>Honorio</span> <span class='ocrx_word' id='word_1_248' title='bbox 813 2362 994 2400; x_wconf 84' lang='lat' dir='ltr'>vetabant</span> <span class='ocrx_word' id='word_1_249' title='bbox 1018 2375 1117 2400; x_wconf 85' lang='lat' dir='ltr'>nova</span> <span class='ocrx_word' id='word_1_250' title='bbox 1135 2375 1239 2399; x_wconf 86' lang='lat' dir='ltr'>sacra</span> <span class='ocrx_word' id='word_1_251' title='bbox 1262 2370 1340 2399; x_wconf 79' lang='lat' dir='ltr'>tuin</span> <span class='ocrx_word' id='word_1_252' title='bbox 1357 2361 1522 2401; x_wconf 84' lang='lat' dir='ltr'>maxime</span> 
     </span>
     <span class='ocr_line' id='line_1_35' title="bbox 86 2416 1564 2478; baseline 0.008 -25"><span class='ocrx_word' id='word_1_253' title='bbox 86 2416 298 2462; x_wconf 85' lang='lat' dir='ltr'>dominantia.</span> <span class='ocrx_word' id='word_1_254' title='bbox 335 2427 463 2471; x_wconf 84' lang='lat' dir='ltr'>Quare</span> <span class='ocrx_word' id='word_1_255' title='bbox 488 2428 640 2478; x_wconf 88' lang='lat' dir='ltr'>poetica</span> <span class='ocrx_word' id='word_1_256' title='bbox 685 2436 830 2464; x_wconf 87' lang='lat' dir='ltr'>tantum</span> <span class='ocrx_word' id='word_1_257' title='bbox 854 2427 1196 2465; x_wconf 85' lang='lat' dir='ltr'>circumlocutione</span> <span class='ocrx_word' id='word_1_258' title='bbox 1230 2426 1412 2477; x_wconf 84' lang='lat' dir='ltr'>scriptum</span> <span class='ocrx_word' id='word_1_259' title='bbox 1447 2426 1521 2465; x_wconf 84' lang='lat' dir='ltr'>hoc</span> <span class='ocrx_word' id='word_1_260' title='bbox 1561 2431 1564 2434; x_wconf 82' lang='grc'><strong>’</strong></span> 
     </span>
     <span class='ocr_line' id='line_1_36' title="bbox 83 2483 1520 2542; baseline 0.008 -24"><span class='ocrx_word' id='word_1_261' title='bbox 83 2483 298 2527; x_wconf 83' lang='lat' dir='ltr'>aClaudiauo</span> <span class='ocrx_word' id='word_1_262' title='bbox 318 2490 428 2529; x_wconf 83' lang='lat' dir='ltr'>fuisse</span> <span class='ocrx_word' id='word_1_263' title='bbox 459 2493 562 2530; x_wconf 83' lang='lat' dir='ltr'>ultro</span> <span class='ocrx_word' id='word_1_264' title='bbox 589 2493 769 2531; x_wconf 78' lang='lat' dir='ltr'>fatemur.</span> <span class='ocrx_word' id='word_1_265' title='bbox 795 2491 869 2530; x_wconf 89' lang='lat' dir='ltr'>Sed</span> <span class='ocrx_word' id='word_1_266' title='bbox 896 2505 942 2530; x_wconf 86' lang='lat' dir='ltr'>ne</span> <span class='ocrx_word' id='word_1_267' title='bbox 967 2491 1101 2530; x_wconf 88' lang='lat' dir='ltr'>ludens</span> <span class='ocrx_word' id='word_1_268' title='bbox 1114 2490 1269 2542; x_wconf 89' lang='lat' dir='ltr'>quidem</span> <span class='ocrx_word' id='word_1_269' title='bbox 1300 2490 1351 2528; x_wconf 89' lang='lat' dir='ltr'>ita</span> <span class='ocrx_word' id='word_1_270' title='bbox 1370 2491 1520 2530; x_wconf 85' lang='lat' dir='ltr'>locutus</span> 
     </span>
     <span class='ocr_line' id='line_1_37' title="bbox 82 2552 1521 2606; baseline 0.006 -23"><span class='ocrx_word' id='word_1_271' title='bbox 82 2557 163 2585; x_wconf 85' lang='lat' dir='ltr'>esset</span> <span class='ocrx_word' id='word_1_272' title='bbox 180 2552 309 2591; x_wconf 88' lang='lat' dir='ltr'>aulicus</span> <span class='ocrx_word' id='word_1_273' title='bbox 327 2564 456 2605; x_wconf 86' lang='lat' dir='ltr'>poeta,</span> <span class='ocrx_word' id='word_1_274' title='bbox 474 2569 600 2606; x_wconf 90' lang='lat' dir='ltr'>neque</span> <span class='ocrx_word' id='word_1_275' title='bbox 620 2557 731 2594; x_wconf 84' lang='lat' dir='ltr'>ludos</span> <span class='ocrx_word' id='word_1_276' title='bbox 746 2555 832 2594; x_wconf 88' lang='lat' dir='ltr'>illos</span> <span class='ocrx_word' id='word_1_277' title='bbox 850 2557 924 2595; x_wconf 86' lang='lat' dir='ltr'>huc</span> <span class='ocrx_word' id='word_1_278' title='bbox 942 2557 1132 2594; x_wconf 88' lang='lat' dir='ltr'>intulisset</span> <span class='ocrx_word' id='word_1_279' title='bbox 1157 2555 1352 2606; x_wconf 88' lang='lat' dir='ltr'>Sibyllinae</span> <span class='ocrx_word' id='word_1_280' title='bbox 1366 2555 1521 2593; x_wconf 83' lang='lat' dir='ltr'>institu-</span> 
     </span>
     <span class='ocr_line' id='line_1_38' title="bbox 83 2611 1517 2674; baseline 0.008 -28"><span class='ocrx_word' id='word_1_281' title='bbox 83 2611 178 2650; x_wconf 82' lang='lat' dir='ltr'>tionis</span> <span class='ocrx_word' id='word_1_282' title='bbox 194 2629 363 2658; x_wconf 77' lang='lat' dir='ltr'>memores</span> <span class='ocrx_word' id='word_1_283' title='bbox 389 2635 622 2672; x_wconf 87' lang='lat' dir='ltr'>prorsusque</span> <span class='ocrx_word' id='word_1_284' title='bbox 644 2622 851 2672; x_wconf 87' lang='lat' dir='ltr'>Sibyllinos</span> <span class='ocrx_word' id='word_1_285' title='bbox 879 2621 1029 2674; x_wconf 79' lang='lat' dir='ltr'>(conser</span> <span class='ocrx_word' id='word_1_286' title='bbox 1055 2622 1154 2659; x_wconf 88' lang='lat' dir='ltr'>infra</span> <span class='ocrx_word' id='word_1_287' title='bbox 1177 2634 1262 2671; x_wconf 82' lang='lat' dir='ltr'>cap.</span> <span class='ocrx_word' id='word_1_288' title='bbox 1288 2620 1372 2672; x_wconf 84' lang='lat'>15),</span> <span class='ocrx_word' id='word_1_289' title='bbox 1393 2621 1423 2658; x_wconf 87' lang='lat' dir='ltr'>si</span> <span class='ocrx_word' id='word_1_290' title='bbox 1452 2634 1517 2659; x_wconf 88' lang='lat' dir='ltr'>re-</span> 
     </span>
     <span class='ocr_line' id='line_1_39' title="bbox 81 2681 1518 2737; baseline 0.009 -27"><span class='ocrx_word' id='word_1_291' title='bbox 81 2686 156 2714; x_wconf 82' lang='lat' dir='ltr'>cens</span> <span class='ocrx_word' id='word_1_292' title='bbox 170 2686 238 2717; x_wconf 90' lang='lat' dir='ltr'>tum</span> <span class='ocrx_word' id='word_1_293' title='bbox 254 2681 359 2722; x_wconf 89' lang='lat' dir='ltr'>dolor</span> <span class='ocrx_word' id='word_1_294' title='bbox 378 2686 479 2737; x_wconf 86' lang='lat' dir='ltr'>apud</span> <span class='ocrx_word' id='word_1_295' title='bbox 503 2687 661 2737; x_wconf 80' lang='lat' dir='ltr'>gentiles</span> <span class='ocrx_word' id='word_1_296' title='bbox 678 2688 831 2725; x_wconf 85' lang='lat' dir='ltr'>arsisset</span> <span class='ocrx_word' id='word_1_297' title='bbox 852 2686 983 2725; x_wconf 85' lang='lat' dir='ltr'>ablatae</span> <span class='ocrx_word' id='word_1_298' title='bbox 1007 2685 1080 2724; x_wconf 83' lang='lat' dir='ltr'>sibi</span> <span class='ocrx_word' id='word_1_299' title='bbox 1100 2695 1138 2724; x_wconf 90' lang='lat' dir='ltr'>et</span> <span class='ocrx_word' id='word_1_300' title='bbox 1158 2685 1319 2737; x_wconf 86' lang='lat' dir='ltr'>imperio</span> <span class='ocrx_word' id='word_1_301' title='bbox 1346 2686 1518 2724; x_wconf 84' lang='lat' dir='ltr'>Romano</span> 
     </span>
     <span class='ocr_line' id='line_1_40' title="bbox 79 2738 729 2803; baseline 0.015 -23"><span class='ocrx_word' id='word_1_302' title='bbox 79 2738 266 2794; x_wconf 71' lang='lat' dir='ltr'>Sibylliuae,</span> <span class='ocrx_word' id='word_1_303' title='bbox 280 2762 388 2798; x_wconf 89' lang='lat' dir='ltr'>quam</span> <span class='ocrx_word' id='word_1_304' title='bbox 407 2752 614 2799; x_wconf 79' lang='lat' dir='ltr'>vocabant,</span> <span class='ocrx_word' id='word_1_305' title='bbox 632 2753 729 2803; x_wconf 85' lang='lat' dir='ltr'>opis.</span> 
     </span>
     <span class='ocr_line' id='line_1_41' title="bbox 124 2807 1516 2867; baseline 0.001 -15"><span class='ocrx_word' id='word_1_306' title='bbox 124 2807 221 2852; x_wconf 85' lang='lat' dir='ltr'>Quod</span> <span class='ocrx_word' id='word_1_307' title='bbox 238 2812 264 2849; x_wconf 88' lang='lat' dir='ltr'>si</span> <span class='ocrx_word' id='word_1_308' title='bbox 285 2814 321 2851; x_wconf 90' lang='lat' dir='ltr'>in</span> <span class='ocrx_word' id='word_1_309' title='bbox 347 2816 458 2855; x_wconf 87' lang='lat' dir='ltr'>allato</span> <span class='ocrx_word' id='word_1_310' title='bbox 481 2818 612 2857; x_wconf 80' lang='lat' dir='ltr'>Rutilii</span> <span class='ocrx_word' id='word_1_311' title='bbox 651 2818 736 2856; x_wconf 88' lang='lat' dir='ltr'>loco</span> <span class='ocrx_word' id='word_1_312' title='bbox 764 2830 854 2856; x_wconf 86' lang='lat' dir='ltr'>vera</span> <span class='ocrx_word' id='word_1_313' title='bbox 880 2825 935 2855; x_wconf 86' lang='lat' dir='ltr'>est</span> <span class='ocrx_word' id='word_1_314' title='bbox 957 2816 1098 2855; x_wconf 79' lang='lat' dir='ltr'>codicis</span> <span class='ocrx_word' id='word_1_315' title='bbox 1132 2815 1376 2867; x_wconf 87' lang='lat' dir='ltr'>manuscripti</span> <span class='ocrx_word' id='word_1_316' title='bbox 1402 2815 1516 2854; x_wconf 87' lang='lat' dir='ltr'>lectio</span> 
     </span>
     <span class='ocr_line' id='line_1_42' title="bbox 76 2873 1516 2934; baseline 0 -17"><span class='ocrx_word' id='word_1_317' title='bbox 76 2879 150 2907; x_wconf 68' lang='lat'><strong><em>‘⁰²¹8</em></strong></span> <span class='ocrx_word' id='word_1_318' title='bbox 167 2873 242 2922; x_wconf 65' lang='grc' dir='ltr'>(ΡΙῸ</span> <span class='ocrx_word' id='word_1_319' title='bbox 263 2890 332 2927; x_wconf 84' lang='lat' dir='ltr'>qua</span> <span class='ocrx_word' id='word_1_320' title='bbox 354 2882 523 2920; x_wconf 87' lang='lat' dir='ltr'>nonnulli</span> <span class='ocrx_word' id='word_1_321' title='bbox 544 2892 676 2921; x_wconf 81' lang='lat' dir='ltr'>sancta</span> <span class='ocrx_word' id='word_1_322' title='bbox 698 2883 906 2934; x_wconf 87' lang='lat' dir='ltr'>repositum</span> <span class='ocrx_word' id='word_1_323' title='bbox 925 2882 1177 2931; x_wconf 89' lang='lat' dir='ltr'>maluerunt),</span> <span class='ocrx_word' id='word_1_324' title='bbox 1197 2879 1354 2920; x_wconf 88' lang='lat' dir='ltr'>cremati</span> <span class='ocrx_word' id='word_1_325' title='bbox 1376 2879 1516 2918; x_wconf 81' lang='lat' dir='ltr'>fuerint</span> 
     </span>
    </p>
   </div>
  </div>
 </body>
</html>
