1752 3495
601 161 905 210 EXCURSUS
938 163 1017 210 111.
1162 128 1166 132 -
1445 170 1533 216 193

91 263 273 310 communi
292 269 490 301 auctorum
510 273 581 299 usu
600 261 730 299 vocari
750 260 950 312 incipiunt.
970 262 1021 302 Ut
1036 291 1048 310 ,
1079 262 1246 314 exempli
1270 264 1412 315 gratia,
1435 279 1534 306 anno

91 343 215 376 ncxxx,
244 339 319 378 quo
340 323 519 364 Tiberius
543 324 740 363 Gracchus
771 325 920 364 occisus
947 334 1026 372 est,
1054 325 1263 377 legatos·in
1291 328 1456 368 Siciliam
1475 343 1536 368 sa·

90 406 232 436 crorum
252 388 511 428 faciendorum
537 401 651 426 causa
669 389 801 427 missos
815 403 838 427 a
857 398 990 427 senatu
1019 389 1188 428 videmus
1201 407 1217 424 c«
1239 404 1286 429 ex
1304 393 1536 443 amplissimo

89 457 238 509 collegio
267 452 559 500 decemvirali‚»
580 452 684 503 apud
704 453 947 501 Ciceronem,
969 454 1007 491 in
1031 453 1146 494 Verr.
1169 454 1216 493 de
1244 456 1388 507 Signis,
1422 462 1442 505 ς
1476 465 1538 510 49.·
1573 457 1577 460 ’
1616 442 1620 448 ’

90 528 174 564 Item
193 531 290 558 anno
306 531 429 562 nonu,
452 516 572 554 Mario
592 517 642 554 lv
660 525 699 554 et
719 517 868 555 Lutatio
885 531 997 568 coss.,
1013 535 1029 551 «
1046 517 1253 557 hostiarum
1270 521 1366 559 cinis
1388 535 1457 572 per
1476 523 1541 561 de·

90 585 291 624 «cemviros
317 581 356 618 in
377 593 481 619 mare
500 580 713 630 dispersus,
730 598 745 615 ιο
776 581 946 620 tradente
973 582 1078 620 Julio
1104 582 1367 634 Obsequente,
1391 586 1413 635 S
1444 592 1538 638 104,

92 649 150 702 qui
171 648 260 691 lloc,
276 652 319 682 ut
347 644 551 694 pleraque,
575 643 727 681 videtur
751 657 771 681 e
789 645 835 684 T.
857 644 964 682 Livio
984 644 1249 695 desumpsisse.
1277 645 1420 685 Contra
1438 661 1537 686 anno

94 724 224 760 necui,
240 707 306 759 qui
325 715 410 758 post
429 707 569 757 Syllam
599 707 800 745 vicesimus
823 717 977 745 octavus
999 716 1233 755 numeratur,
1253 709 1384 747 scribit
1400 711 1537 749 Coelius

94 777 135 815 ad
153 774 363 813 Ciceronem
377 799 387 817 ,
411 770 474 808 lib.
491 772 596 817 vul,
613 770 661 808 ad
675 771 756 810 div.
775 771 884 822 epist.
902 777 942 818 4,
960 789 977 806 ι
991 773 1037 811 P.
1054 771 1290 810 Dolabellam
1304 774 1539 824 quindecim-

93 840 232 876 uvirum
263 836 414 873 sactum.
431 852 446 868 ι»
467 834 568 873 Nihil
592 847 708 885 porro
736 835 836 872 inter
863 848 983 873 annos
1003 848 1110 872 nemi
1138 844 1174 873 et
1201 850 1325 874 neem
1353 847 1538 877 mutatum

94 902 268 955 reperitur
286 901 324 938 in
340 899 508 950 collegiis
523 899 775 945 sacerdotum,
794 908 934 950 praeter
952 899 1046 937 illud
1062 912 1084 937 a
1100 899 1285 939 dictatore
1304 901 1423 951 Sylla.

138 963 327 1004 Mirabitur
340 963 467 1000 forsan
488 962 625 1013 aliquis
647 976 692 1000 eo
715 962 952 1013 potissimum
974 971 1145 1014 tempore
1163 964 1337 1002 custodes
1352 964 1538 1004 librorum

98 1032 210 1083 plures
230 1029 368 1073 sacros,
388 1040 522 1078 quum,
538 1026 683 1064 amissis
706 1027 885 1064 incendio
905 1026 1123 1077 Capitolino
1147 1027 1192 1065 iis
1211 1027 1331 1075 libris,
1354 1029 1449 1066 nihil
1466 1042 1536 1067 cu-

96 1090 318 1132 stodiendum
339 1098 546 1141 supererat.
584 1089 657 1129 Sed
688 1089 1046 1141 praeterquamjure
1073 1090 1253 1142 suspicati
1278 1104 1408 1130 sumus
1430 1093 1539 1143 cogi-

97 1168 178 1195 tasse
193 1155 266 1207 jam
289 1162 366 1192 tum
386 1154 608 1191 dictatorem
630 1153 676 1191 de
699 1153 806 1191 libris
826 1153 1089 1201 restituendis,
1113 1156 1272 1192 multum
1293 1169 1382 1193 sane
1402 1156 1499 1194 absit
1519 1169 1542 1194 a

97 1234 196 1267 vero,
214 1219 243 1256 si
272 1218 356 1268 quis
379 1226 485 1267 putet
505 1218 605 1255 intra
635 1218 756 1268 ipsam
779 1217 965 1256 librorum
993 1231 1124 1256 curam
1155 1219 1366 1258 constitisse
1383 1219 1543 1259 Xvirum

100 1299 154 1324 seu
171 1283 352 1323 XVvirum
370 1295 517 1321 munus.
535 1283 592 1321 Ita
617 1282 774 1320 sortasse
791 1282 862 1320 sub
876 1282 1086 1333 Tarquinio
1107 1290 1259 1321 cautum
1281 1283 1540 1330 erat-Verum,

100 1360 280 1400 progressu
302 1346 503 1396 temporis,
522 1346 576 1383 illi
596 1359 759 1396 quorum
782 1354 861 1384 erat
881 1346 1010 1383 divina
1030 1346 1199 1383 revelare
1219 1347 1410 1396 mandata,
1431 1347 1541 1385 facile

99 1412 288 1449 effecerunt
307 1418 349 1447 ut
371 1409 623 1460 exsequendis
638 1409 748 1447 etiam
766 1409 812 1447 iis
829 1417 1056 1459 praeessent:
1074 1409 1209 1460 quidni
1224 1409 1337 1456 enim,
1351 1410 1381 1447 si
1397 1410 1446 1448 ita
1459 1410 1541 1461 jus-
1596 1460 1599 1464 ἦ

99 1479 190 1513 sisset
211 1473 426 1511 oraculum?
444 1473 485 1511 ld
509 1472 610 1510 unde
629 1473 796 1523 coeperit,
823 1473 1008 1523 ignotum.
1041 1473 1150 1510 Certe
1174 1472 1250 1523 jam
1272 1487 1371 1511 anno
1394 1487 1540 1512 ccxcnx

101 1538 268 1576 duumviri
283 1550 475 1575 sacrorum
498 1550 519 1575 a
536 1536 641 1575 Livio
662 1537 754 1574 ‹licti
765 1537 1023 1588 reperiuntur,
1042 1536 1108 1574 lib.
1122 1537 1190 1584 111,
1208 1541 1226 1583 ς
1253 1550 1318 1584 ιο;
1337 1538 1425 1576 item
1439 1551 1540 1576 anno

100 1614 302 1640 cccrxxxvu
320 1601 510 1639 duumviri
527 1601 642 1638 sacris
663 1600 858 1648 faciendis,
875 1614 946 1651 pro
971 1600 1110 1651 quibus
1129 1614 1228 1639 anno
1242 1601 1412 1652 sequenti
1434 1602 1539 1640 Xviri

98 1680 270 1705 sacrorum
288 1667 403 1712 liunt,
425 1666 506 1705 Liv.
526 1666 618 1704 locis
635 1679 749 1716 supra
769 1666 849 1704 citt.
873 1667 1005 1717 Neque
1025 1667 1134 1704 aliter
1158 1679 1325 1717 unquam
1345 1667 1536 1718 designari

100 1732 204 1769 solent
221 1744 329 1781 quam
348 1733 463 1768 IIviri
483 1731 540 1769 vel
568 1734 674 1768 Xve‘ri
692 1730 751 1769 vel
772 1732 920 1769 XVviri
948 1745 1134 1768 sacrorum
1164 1744 1230 1770 seu
1259 1732 1396 1783 saepius
1423 1736 1537 1770 sacris

91 1795 276 1842 faciendis,
301 1795 394 1845 sive,
416 1804 457 1832 ut
476 1795 635 1845 antiquo
655 1808 761 1832 more
777 1795 850 1832 dici
867 1795 1070 1841 malebant,
1088 1800 1202 1833 sacris
1208 1794 1416 1844 faciundis,
1433 1796 1536 1848 quod

100 1859 132 1895 in
148 1858 264 1909 elogiis
281 1859 393 1910 vulgo
418 1873 486 1910 per
500 1858 768 1910 compendium
792 1859 845 1896 ita
871 1859 1060 1907 scribitur,
1090 1859 1376 1899 xv.le1.s.F.
1400 1861 1534 1911 (Orell.

101 1923 200 1966 2263,
234 1923 484 1970 2351‚.2385,
506 1923 610 1972 etc.).
640 1922 749 1962 Unde
777 1923 932 1972 colligas
959 1924 1125 1961 muneris
1147 1936 1279 1961 eorum
1308 1924 1535 1976 praecipuam

100 1984 184 2023 hanc
205 1986 310 2025 fuisse
328 1995 488 2038 partem,
507 1995 546 2024 ut
562 2000 667 2024 sacra
690 1986 872 2033 facerent,
894 1986 932 2024 id
946 1996 1020 2032 est,
1043 1986 1241 2037 Sibyllinis
1258 1987 1362 2038 jussa
1380 2002 1536 2040 respon-

101 2049 142 2086 sis
156 2060 446 2101 exsequerentur.
462 2051 695 2101 Praecipuum
706 2064 794 2089 sane
813 2065 822 2089 ε
841 2064 926 2088 nam
941 2050 1027 2089 libri
1043 2051 1204 2089 fortuitis
1218 2051 1265 2089 dc
1276 2052 1398 2091 causis
1414 2052 1534 2103 iisque

101 2114 285 2152 rarioribus
307 2115 531 2163 adibantur3
553 2129 661 2153 sacra
680 2128 769 2153 vcro
789 2128 837 2153 ex
862 2115 908 2153 iis
923 2114 1031 2153 libris
1050 2115 1167 2152 multa
1187 2124 1223 2153 et
1245 2115 1350 2154 varia
1369 2115 1509 2153 fiebant
1522 2144 1534 2165 ,

100 2177 253 2227 quaedam
269 2180 376 2218 etiarn
396 2193 519 2218 annua
537 2188 575 2218 et
599 2187 804 2231 perpetua3
824 2183 914 2217 item
940 2191 1039 2230 saepe
1060 2179 1197 2230 templa
1218 2179 1339 2218 aliave
1357 2175 1474 2232 opera*
1489 2193 1535 2219 ex

101 2254 219 2279 eorum
248 2243 417 2282 mandato
438 2243 692 2291 vovebantur,
718 2241 1275 2294 erigebantur,dedicabantur.
1297 2245 1381 2281 llaec
1406 2244 1534 2283 onmia
1583 2259 1588 2265 ·

102 2321 204 2357 penes
221 2311 410 2362 collegium
432 2312 686 2351 suerunt.Nec
702 2311 832 2349 Romae
845 2311 974 2360 modo,
994 2310 1056 2348 scd
1077 2311 1186 2348 etiam
1204 2311 1242 2348 in
1257 2311 1461 2362 provinciis
1475 2312 1533 2350 in-

103 2372 231 2411 terdum
246 2387 309 2412 suo
327 2389 480 2414 munere
517 2374 788 2427 fungebantur,
822 2383 862 2412 ut
894 2382 998 2425 patet
1016 2386 1062 2411 ex
1082 2374 1215 2411 Dionis
1234 2374 1367 2424 fragm.
1391 2388 1453 2424 79,
1472 2374 1533 2413 ed.

99 2436 215 2483 sturz,
232 2451 303 2487 quo
317 2448 465 2477 senatus
483 2438 589 2490 jussu
605 2432 870 2492 e'decemviris
881 2438 957 2476 duo
976 2438 1282 2489 proficiscuntur,
1304 2451 1403 2475 anno
1424 2438 1467 2477 U.
1485 2438 1531 2477 C.

101 2511 191 2545 nexi,
210 2501 254 2538 ad
282 2504 440 2553 Appium
463 2503 660 2542 Claudium
687 2503 881 2541 consulem
897 2531 907 2549 ,
928 2502 995 2552 qui
1012 2501 1196 2540 adversus
1221 2501 1348 2539 Gallos
1369 2501 1539 2552 inauspia

101 2570 174 2599 cato
203 2562 336 2603 bellum
363 2566 575 2619 inceperat,
600 2581 737 2618 nempe
767 2575 809 2604 ut
828 2580 874 2605 ex
911 2565 1095 2616 Sibyllino
1123 2578 1304 2617 responso
1325 2565 1361 2602 in
1396 2565 1534 2604 finibus

101 2625 276 2666 Gallorum
303 2631 550 2669 sacrificarent
579 2632 723 2682 (confer
753 2632 830 2670 Jul.
848 2630 986 2682 Obseq.
1017 2630 1063 2668 ad
1094 2630 1196 2668 hunc
1217 2630 1396 2682 annum);
1423 2633 1534 2679 item,

102 2688 338 2730 Gracchorum
358 2702 540 2746 tempore,
562 2695 704 2747 legatos
722 2709 769 2734 ex
785 2709 917 2733 eorum
937 2694 1094 2746 collegio
1112 2694 1150 2731 in
1173 2694 1337 2732 Siciliam
1355 2707 1377 2732 a
1400 2703 1534 2733 senatu

103 2751 218 2791 missos
242 2756 292 2794 rei
316 2757 451 2797 divinae
472 2773 599 2808 causa,
616 2773 661 2797 cx
685 2761 868 2798 Cicerone
889 2759 1003 2810 paulo
1028 2766 1115 2796 autc
1142 2757 1355 2796 didicimus.
1375 2759 1428 2797 Ne
1451 2758 1534 2808 quis

102 2826 180 2863 ergo
194 2817 268 2867 jam
288 2821 442 2860 miretur
459 2831 544 2874 post
563 2831 717 2861 exustos
743 2822 862 2860 libros
892 2822 1017 2859 adhuc
1035 2821 1082 2859 de
1095 2821 1221 2861 Xviris
1242 2822 1418 2872 sategisse
1445 2822 1536 2872 Syl-

215 2883 294 2929 111.
1290 2886 1344 2933 13
