1752 3495
596 226 606 233 ,
634 198 638 202 .
669 160 983 208 excussos
999 168 1001 171 ·
1016 162 1096 206 m.
1411 146 1418 155 “
1520 166 1612 211 233

166 263 243 317 plar
261 257 455 298 informati
480 264 589 295 erant
606 256 633 294 ii
662 256 765 307 libri,
783 258 1000 297 acrostichii
1015 247 1213 309 vestigium
1227 288 1238 307 ,
1253 269 1437 310 quantum
1460 261 1614 311 quidem

166 342 186 368 e
209 321 423 376 fragmentis
444 319 712 371 superstitibus
736 329 801 359 aut
817 315 842 359 e'
860 330 1030 360 veterum
1061 323 1284 361 testimoniis
1304 324 1443 376 conjici
1470 333 1616 377 potest,

167 391 304 430 nullum
320 384 475 424 omnino
492 383 849 435 deprehendebatur
861 415 871 435 ,
885 395 1134 436 praeterquam
1149 386 1246 424 istud
1260 400 1415 437 prorsus
1434 388 1617 426 abhorret

166 454 209 494 ab
222 452 382 502 antiquas
408 460 566 499 poeseos
579 476 590 495 ,
608 449 729 498 qualis
746 457 833 486 ante
853 450 1100 500 Tarquinium
1124 450 1253 488 floruit
1269 480 1279 498 ,
1300 451 1449 502 egregia
1468 453 1615 504 simpli-

168 519 286 556 citate.
317 513 418 551 Idem
454 524 562 561 aeque
594 511 726 562 negari
756 520 882 563 potest
919 512 967 550 de
995 513 1102 551 libris
1131 514 1407 552 recentioribus
1434 516 1500 565 qui
1529 525 1618 566 post

168 571 337 630 Capitolii
369 573 587 613 incendium
617 575 742 612 refecti
779 584 879 621 sunt,
897 577 954 614 vel
987 586 1121 627 postea
1146 577 1303 615 Caesaris
1334 579 1616 628 Augustijussu

168 642 321 687 collecti,
342 639 521 690 quoniam
548 637 574 675 ii
600 638 752 676 conflati
783 648 869 677 sunt
893 652 914 676 e
942 639 1111 690 reliquiis
1132 640 1302 691 undique
1332 641 1494 680 corrasis
1523 642 1619 692 Ery-

172 711 363 748 thraeorum
380 704 591 742 aliorumve
609 704 784 741 similium
807 705 1032 753 carminum,
1053 706 1100 743 de
1115 706 1255 756 quibus
1275 707 1312 743 in
1336 720 1481 744 summa
1501 711 1618 746 asseri

172 781 302 826 potest,
320 778 514 815 auctores,
531 768 759 819 quicumque
775 769 941 815 suerunt,
959 770 1068 807 talem
1086 771 1124 807 in
1143 784 1182 809 se
1197 784 1325 808 curam
1343 771 1535 822 suscipere
1550 785 1628 810 nec,

172 837 324 874 voluisse
351 845 514 883 unquam
537 845 606 869 nec
631 832 812 883 potuisse.
840 833 969 871 Potest
990 833 1089 871 enim
1114 834 1184 872 tale
1214 834 1452 872 versificandi
1481 849 1619 886 genus,

172 901 233 939 etsi
263 912 336 936 nou
359 897 438 934 sine
458 896 589 933 labore
617 904 654 934 et
677 895 849 941 fastidio,
870 896 907 933 in
932 897 1059 947 aliqua
1078 898 1256 936 carminis
1277 899 1463 950 particula
1487 898 1620 938 obser—

172 963 261 1010 vari3
280 963 317 1000 in
334 961 421 998 totis
442 958 673 998 carminibus
694 959 755 996 vix
779 968 917 1008 potest.

218 1025 399 1073 Quoniam
424 1032 548 1060 tamen
569 1022 616 1059 de
637 1021 835 1071 Sibyllinis
855 1023 1021 1060 romanis
1044 1037 1088 1061 ea
1122 1025 1217 1062 sama
1249 1026 1524 1076 praevaluerat,
1552 1039 1621 1064 ne-

174 1104 264 1130 cesse
283 1097 336 1127 est
355 1087 571 1135 hujusmodi
592 1085 735 1135 aliquid
756 1085 1061 1124 animadversum
1082 1088 1196 1126 fuisse
1219 1089 1257 1126 in
1279 1090 1322 1128 iis
1341 1091 1473 1127 saltem
1495 1090 1622 1127 versi-

175 1155 237 1192 bus
253 1152 329 1203 qui,
355 1159 531 1200 tanquam
552 1149 744 1199 Sibyllini,
767 1149 813 1186 ad
834 1158 1008 1188 senatum
1027 1150 1158 1198 delati,
1177 1151 1265 1189 inde
1289 1154 1561 1201 seiiatusjussu
1584 1153 1621 1190 iu

177 1216 354 1269 publicum
383 1213 658 1252 efferebantur.
695 1214 775 1250 lmo
809 1213 912 1263 quod
937 1227 957 1250 a
978 1215 1163 1265 Dionysio
1192 1215 1370 1253 additur:
1394 1214 1624 1268 Εὑρίσκονταί

175 1296 250 1323 τινες
266 1276 533 1330 ἐμπεποιημένοι
550 1275 732 1328 [χρησμοὶ]
748 1281 818 1319 τοῖς
834 1275 1068 1326 Σιῧυλλείοις,
1086 1277 1288 1329 ἐλέγχονται
1308 1277 1344 1316 δὲ
1359 1284 1433 1321 ταῖς
1450 1277 1623 1330 καλουμέ-

176 1360 239 1386 ναις
270 1342 505 1395 ἀκροστιχίσι,
524 1341 613 1379 satis
639 1340 807 1379 ostendit
826 1354 872 1378 eo
898 1354 1097 1380 conversas
1118 1342 1234 1380 fuisse
1253 1342 1454 1381 doctorum
1478 1352 1639 1382 mentes.

179 1408 258 1445 utin
278 1406 346 1444 illis
365 1419 449 1456 quae
470 1403 761 1456 proferebantur
785 1405 994 1454 responsis,
1016 1405 1231 1455 diligentius
1252 1406 1298 1444 ad
1319 1406 1425 1444 initia
1445 1420 1624 1445 versuum

179 1469 423 1516 attenderent,
455 1476 601 1506 essetne
635 1482 682 1505 an
704 1481 777 1505 non
797 1477 897 1506 esset
925 1468 1126 1506 observata
1156 1469 1216 1507 lex
1244 1470 1486 1518 acrostiehli,
1515 1479 1555 1508 ut
1585 1473 1623 1510 ln

179 1547 246 1585 quo
268 1546 373 1571 versu
402 1532 570 1583 neglecta
601 1532 967 1583 deprehenderetur,
990 1533 1021 1570 is
1047 1533 1162 1572 salsus
1182 1534 1387 1572 haberetur
1413 1548 1456 1572 ac
1477 1548 1624 1585 suppo·

180 1598 260 1636 situs
278 1597 330 1635 vel
350 1596 595 1634 adulteratus.
618 1597 743 1643 Quum
770 1605 892 1634 tamen
915 1597 946 1634 is
969 1596 1090 1643 labor,
1111 1606 1150 1635 ut
1167 1597 1356 1646 diximus,
1383 1612 1452 1636 nec
1471 1598 1627 1648 Sibyllae

181 1661 280 1699 suerit
295 1674 359 1699 uec
379 1659 657 1711 Sibyllistarum
671 1688 683 1709 ,
704 1660 816 1698 suerit
835 1668 987 1711 oportet
1001 1660 1260 1708 XVvirorum,
1279 1675 1344 1699 seu
1366 1662 1494 1713 potius
1514 1662 1626 1700 addi-

182 1735 289 1764 torum
308 1726 378 1763 illis
399 1726 676 1771 ministrorum,
694 1725 905 1762 curantium
923 1734 962 1762 ut
978 1725 1024 1763 ad
1041 1724 1248 1776 Sibyllinos
1262 1734 1365 1764 sorte
1379 1725 1516 1764 ductos
1534 1739 1625 1764 ver-

182 1803 234 1828 sus
260 1803 474 1840 responsum
503 1788 704 1840 quodlibet
724 1788 814 1826 inde
840 1789 1058 1826 consectum
1077 1789 1208 1826 saltem
1233 1802 1411 1827 versuum
1432 1789 1548 1827 initiis
1566 1802 1626 1828 re-

183 1854 381 1904 sponderet.
398 1855 454 1892 lta
472 1862 690 1904 promptum
711 1853 784 1890 illis
811 1853 882 1890 suit
895 1866 1175 1903 quemcumque
1190 1866 1339 1891 sensum
1352 1885 1362 1901 ‚
1379 1867 1627 1904 quaecumque

183 1926 280 1966 vota,
316 1931 572 1969 quascumque
615 1918 754 1956 vellent
790 1917 1043 1963 caerimonias,
1073 1917 1264 1968 responsis
1298 1918 1375 1956 suis
1412 1917 1629 1966 includere,

183 1994 324 2031 quarum
347 1995 472 2019 rerum
494 1994 541 2018 ne
566 1980 702 2018 umbra
733 1980 887 2032 quidem
916 1980 954 2017 in
980 1980 1071 2031 ipsis
1096 1979 1290 2030 Sibyllinis
1315 1978 1424 2019 libris
1441 1981 1627 2028 insuerat3

185 2056 338 2086 ettamen
357 2048 437 2086 sine
470 2047 640 2099 perjurio
670 2046 840 2097 dejerare
872 2046 908 2083 in
938 2056 1070 2084 senatu
1098 2054 1165 2084 aut
1194 2059 1321 2083 coram
1345 2045 1629 2096 magistratibus

186 2111 558 2162 poterantSibyllinos
577 2125 616 2149 se
632 2111 770 2148 afferre
790 2123 937 2158 versm,
951 2110 1044 2161 ipsis
1062 2109 1208 2155 verbis,
1229 2109 1319 2160 ipsis
1339 2109 1458 2147 literis
1478 2122 1629 2161 expres-

186 2186 255 2223 sos,
281 2174 454 2224 quoniam
475 2187 608 2212 revera
626 2187 730 2211 novo
749 2174 917 2211 carmine
939 2172 1055 2210 verba
1081 2173 1163 2222 ipsa
1187 2185 1230 2209 ac
1245 2172 1363 2209 literoe
1380 2172 1527 2222 antiqui
1547 2185 1629 2210 car-

187 2236 282 2274 minis
296 2237 586 2276 exhibebantur.

230 2300 289 2338 Vel
309 2303 358 2339 sic
381 2311 506 2340 tamen
528 2303 690 2339 fatemur
706 2301 801 2339 illud
821 2301 994 2352 responsi
1014 2315 1154 2352 genus,
1175 2301 1231 2338 uti
1252 2314 1329 2338 non
1346 2299 1426 2351 jam
1445 2299 1630 2351 perjurio,
1673 2290 1677 2296 ⁸

187 2365 230 2401 ita
246 2366 344 2403 malae
361 2366 447 2405 fidei
468 2366 687 2417 proximum
705 2366 832 2405 fuisse.
849 2366 949 2411 Quid
963 2367 1116 2403 autem?
1137 2367 1220 2404 Non
1239 2366 1311 2403 suit
1329 2378 1478 2416 semper
1490 2364 1629 2402 talibus

187 2429 363 2470 eludendae
394 2434 565 2472 veritatis
586 2434 732 2473 artibus
752 2434 790 2471 in
812 2432 982 2484 qualibet
1014 2433 1197 2484 religione
1219 2433 1326 2470 locus
1341 2461 1351 2480 ,
1387 2440 1632 2483 ›romptaque
1669 2437 1673 2440 ”

187 2493 301 2532 talium
318 2500 507 2536 excusatio
524 2499 637 2537 etiam
658 2497 837 2550 gravibus
859 2507 911 2545 et,
933 2507 974 2535 ut
998 2497 1072 2535 sibi
1097 2496 1343 2545 videbantur,
1365 2496 1505 2534 sanctis
1523 2495 1629 2542 viriS,

189 2560 374 2605 praesertim
394 2576 510 2612 quum
532 2563 652 2614 pietas
674 2570 771 2600 esset
799 2561 995 2607 obtentui,
1025 2570 1063 2599 et
1083 2561 1131 2598 ad
1152 2561 1294 2598 bonum
1322 2561 1433 2597 finem
1454 2571 1630 2610 grassan-

191 2618 277 2659 tibus
295 2625 432 2663 nullum
446 2656 456 2674 ,
475 2636 518 2664 ut
539 2627 662 2674 aiunt,
682 2626 752 2664 viae
771 2625 881 2664 bonae
902 2626 1059 2664 malaeve
1082 2625 1284 2663 discrimen
1305 2625 1425 2662 soret?
1443 2625 1644 2663 Praeterea·

190 2692 369 2735 postquam
388 2689 451 2727 ille
466 2704 556 2728 usus
574 2690 676 2741 apud
696 2690 865 2729 XVviros
885 2689 997 2740 longa
1024 2689 1231 2726 traditione
1250 2687 1523 2739 comprobatus
1541 2684 1632 2730 suit,

190 2758 231 2783 ne
244 2762 314 2787 suae
329 2752 477 2802 quidem
500 2754 642 2792 fraudis
662 2753 895 2791 conscientia
915 2753 1103 2804 magistris
1119 2761 1186 2791 aut
1205 2751 1388 2790 ministris
1408 2751 1551 2795 in‹²rat;
1570 2761 1633 2786 eo-

184 2822 254 2858 que
277 2813 428 2854 sortasse
452 2818 705 2869 devenerant,
726 2827 767 2855 ut
790 2817 861 2855 sibi
882 2817 982 2855 bona
1007 2817 1079 2856 lide
1103 2817 1374 2867 persuaderent
1395 2814 1548 2866 singulis
1567 2812 1630 2850 di·-
