<?xml version="1.0" encoding="UTF-8"?>
<!DOCTYPE html PUBLIC "-//W3C//DTD XHTML 1.0 Transitional//EN"
    "http://www.w3.org/TR/xhtml1/DTD/xhtml1-transitional.dtd">
<html xmlns="http://www.w3.org/1999/xhtml" xml:lang="en" lang="en">
 <head>
  <title>
</title>
<meta http-equiv="Content-Type" content="text/html;charset=utf-8" />
  <meta name='ocr-system' content='tesseract 3.04.00' />
  <meta name='ocr-capabilities' content='ocr_page ocr_carea ocr_par ocr_line ocrx_word'/>
</head>
<body>
  <div class='ocr_page' id='page_1' title='image "./excursusadsibyll00alexuoft_0475.png"; bbox 0 0 1686 3500; ppageno 0'>
   <div class='ocr_carea' id='block_1_1' title="bbox 146 172 1234 224">
    <p class='ocr_par' dir='ltr' id='par_1_1' title="bbox 146 172 1234 224">
     <span class='ocr_line' id='line_1_1' title="bbox 146 172 1234 224; baseline -0.007 -1"><span class='ocrx_word' id='word_1_1' title='bbox 146 179 238 224; x_wconf 66' lang='lat'>466</span> <span class='ocrx_word' id='word_1_2' title='bbox 478 178 480 180; x_wconf 83' lang='grc'><strong>’</strong></span> <span class='ocrx_word' id='word_1_3' title='bbox 531 173 611 217; x_wconf 83' lang='grc' dir='ltr'>ΑΙ)</span> <span class='ocrx_word' id='word_1_4' title='bbox 644 172 993 219; x_wconf 74' lang='lat' dir='ltr'>SlBYLLINOS</span> <span class='ocrx_word' id='word_1_5' title='bbox 1026 172 1234 218; x_wconf 81' lang='lat' dir='ltr'>LlBROS</span> 
     </span>
    </p>
   </div>
   <div class='ocr_carea' id='block_1_2' title="bbox 123 264 1611 2912">
    <p class='ocr_par' dir='ltr' id='par_1_2' title="bbox 299 264 1221 327">
     <span class='ocr_line' id='line_1_2' title="bbox 299 264 1221 327; baseline -0.002 -18"><span class='ocrx_word' id='word_1_6' title='bbox 299 264 350 327; x_wconf 66' lang='grc' dir='ltr'>τῼ</span> <span class='ocrx_word' id='word_1_7' title='bbox 366 270 482 325; x_wconf 79' lang='grc' dir='ltr'>Θρόνον</span> <span class='ocrx_word' id='word_1_8' title='bbox 494 268 664 323; x_wconf 71' lang='grc' dir='ltr'>’Υψιστος</span> <span class='ocrx_word' id='word_1_9' title='bbox 681 268 822 321; x_wconf 81' lang='grc' dir='ltr'>γενέτης</span> <span class='ocrx_word' id='word_1_10' title='bbox 833 269 1016 323; x_wconf 77' lang='grc' dir='ltr'>παρέδωκε</span> <span class='ocrx_word' id='word_1_11' title='bbox 1032 269 1199 308; x_wconf 79' lang='grc' dir='ltr'>λαὸέσθαι</span> <span class='ocrx_word' id='word_1_12' title='bbox 1210 299 1221 317; x_wconf 82' lang='grc'>,</span> 
     </span>
    </p>

    <p class='ocr_par' dir='ltr' id='par_1_3' title="bbox 301 332 1180 388">
     <span class='ocr_line' id='line_1_3' title="bbox 301 332 1180 388; baseline -0.006 -13"><span class='ocrx_word' id='word_1_13' title='bbox 301 336 414 375; x_wconf 81' lang='grc' dir='ltr'>Οὔπω</span> <span class='ocrx_word' id='word_1_14' title='bbox 431 333 650 386; x_wconf 77' lang='grc' dir='ltr'>γεννηθέντι·</span> <span class='ocrx_word' id='word_1_15' title='bbox 668 335 744 372; x_wconf 75' lang='grc' dir='ltr'>ἐπεὶ</span> <span class='ocrx_word' id='word_1_16' title='bbox 763 334 854 372; x_wconf 82' lang='grc' dir='ltr'>κατὰ</span> <span class='ocrx_word' id='word_1_17' title='bbox 873 334 985 388; x_wconf 81' lang='grc' dir='ltr'>σάρκα</span> <span class='ocrx_word' id='word_1_18' title='bbox 1003 334 1043 372; x_wconf 85' lang='grc' dir='ltr'>τὸ</span> <span class='ocrx_word' id='word_1_19' title='bbox 1063 332 1180 372; x_wconf 82' lang='grc' dir='ltr'>δισσὸν</span> 
     </span>
    </p>

    <p class='ocr_par' dir='ltr' id='par_1_4' title="bbox 140 399 1610 644">
     <span class='ocr_line' id='line_1_4' title="bbox 300 399 638 452; baseline -0.003 -13"><span class='ocrx_word' id='word_1_20' title='bbox 300 400 450 452; x_wconf 79' lang='grc' dir='ltr'>Ἠγέρθη</span> <span class='ocrx_word' id='word_1_21' title='bbox 466 427 477 446; x_wconf 90' lang='grc'><em>,</em></span> <span class='ocrx_word' id='word_1_22' title='bbox 503 414 536 437; x_wconf 78' lang='grc' dir='ltr'>κ.</span> <span class='ocrx_word' id='word_1_23' title='bbox 551 413 583 436; x_wconf 78' lang='grc' dir='ltr'>τ.</span> <span class='ocrx_word' id='word_1_24' title='bbox 604 399 638 438; x_wconf 87' lang='grc' dir='ltr'>λ.</span> 
     </span>
     <span class='ocr_line' id='line_1_5' title="bbox 141 461 1610 515; baseline -0.004 -9"><span class='ocrx_word' id='word_1_25' title='bbox 141 466 214 507; x_wconf 86' lang='lat' dir='ltr'>Sed</span> <span class='ocrx_word' id='word_1_26' title='bbox 229 465 350 504; x_wconf 85' lang='lat' dir='ltr'>levius</span> <span class='ocrx_word' id='word_1_27' title='bbox 365 465 437 502; x_wconf 84' lang='lat' dir='ltr'>hoc</span> <span class='ocrx_word' id='word_1_28' title='bbox 456 472 654 515; x_wconf 88' lang='lat' dir='ltr'>peccatum</span> <span class='ocrx_word' id='word_1_29' title='bbox 674 475 756 502; x_wconf 81' lang='lat' dir='ltr'>esse</span> <span class='ocrx_word' id='word_1_30' title='bbox 775 464 955 510; x_wconf 85' lang='lat' dir='ltr'>diximus,</span> <span class='ocrx_word' id='word_1_31' title='bbox 974 464 1063 515; x_wconf 81' lang='lat' dir='ltr'>quia</span> <span class='ocrx_word' id='word_1_32' title='bbox 1078 462 1175 501; x_wconf 81' lang='grc' dir='ltr'>οὔπω</span> <span class='ocrx_word' id='word_1_33' title='bbox 1195 461 1390 514; x_wconf 80' lang='grc' dir='ltr'>γεννηθέντι</span> <span class='ocrx_word' id='word_1_34' title='bbox 1415 462 1538 514; x_wconf 86' lang='lat' dir='ltr'>palam</span> <span class='ocrx_word' id='word_1_35' title='bbox 1555 471 1610 500; x_wconf 80' lang='lat' dir='ltr'>est</span> 
     </span>
     <span class='ocr_line' id='line_1_6' title="bbox 140 527 1610 580; baseline -0.003 -11"><span class='ocrx_word' id='word_1_36' title='bbox 140 530 237 569; x_wconf 79' lang='grc' dir='ltr'>οὔπω</span> <span class='ocrx_word' id='word_1_37' title='bbox 265 531 306 568; x_wconf 84' lang='grc' dir='ltr'>τὸ</span> <span class='ocrx_word' id='word_1_38' title='bbox 333 528 448 567; x_wconf 85' lang='grc' dir='ltr'>δισσὸν</span> <span class='ocrx_word' id='word_1_39' title='bbox 471 527 667 580; x_wconf 78' lang='grc' dir='ltr'>γεννηθέντι</span> <span class='ocrx_word' id='word_1_40' title='bbox 681 558 691 576; x_wconf 87' lang='grc'>,</span> <span class='ocrx_word' id='word_1_41' title='bbox 707 528 877 567; x_wconf 88' lang='lat' dir='ltr'>nondum</span> <span class='ocrx_word' id='word_1_42' title='bbox 897 529 1033 567; x_wconf 85' lang='lat' dir='ltr'>iterum</span> <span class='ocrx_word' id='word_1_43' title='bbox 1054 537 1254 579; x_wconf 76' lang='lat' dir='ltr'>generato,</span> <span class='ocrx_word' id='word_1_44' title='bbox 1283 541 1350 566; x_wconf 85' lang='lat' dir='ltr'>seu</span> <span class='ocrx_word' id='word_1_45' title='bbox 1367 528 1495 578; x_wconf 80' lang='lat' dir='ltr'>potius</span> <span class='ocrx_word' id='word_1_46' title='bbox 1510 541 1610 565; x_wconf 86' lang='lat' dir='ltr'>non·-</span> 
     </span>
     <span class='ocr_line' id='line_1_7' title="bbox 140 592 1583 644; baseline -0.001 -10"><span class='ocrx_word' id='word_1_47' title='bbox 140 597 230 634; x_wconf 89' lang='lat' dir='ltr'>dum</span> <span class='ocrx_word' id='word_1_48' title='bbox 251 596 290 633; x_wconf 93' lang='lat' dir='ltr'>in</span> <span class='ocrx_word' id='word_1_49' title='bbox 314 594 423 632; x_wconf 80' lang='lat' dir='ltr'>terris</span> <span class='ocrx_word' id='word_1_50' title='bbox 440 593 582 644; x_wconf 87' lang='lat' dir='ltr'>genito,</span> <span class='ocrx_word' id='word_1_51' title='bbox 603 592 701 631; x_wconf 87' lang='lat' dir='ltr'>sicut</span> <span class='ocrx_word' id='word_1_52' title='bbox 720 594 830 630; x_wconf 74' lang='lat' dir='ltr'>etiam</span> <span class='ocrx_word' id='word_1_53' title='bbox 850 592 950 630; x_wconf 88' lang='lat' dir='ltr'>libro</span> <span class='ocrx_word' id='word_1_54' title='bbox 971 594 1053 637; x_wconf 80' lang='lat' dir='ltr'>vll,</span> <span class='ocrx_word' id='word_1_55' title='bbox 1073 606 1108 631; x_wconf 85' lang='lat' dir='ltr'>v.</span> <span class='ocrx_word' id='word_1_56' title='bbox 1124 599 1189 640; x_wconf 69' lang='lat'>24,</span> <span class='ocrx_word' id='word_1_57' title='bbox 1206 601 1370 630; x_wconf 77' lang='lat' dir='ltr'>vocatur</span> <span class='ocrx_word' id='word_1_58' title='bbox 1381 592 1555 631; x_wconf 82' lang='lat' dir='ltr'>Christus</span> <span class='ocrx_word' id='word_1_59' title='bbox 1574 605 1583 632; x_wconf 75' lang='grc' dir='ltr'><strong><em>τ</em></strong></span> 
     </span>
    </p>

    <p class='ocr_par' dir='ltr' id='par_1_5' title="bbox 123 655 1611 2912">
     <span class='ocr_line' id='line_1_8' title="bbox 299 655 920 707; baseline -0.002 -12"><span class='ocrx_word' id='word_1_60' title='bbox 299 656 406 698; x_wconf 74' lang='grc' dir='ltr'>Αὐτὸς</span> <span class='ocrx_word' id='word_1_61' title='bbox 421 658 440 694; x_wconf 82' lang='grc' dir='ltr'><strong>ὁ</strong></span> <span class='ocrx_word' id='word_1_62' title='bbox 457 656 631 706; x_wconf 68' lang='grc' dir='ltr'>γεννηθεὶς</span> <span class='ocrx_word' id='word_1_63' title='bbox 653 658 672 694; x_wconf 78' lang='grc' dir='ltr'><strong>ὁ</strong></span> <span class='ocrx_word' id='word_1_64' title='bbox 685 656 792 707; x_wconf 78' lang='grc' dir='ltr'>μέγας</span> <span class='ocrx_word' id='word_1_65' title='bbox 812 655 920 702; x_wconf 84' lang='grc' dir='ltr'>Θεός,</span> 
     </span>
     <span class='ocr_line' id='line_1_9' title="bbox 138 720 1610 772; baseline -0.001 -12"><span class='ocrx_word' id='word_1_66' title='bbox 138 723 176 760; x_wconf 86' lang='lat' dir='ltr'>id</span> <span class='ocrx_word' id='word_1_67' title='bbox 196 730 276 769; x_wconf 79' lang='lat' dir='ltr'>est,</span> <span class='ocrx_word' id='word_1_68' title='bbox 296 721 332 758; x_wconf 91' lang='lat' dir='ltr'>in</span> <span class='ocrx_word' id='word_1_69' title='bbox 361 721 472 758; x_wconf 88' lang='lat' dir='ltr'>terris</span> <span class='ocrx_word' id='word_1_70' title='bbox 492 720 656 770; x_wconf 85' lang='lat' dir='ltr'>genitus.</span> <span class='ocrx_word' id='word_1_71' title='bbox 676 721 857 767; x_wconf 78' lang='lat' dir='ltr'>Quamvis</span> <span class='ocrx_word' id='word_1_72' title='bbox 877 734 970 759; x_wconf 89' lang='lat' dir='ltr'>vero</span> <span class='ocrx_word' id='word_1_73' title='bbox 1000 721 1081 759; x_wconf 82' lang='lat' dir='ltr'>haec</span> <span class='ocrx_word' id='word_1_74' title='bbox 1111 721 1245 772; x_wconf 87' lang='lat' dir='ltr'>procul</span> <span class='ocrx_word' id='word_1_75' title='bbox 1280 736 1298 759; x_wconf 83' lang='lat' dir='ltr'>n</span> <span class='ocrx_word' id='word_1_76' title='bbox 1327 721 1441 759; x_wconf 76' lang='lat' dir='ltr'>solita</span> <span class='ocrx_word' id='word_1_77' title='bbox 1470 721 1610 759; x_wconf 74' lang='lat' dir='ltr'>uostris</span> 
     </span>
     <span class='ocr_line' id='line_1_10' title="bbox 137 784 1611 836; baseline -0.001 -12"><span class='ocrx_word' id='word_1_78' title='bbox 137 785 327 836; x_wconf 82' lang='lat' dir='ltr'>theologis</span> <span class='ocrx_word' id='word_1_79' title='bbox 349 784 450 821; x_wconf 87' lang='lat' dir='ltr'>sandi</span> <span class='ocrx_word' id='word_1_80' title='bbox 469 784 618 821; x_wconf 80' lang='lat' dir='ltr'>ratione</span> <span class='ocrx_word' id='word_1_81' title='bbox 641 784 740 822; x_wconf 85' lang='lat' dir='ltr'>haud</span> <span class='ocrx_word' id='word_1_82' title='bbox 760 797 892 835; x_wconf 79' lang='lat' dir='ltr'>parum</span> <span class='ocrx_word' id='word_1_83' title='bbox 909 784 1107 822; x_wconf 79' lang='lat' dir='ltr'><strong>discedere</strong></span> <span class='ocrx_word' id='word_1_84' title='bbox 1122 786 1336 833; x_wconf 84' lang='lat' dir='ltr'>videantur,</span> <span class='ocrx_word' id='word_1_85' title='bbox 1355 785 1523 836; x_wconf 78' lang='lat' dir='ltr'>disputat</span> <span class='ocrx_word' id='word_1_86' title='bbox 1543 786 1611 823; x_wconf 84' lang='lat' dir='ltr'>Pe-</span> 
     </span>
     <span class='ocr_line' id='line_1_11' title="bbox 139 848 1611 900; baseline -0.001 -13"><span class='ocrx_word' id='word_1_87' title='bbox 139 850 276 896; x_wconf 82' lang='lat' dir='ltr'>tavius,</span> <span class='ocrx_word' id='word_1_88' title='bbox 295 849 342 886; x_wconf 88' lang='lat' dir='ltr'>de</span> <span class='ocrx_word' id='word_1_89' title='bbox 361 849 513 887; x_wconf 84' lang='lat' dir='ltr'>incarn.</span> <span class='ocrx_word' id='word_1_90' title='bbox 538 848 603 884; x_wconf 84' lang='lat' dir='ltr'>lib.</span> <span class='ocrx_word' id='word_1_91' title='bbox 624 848 712 896; x_wconf 83' lang='lat' dir='ltr'>vn,</span> <span class='ocrx_word' id='word_1_92' title='bbox 736 861 823 898; x_wconf 83' lang='lat' dir='ltr'>cap.</span> <span class='ocrx_word' id='word_1_93' title='bbox 842 848 879 895; x_wconf 85' lang='lat'>5,</span> <span class='ocrx_word' id='word_1_94' title='bbox 896 849 916 898; x_wconf 63' lang='grc' dir='ltr'><strong>ἓ</strong></span> <span class='ocrx_word' id='word_1_95' title='bbox 932 849 974 895; x_wconf 81' lang='lat'>5,</span> <span class='ocrx_word' id='word_1_96' title='bbox 995 862 1091 900; x_wconf 61' lang='lat' dir='ltr'>sqq„</span> <span class='ocrx_word' id='word_1_97' title='bbox 1115 850 1400 899; x_wconf 78' lang='lat' dir='ltr'>generationem</span> <span class='ocrx_word' id='word_1_98' title='bbox 1427 849 1543 887; x_wconf 81' lang='lat' dir='ltr'>etiam</span> <span class='ocrx_word' id='word_1_99' title='bbox 1563 848 1611 886; x_wconf 90' lang='lat' dir='ltr'>de</span> 
     </span>
     <span class='ocr_line' id='line_1_12' title="bbox 137 912 1609 964; baseline -0.003 -12"><span class='ocrx_word' id='word_1_100' title='bbox 137 914 404 953; x_wconf 73' lang='lat' dir='ltr'>incarnatione</span> <span class='ocrx_word' id='word_1_101' title='bbox 421 912 494 949; x_wconf 83' lang='lat' dir='ltr'>dici</span> <span class='ocrx_word' id='word_1_102' title='bbox 514 924 637 961; x_wconf 85' lang='lat' dir='ltr'>posse,</span> <span class='ocrx_word' id='word_1_103' title='bbox 655 912 742 950; x_wconf 82' lang='lat' dir='ltr'>ticet</span> <span class='ocrx_word' id='word_1_104' title='bbox 758 912 983 963; x_wconf 79' lang='lat' dir='ltr'><strong>improprie,</strong></span> <span class='ocrx_word' id='word_1_105' title='bbox 1001 926 1068 964; x_wconf 85' lang='lat' dir='ltr'>per</span> <span class='ocrx_word' id='word_1_106' title='bbox 1084 913 1288 964; x_wconf 82' lang='lat' dir='ltr'>quamdam</span> <span class='ocrx_word' id='word_1_107' title='bbox 1302 912 1472 950; x_wconf 87' lang='lat' dir='ltr'>idearum</span> <span class='ocrx_word' id='word_1_108' title='bbox 1490 920 1528 950; x_wconf 88' lang='lat' dir='ltr'>et</span> <span class='ocrx_word' id='word_1_109' title='bbox 1540 923 1609 948; x_wconf 90' lang='lat' dir='ltr'>vo-</span> 
     </span>
     <span class='ocr_line' id='line_1_13' title="bbox 136 976 1610 1027; baseline -0.003 -9"><span class='ocrx_word' id='word_1_110' title='bbox 136 993 244 1025; x_wconf 88' lang='lat' dir='ltr'>cum,</span> <span class='ocrx_word' id='word_1_111' title='bbox 265 987 305 1016; x_wconf 88' lang='lat' dir='ltr'>nt</span> <span class='ocrx_word' id='word_1_112' title='bbox 323 976 535 1015; x_wconf 75' lang='lat' dir='ltr'>scholastici</span> <span class='ocrx_word' id='word_1_113' title='bbox 554 976 680 1022; x_wconf 82' lang='lat' dir='ltr'>aiunt,</span> <span class='ocrx_word' id='word_1_114' title='bbox 697 978 1093 1016; x_wconf 77' lang='lat' dir='ltr'>communicationem.</span> <span class='ocrx_word' id='word_1_115' title='bbox 1115 995 1130 1011; x_wconf 67' lang='grc' dir='ltr'>«ι</span> <span class='ocrx_word' id='word_1_116' title='bbox 1146 979 1209 1016; x_wconf 83' lang='lat' dir='ltr'>Est</span> <span class='ocrx_word' id='word_1_117' title='bbox 1225 978 1340 1023; x_wconf 85' lang='lat' dir='ltr'>enim,</span> <span class='ocrx_word' id='word_1_118' title='bbox 1362 977 1500 1027; x_wconf 81' lang='lat' dir='ltr'>inquit,</span> <span class='ocrx_word' id='word_1_119' title='bbox 1513 990 1610 1014; x_wconf 89' lang='lat' dir='ltr'>sem-</span> 
     </span>
     <span class='ocr_line' id='line_1_14' title="bbox 136 1041 1609 1095; baseline -0.003 -13"><span class='ocrx_word' id='word_1_120' title='bbox 136 1063 151 1077; x_wconf 77' lang='lat'><strong>·</strong></span> <span class='ocrx_word' id='word_1_121' title='bbox 170 1045 318 1095; x_wconf 83' lang='lat' dir='ltr'>piterna</span> <span class='ocrx_word' id='word_1_122' title='bbox 334 1051 371 1081; x_wconf 90' lang='lat' dir='ltr'>et</span> <span class='ocrx_word' id='word_1_123' title='bbox 390 1055 583 1092; x_wconf 88' lang='lat' dir='ltr'>nunquam</span> <span class='ocrx_word' id='word_1_124' title='bbox 604 1042 820 1092; x_wconf 86' lang='lat' dir='ltr'>interrupta</span> <span class='ocrx_word' id='word_1_125' title='bbox 838 1042 951 1079; x_wconf 87' lang='lat' dir='ltr'>Verbi</span> <span class='ocrx_word' id='word_1_126' title='bbox 970 1043 1200 1094; x_wconf 64' lang='lat' dir='ltr'>generatim.</span> <span class='ocrx_word' id='word_1_127' title='bbox 1218 1070 1228 1080; x_wconf 88' lang='lat'>.</span> <span class='ocrx_word' id='word_1_128' title='bbox 1247 1071 1256 1080; x_wconf 92' lang='lat'>.</span> <span class='ocrx_word' id='word_1_129' title='bbox 1282 1050 1318 1080; x_wconf 89' lang='lat' dir='ltr'>et</span> <span class='ocrx_word' id='word_1_130' title='bbox 1337 1041 1408 1079; x_wconf 72' lang='lat' dir='ltr'>ista</span> <span class='ocrx_word' id='word_1_131' title='bbox 1427 1055 1512 1079; x_wconf 79' lang='lat' dir='ltr'>cuni</span> <span class='ocrx_word' id='word_1_132' title='bbox 1532 1049 1609 1079; x_wconf 91' lang='lat' dir='ltr'>tota</span> 
     </span>
     <span class='ocr_line' id='line_1_15' title="bbox 133 1105 1610 1158; baseline 0 -15"><span class='ocrx_word' id='word_1_133' title='bbox 133 1126 149 1143; x_wconf 71' lang='grc' dir='ltr'>ιι</span> <span class='ocrx_word' id='word_1_134' title='bbox 167 1108 282 1146; x_wconf 82' lang='lat' dir='ltr'>Verbi</span> <span class='ocrx_word' id='word_1_135' title='bbox 303 1120 464 1158; x_wconf 86' lang='lat' dir='ltr'>persona</span> <span class='ocrx_word' id='word_1_136' title='bbox 482 1106 797 1144; x_wconf 84' lang='lat' dir='ltr'>communicatur.</span> <span class='ocrx_word' id='word_1_137' title='bbox 818 1107 914 1144; x_wconf 82' lang='lat' dir='ltr'>ilinc</span> <span class='ocrx_word' id='word_1_138' title='bbox 929 1105 976 1144; x_wconf 88' lang='lat' dir='ltr'>de</span> <span class='ocrx_word' id='word_1_139' title='bbox 995 1105 1151 1144; x_wconf 82' lang='lat' dir='ltr'>Christo</span> <span class='ocrx_word' id='word_1_140' title='bbox 1174 1107 1328 1144; x_wconf 88' lang='lat' dir='ltr'>homine</span> <span class='ocrx_word' id='word_1_141' title='bbox 1344 1106 1522 1157; x_wconf 83' lang='lat' dir='ltr'>usurpari</span> <span class='ocrx_word' id='word_1_142' title='bbox 1539 1120 1610 1158; x_wconf 87' lang='lat' dir='ltr'>po-</span> 
     </span>
     <span class='ocr_line' id='line_1_16' title="bbox 133 1171 1607 1222; baseline -0.002 -11"><span class='ocrx_word' id='word_1_143' title='bbox 133 1182 232 1211; x_wconf 81' lang='lat' dir='ltr'>«test</span> <span class='ocrx_word' id='word_1_144' title='bbox 251 1188 259 1211; x_wconf 74' lang='grc' dir='ltr'>ε</span> <span class='ocrx_word' id='word_1_145' title='bbox 280 1173 349 1210; x_wconf 85' lang='lat' dir='ltr'>Hic</span> <span class='ocrx_word' id='word_1_146' title='bbox 364 1172 478 1208; x_wconf 86' lang='lat' dir='ltr'>homo</span> <span class='ocrx_word' id='word_1_147' title='bbox 495 1172 596 1208; x_wconf 84' lang='lat' dir='ltr'>Deus</span> <span class='ocrx_word' id='word_1_148' title='bbox 618 1178 672 1207; x_wconf 82' lang='lat' dir='ltr'>est</span> <span class='ocrx_word' id='word_1_149' title='bbox 689 1179 725 1208; x_wconf 91' lang='lat' dir='ltr'>et</span> <span class='ocrx_word' id='word_1_150' title='bbox 742 1171 812 1209; x_wconf 87' lang='lat' dir='ltr'>Dei</span> <span class='ocrx_word' id='word_1_151' title='bbox 829 1171 944 1209; x_wconf 78' lang='lat' dir='ltr'>Filius</span> <span class='ocrx_word' id='word_1_152' title='bbox 974 1184 1017 1208; x_wconf 88' lang='lat' dir='ltr'>ac</span> <span class='ocrx_word' id='word_1_153' title='bbox 1040 1171 1205 1210; x_wconf 78' lang='lat' dir='ltr'>Verbum</span> <span class='ocrx_word' id='word_1_154' title='bbox 1218 1200 1228 1217; x_wconf 94' lang='lat'>,</span> <span class='ocrx_word' id='word_1_155' title='bbox 1249 1180 1287 1209; x_wconf 90' lang='lat' dir='ltr'>et</span> <span class='ocrx_word' id='word_1_156' title='bbox 1313 1171 1362 1208; x_wconf 80' lang='lat' dir='ltr'>(le</span> <span class='ocrx_word' id='word_1_157' title='bbox 1385 1173 1499 1210; x_wconf 87' lang='lat' dir='ltr'>Patre</span> <span class='ocrx_word' id='word_1_158' title='bbox 1517 1185 1607 1222; x_wconf 84' lang='lat' dir='ltr'>pro·</span> 
     </span>
     <span class='ocr_line' id='line_1_17' title="bbox 131 1234 1608 1287; baseline 0.001 -15"><span class='ocrx_word' id='word_1_159' title='bbox 131 1257 146 1272; x_wconf 60' lang='lat' dir='ltr'>a</span> <span class='ocrx_word' id='word_1_160' title='bbox 163 1238 260 1276; x_wconf 80' lang='lat' dir='ltr'>cedit</span> <span class='ocrx_word' id='word_1_161' title='bbox 281 1250 323 1274; x_wconf 82' lang='lat' dir='ltr'>ac</span> <span class='ocrx_word' id='word_1_162' title='bbox 354 1235 538 1286; x_wconf 75' lang='lat' dir='ltr'>gignitur,</span> <span class='ocrx_word' id='word_1_163' title='bbox 555 1234 668 1282; x_wconf 82' lang='lat' dir='ltr'>Quod</span> <span class='ocrx_word' id='word_1_164' title='bbox 685 1244 919 1285; x_wconf 83' lang='lat' dir='ltr'>postremum</span> <span class='ocrx_word' id='word_1_165' title='bbox 935 1235 1011 1273; x_wconf 90' lang='lat' dir='ltr'>diei</span> <span class='ocrx_word' id='word_1_166' title='bbox 1029 1249 1105 1273; x_wconf 91' lang='lat' dir='ltr'>non</span> <span class='ocrx_word' id='word_1_167' title='bbox 1123 1245 1274 1287; x_wconf 87' lang='lat' dir='ltr'>posset,</span> <span class='ocrx_word' id='word_1_168' title='bbox 1295 1237 1368 1274; x_wconf 83' lang='lat' dir='ltr'>nisi</span> <span class='ocrx_word' id='word_1_169' title='bbox 1386 1245 1423 1274; x_wconf 85' lang='lat' dir='ltr'>et</span> <span class='ocrx_word' id='word_1_170' title='bbox 1445 1249 1608 1287; x_wconf 75' lang='lat' dir='ltr'>genera-</span> 
     </span>
     <span class='ocr_line' id='line_1_18' title="bbox 132 1300 1607 1351; baseline -0.001 -11"><span class='ocrx_word' id='word_1_171' title='bbox 132 1320 147 1336; x_wconf 81' lang='lat'>«</span> <span class='ocrx_word' id='word_1_172' title='bbox 170 1301 306 1351; x_wconf 89' lang='lat' dir='ltr'>tionis,</span> <span class='ocrx_word' id='word_1_173' title='bbox 332 1301 386 1338; x_wconf 91' lang='lat' dir='ltr'>uti</span> <span class='ocrx_word' id='word_1_174' title='bbox 414 1300 698 1351; x_wconf 81' lang='lat' dir='ltr'>proprietatum</span> <span class='ocrx_word' id='word_1_175' title='bbox 727 1308 954 1347; x_wconf 86' lang='lat' dir='ltr'>ceterarum,</span> <span class='ocrx_word' id='word_1_176' title='bbox 976 1300 1084 1338; x_wconf 81' lang='lat' dir='ltr'>fieret</span> <span class='ocrx_word' id='word_1_177' title='bbox 1111 1302 1331 1338; x_wconf 88' lang='lat' dir='ltr'>communio</span> <span class='ocrx_word' id='word_1_178' title='bbox 1351 1319 1379 1342; x_wconf 82' lang='grc' dir='ltr'>ν.</span> <span class='ocrx_word' id='word_1_179' title='bbox 1401 1301 1500 1338; x_wconf 87' lang='lat' dir='ltr'>Satis</span> <span class='ocrx_word' id='word_1_180' title='bbox 1528 1301 1607 1338; x_wconf 84' lang='lat' dir='ltr'>haec</span> 
     </span>
     <span class='ocr_line' id='line_1_19' title="bbox 131 1364 1607 1416; baseline -0.001 -12"><span class='ocrx_word' id='word_1_181' title='bbox 131 1375 329 1416; x_wconf 82' lang='lat' dir='ltr'>contorta3</span> <span class='ocrx_word' id='word_1_182' title='bbox 350 1364 416 1402; x_wconf 74' lang='lat' dir='ltr'>sed</span> <span class='ocrx_word' id='word_1_183' title='bbox 432 1377 513 1402; x_wconf 81' lang='lat' dir='ltr'>eam</span> <span class='ocrx_word' id='word_1_184' title='bbox 536 1372 660 1401; x_wconf 83' lang='lat' dir='ltr'>tamen</span> <span class='ocrx_word' id='word_1_185' title='bbox 680 1364 831 1402; x_wconf 81' lang='lat' dir='ltr'>dicendi</span> <span class='ocrx_word' id='word_1_186' title='bbox 850 1364 1055 1402; x_wconf 82' lang='lat' dir='ltr'>formulam</span> <span class='ocrx_word' id='word_1_187' title='bbox 1071 1365 1187 1416; x_wconf 87' lang='lat' dir='ltr'>vulgo</span> <span class='ocrx_word' id='word_1_188' title='bbox 1205 1366 1241 1403; x_wconf 90' lang='lat' dir='ltr'>in</span> <span class='ocrx_word' id='word_1_189' title='bbox 1267 1379 1387 1416; x_wconf 85' lang='lat' dir='ltr'>graeca</span> <span class='ocrx_word' id='word_1_190' title='bbox 1413 1365 1607 1416; x_wconf 80' lang='lat' dir='ltr'>theologia</span> 
     </span>
     <span class='ocr_line' id='line_1_20' title="bbox 132 1428 1607 1482; baseline -0.002 -12"><span class='ocrx_word' id='word_1_191' title='bbox 132 1432 247 1470; x_wconf 82' lang='lat' dir='ltr'>fuisse</span> <span class='ocrx_word' id='word_1_192' title='bbox 264 1438 457 1481; x_wconf 74' lang='lat' dir='ltr'>receptam</span> <span class='ocrx_word' id='word_1_193' title='bbox 473 1428 639 1466; x_wconf 68' lang='lat' dir='ltr'>ostendit</span> <span class='ocrx_word' id='word_1_194' title='bbox 655 1428 730 1466; x_wconf 91' lang='lat' dir='ltr'>divi</span> <span class='ocrx_word' id='word_1_195' title='bbox 749 1428 881 1479; x_wconf 87' lang='lat' dir='ltr'>Cyrilli</span> <span class='ocrx_word' id='word_1_196' title='bbox 901 1429 1028 1476; x_wconf 90' lang='lat' dir='ltr'>locus,</span> <span class='ocrx_word' id='word_1_197' title='bbox 1045 1429 1133 1469; x_wconf 86' lang='lat' dir='ltr'>adv.</span> <span class='ocrx_word' id='word_1_198' title='bbox 1152 1431 1253 1469; x_wconf 80' lang='lat' dir='ltr'>Nest.</span> <span class='ocrx_word' id='word_1_199' title='bbox 1270 1430 1336 1470; x_wconf 90' lang='lat' dir='ltr'>lib.</span> <span class='ocrx_word' id='word_1_200' title='bbox 1351 1431 1380 1478; x_wconf 85' lang='lat' dir='ltr'>l,</span> <span class='ocrx_word' id='word_1_201' title='bbox 1397 1444 1436 1482; x_wconf 92' lang='lat' dir='ltr'>p.</span> <span class='ocrx_word' id='word_1_202' title='bbox 1460 1443 1522 1477; x_wconf 82' lang='lat'>20,</span> <span class='ocrx_word' id='word_1_203' title='bbox 1536 1443 1607 1482; x_wconf 65' lang='lat' dir='ltr'>sq„</span> 
     </span>
     <span class='ocr_line' id='line_1_21' title="bbox 131 1493 1605 1547; baseline -0.001 -13"><span class='ocrx_word' id='word_1_204' title='bbox 131 1496 213 1540; x_wconf 88' lang='lat' dir='ltr'>ubi,</span> <span class='ocrx_word' id='word_1_205' title='bbox 235 1507 353 1547; x_wconf 86' lang='lat' dir='ltr'>quum</span> <span class='ocrx_word' id='word_1_206' title='bbox 373 1493 569 1533; x_wconf 77' lang='lat' dir='ltr'>Nestorius</span> <span class='ocrx_word' id='word_1_207' title='bbox 598 1494 782 1544; x_wconf 78' lang='lat' dir='ltr'>patamin</span> <span class='ocrx_word' id='word_1_208' title='bbox 809 1495 996 1531; x_wconf 80' lang='lat' dir='ltr'>concione</span> <span class='ocrx_word' id='word_1_209' title='bbox 1025 1495 1225 1546; x_wconf 86' lang='lat' dir='ltr'>disputans</span> <span class='ocrx_word' id='word_1_210' title='bbox 1251 1496 1474 1547; x_wconf 88' lang='lat' dir='ltr'>opinionem</span> <span class='ocrx_word' id='word_1_211' title='bbox 1501 1509 1605 1533; x_wconf 87' lang='lat' dir='ltr'>suam</span> 
     </span>
     <span class='ocr_line' id='line_1_22' title="bbox 127 1557 1603 1612; baseline -0.001 -13"><span class='ocrx_word' id='word_1_212' title='bbox 127 1561 175 1599; x_wconf 83' lang='lat' dir='ltr'>de</span> <span class='ocrx_word' id='word_1_213' title='bbox 192 1559 342 1597; x_wconf 85' lang='lat' dir='ltr'>duabus</span> <span class='ocrx_word' id='word_1_214' title='bbox 367 1559 404 1595; x_wconf 93' lang='lat' dir='ltr'>in</span> <span class='ocrx_word' id='word_1_215' title='bbox 433 1557 586 1595; x_wconf 87' lang='lat' dir='ltr'>Christo</span> <span class='ocrx_word' id='word_1_216' title='bbox 601 1558 749 1595; x_wconf 81' lang='lat' dir='ltr'>naturis</span> <span class='ocrx_word' id='word_1_217' title='bbox 764 1571 910 1596; x_wconf 84' lang='lat' dir='ltr'>summa</span> <span class='ocrx_word' id='word_1_218' title='bbox 926 1560 1172 1597; x_wconf 88' lang='lat' dir='ltr'>contentione</span> <span class='ocrx_word' id='word_1_219' title='bbox 1190 1569 1466 1612; x_wconf 79' lang='lat' dir='ltr'>propugnaret,</span> <span class='ocrx_word' id='word_1_220' title='bbox 1485 1578 1500 1593; x_wconf 77' lang='grc' dir='ltr'>«ι</span> <span class='ocrx_word' id='word_1_221' title='bbox 1514 1561 1603 1611; x_wconf 89' lang='lat' dir='ltr'>qui-</span> 
     </span>
     <span class='ocr_line' id='line_1_23' title="bbox 129 1623 1606 1675; baseline 0.001 -14"><span class='ocrx_word' id='word_1_222' title='bbox 129 1626 246 1663; x_wconf 77' lang='lat' dir='ltr'>«dam</span> <span class='ocrx_word' id='word_1_223' title='bbox 280 1637 301 1661; x_wconf 90' lang='lat' dir='ltr'>e</span> <span class='ocrx_word' id='word_1_224' title='bbox 328 1623 472 1675; x_wconf 86' lang='lat' dir='ltr'>populo</span> <span class='ocrx_word' id='word_1_225' title='bbox 498 1623 558 1660; x_wconf 91' lang='lat' dir='ltr'>vir</span> <span class='ocrx_word' id='word_1_226' title='bbox 588 1624 671 1674; x_wconf 88' lang='lat' dir='ltr'>pius</span> <span class='ocrx_word' id='word_1_227' title='bbox 686 1631 723 1660; x_wconf 90' lang='lat' dir='ltr'>et</span> <span class='ocrx_word' id='word_1_228' title='bbox 750 1624 937 1670; x_wconf 82' lang='lat' dir='ltr'>eruditus,</span> <span class='ocrx_word' id='word_1_229' title='bbox 962 1637 1038 1661; x_wconf 90' lang='lat' dir='ltr'>non</span> <span class='ocrx_word' id='word_1_230' title='bbox 1073 1625 1274 1663; x_wconf 82' lang='lat' dir='ltr'>inediocris</span> <span class='ocrx_word' id='word_1_231' title='bbox 1307 1627 1396 1673; x_wconf 86' lang='lat' dir='ltr'>ille,</span> <span class='ocrx_word' id='word_1_232' title='bbox 1417 1626 1484 1663; x_wconf 81' lang='lat' dir='ltr'>sed</span> <span class='ocrx_word' id='word_1_233' title='bbox 1517 1626 1606 1663; x_wconf 66' lang='lat' dir='ltr'>&gt;atis</span> 
     </span>
     <span class='ocr_line' id='line_1_24' title="bbox 128 1688 1603 1742; baseline 0.005 -19"><span class='ocrx_word' id='word_1_234' title='bbox 128 1708 144 1723; x_wconf 75' lang='grc' dir='ltr'>«ι</span> <span class='ocrx_word' id='word_1_235' title='bbox 159 1688 406 1741; x_wconf 83' lang='lat' dir='ltr'>conspicuus,</span> <span class='ocrx_word' id='word_1_236' title='bbox 428 1689 514 1740; x_wconf 77' lang='grc' dir='ltr'>ἀνὴρ</span> <span class='ocrx_word' id='word_1_237' title='bbox 541 1690 610 1726; x_wconf 83' lang='grc' dir='ltr'>τῶν</span> <span class='ocrx_word' id='word_1_238' title='bbox 630 1688 718 1741; x_wconf 81' lang='grc' dir='ltr'>ἄγαν</span> <span class='ocrx_word' id='word_1_239' title='bbox 747 1690 929 1738; x_wconf 82' lang='grc' dir='ltr'>ἐπιεικῶν,</span> <span class='ocrx_word' id='word_1_240' title='bbox 957 1690 1120 1729; x_wconf 82' lang='lat' dir='ltr'>hominis</span> <span class='ocrx_word' id='word_1_241' title='bbox 1140 1692 1417 1742; x_wconf 85' lang='lat' dir='ltr'>impudentiam</span> <span class='ocrx_word' id='word_1_242' title='bbox 1439 1701 1476 1730; x_wconf 83' lang='lat' dir='ltr'>et</span> <span class='ocrx_word' id='word_1_243' title='bbox 1499 1691 1603 1730; x_wconf 87' lang='lat' dir='ltr'>blas-</span> 
     </span>
     <span class='ocr_line' id='line_1_25' title="bbox 127 1754 1605 1808; baseline 0.003 -19"><span class='ocrx_word' id='word_1_244' title='bbox 127 1754 348 1806; x_wconf 77' lang='lat' dir='ltr'>..phemiam</span> <span class='ocrx_word' id='word_1_245' title='bbox 371 1767 446 1790; x_wconf 90' lang='lat' dir='ltr'>non</span> <span class='ocrx_word' id='word_1_246' title='bbox 479 1755 624 1802; x_wconf 79' lang='lat' dir='ltr'>serens,</span> <span class='ocrx_word' id='word_1_247' title='bbox 648 1767 762 1792; x_wconf 87' lang='lat' dir='ltr'>ausus</span> <span class='ocrx_word' id='word_1_248' title='bbox 779 1762 836 1792; x_wconf 85' lang='lat' dir='ltr'>est</span> <span class='ocrx_word' id='word_1_249' title='bbox 853 1754 1004 1792; x_wconf 87' lang='lat' dir='ltr'>elatiori</span> <span class='ocrx_word' id='word_1_250' title='bbox 1026 1768 1119 1795; x_wconf 87' lang='lat' dir='ltr'>voce</span> <span class='ocrx_word' id='word_1_251' title='bbox 1143 1756 1296 1808; x_wconf 88' lang='lat' dir='ltr'>publice</span> <span class='ocrx_word' id='word_1_252' title='bbox 1319 1757 1425 1795; x_wconf 84' lang='lat' dir='ltr'>illum</span> <span class='ocrx_word' id='word_1_253' title='bbox 1446 1770 1605 1808; x_wconf 89' lang='lat' dir='ltr'>arguere</span> 
     </span>
     <span class='ocr_line' id='line_1_26' title="bbox 128 1818 1605 1871; baseline 0.001 -13"><span class='ocrx_word' id='word_1_254' title='bbox 128 1837 144 1853; x_wconf 65' lang='grc' dir='ltr'>ε</span> <span class='ocrx_word' id='word_1_255' title='bbox 161 1833 205 1858; x_wconf 82' lang='lat' dir='ltr'>ac</span> <span class='ocrx_word' id='word_1_256' title='bbox 220 1819 366 1863; x_wconf 81' lang='lat' dir='ltr'>dicere,</span> <span class='ocrx_word' id='word_1_257' title='bbox 387 1818 552 1856; x_wconf 82' lang='lat' dir='ltr'>Verbum</span> <span class='ocrx_word' id='word_1_258' title='bbox 572 1819 696 1871; x_wconf 88' lang='lat' dir='ltr'>ipsum</span> <span class='ocrx_word' id='word_1_259' title='bbox 713 1819 818 1870; x_wconf 84' lang='lat' dir='ltr'>quod</span> <span class='ocrx_word' id='word_1_260' title='bbox 837 1828 918 1857; x_wconf 87' lang='lat' dir='ltr'>erat</span> <span class='ocrx_word' id='word_1_261' title='bbox 940 1829 1029 1862; x_wconf 84' lang='lat' dir='ltr'>ante</span> <span class='ocrx_word' id='word_1_262' title='bbox 1052 1822 1205 1869; x_wconf 80' lang='lat' dir='ltr'>saecula,</span> <span class='ocrx_word' id='word_1_263' title='bbox 1222 1821 1427 1860; x_wconf 85' lang='lat' dir='ltr'>secundam</span> <span class='ocrx_word' id='word_1_264' title='bbox 1446 1822 1605 1860; x_wconf 87' lang='lat' dir='ltr'>subiisse</span> 
     </span>
     <span class='ocr_line' id='line_1_27' title="bbox 127 1882 1606 1938; baseline 0.001 -16"><span class='ocrx_word' id='word_1_265' title='bbox 127 1903 141 1916; x_wconf 89' lang='lat'>·</span> <span class='ocrx_word' id='word_1_266' title='bbox 156 1885 437 1935; x_wconf 79' lang='lat' dir='ltr'>generationem</span> <span class='ocrx_word' id='word_1_267' title='bbox 449 1882 659 1920; x_wconf 83' lang='lat' dir='ltr'>secundum</span> <span class='ocrx_word' id='word_1_268' title='bbox 675 1896 842 1922; x_wconf 80' lang='lat' dir='ltr'>carnem,</span> <span class='ocrx_word' id='word_1_269' title='bbox 856 1884 943 1930; x_wconf 90' lang='lat' dir='ltr'>Quo</span> <span class='ocrx_word' id='word_1_270' title='bbox 959 1884 1090 1923; x_wconf 87' lang='lat' dir='ltr'>audito</span> <span class='ocrx_word' id='word_1_271' title='bbox 1101 1913 1111 1932; x_wconf 90' lang='lat'>‚</span> <span class='ocrx_word' id='word_1_272' title='bbox 1124 1888 1256 1938; x_wconf 86' lang='lat' dir='ltr'>iugens</span> <span class='ocrx_word' id='word_1_273' title='bbox 1271 1887 1457 1925; x_wconf 88' lang='lat' dir='ltr'>tumultus</span> <span class='ocrx_word' id='word_1_274' title='bbox 1469 1888 1606 1925; x_wconf 78' lang='lat' dir='ltr'>excita·</span> 
     </span>
     <span class='ocr_line' id='line_1_28' title="bbox 127 1947 1603 2001; baseline 0.001 -14"><span class='ocrx_word' id='word_1_275' title='bbox 127 1966 144 1983; x_wconf 69' lang='grc' dir='ltr'>ι</span> <span class='ocrx_word' id='word_1_276' title='bbox 160 1959 219 1987; x_wconf 91' lang='lat' dir='ltr'>tus</span> <span class='ocrx_word' id='word_1_277' title='bbox 235 1957 292 1987; x_wconf 86' lang='lat' dir='ltr'>est</span> <span class='ocrx_word' id='word_1_278' title='bbox 305 1979 316 1995; x_wconf 89' lang='lat'>,</span> <span class='ocrx_word' id='word_1_279' title='bbox 335 1948 417 1986; x_wconf 87' lang='lat' dir='ltr'>aliis</span> <span class='ocrx_word' id='word_1_280' title='bbox 437 1947 706 1995; x_wconf 86' lang='lat' dir='ltr'>laudantibus,</span> <span class='ocrx_word' id='word_1_281' title='bbox 730 1948 814 1986; x_wconf 81' lang='lat' dir='ltr'>aliis</span> <span class='ocrx_word' id='word_1_282' title='bbox 833 1948 1134 2001; x_wconf 83' lang='lat' dir='ltr'>indignantibus.</span> <span class='ocrx_word' id='word_1_283' title='bbox 1156 1952 1354 1990; x_wconf 82' lang='lat' dir='ltr'>Nestorius</span> <span class='ocrx_word' id='word_1_284' title='bbox 1367 1965 1460 1989; x_wconf 91' lang='lat' dir='ltr'>vero</span> <span class='ocrx_word' id='word_1_285' title='bbox 1479 1952 1603 1989; x_wconf 86' lang='lat' dir='ltr'>statim</span> 
     </span>
     <span class='ocr_line' id='line_1_29' title="bbox 123 2013 1604 2068; baseline 0.003 -19"><span class='ocrx_word' id='word_1_286' title='bbox 123 2015 190 2053; x_wconf 77' lang='lat' dir='ltr'>«in</span> <span class='ocrx_word' id='word_1_287' title='bbox 211 2015 315 2052; x_wconf 75' lang='lat' dir='ltr'>illurn</span> <span class='ocrx_word' id='word_1_288' title='bbox 336 2015 524 2061; x_wconf 88' lang='lat' dir='ltr'>invectus,</span> <span class='ocrx_word' id='word_1_289' title='bbox 539 2015 585 2050; x_wconf 83' lang='lat' dir='ltr'>ita</span> <span class='ocrx_word' id='word_1_290' title='bbox 600 2013 746 2052; x_wconf 89' lang='lat' dir='ltr'>dictum</span> <span class='ocrx_word' id='word_1_291' title='bbox 765 2014 847 2062; x_wconf 88' lang='lat' dir='ltr'>ejus</span> <span class='ocrx_word' id='word_1_292' title='bbox 861 2015 1078 2066; x_wconf 86' lang='lat' dir='ltr'>redarguit:</span> <span class='ocrx_word' id='word_1_293' title='bbox 1095 2016 1269 2062; x_wconf 88' lang='lat' dir='ltr'>Quorum</span> <span class='ocrx_word' id='word_1_294' title='bbox 1290 2016 1376 2054; x_wconf 84' lang='lat' dir='ltr'>duae</span> <span class='ocrx_word' id='word_1_295' title='bbox 1390 2025 1479 2055; x_wconf 87' lang='lat' dir='ltr'>sunt</span> <span class='ocrx_word' id='word_1_296' title='bbox 1494 2030 1604 2068; x_wconf 89' lang='lat' dir='ltr'>gene·</span> 
     </span>
     <span class='ocr_line' id='line_1_30' title="bbox 128 2080 1604 2128; baseline 0 -9"><span class='ocrx_word' id='word_1_297' title='bbox 128 2099 143 2114; x_wconf 73' lang='grc' dir='ltr'><strong><em>κ</em></strong></span> <span class='ocrx_word' id='word_1_298' title='bbox 165 2083 351 2126; x_wconf 86' lang='lat' dir='ltr'>rationes,</span> <span class='ocrx_word' id='word_1_299' title='bbox 371 2093 503 2117; x_wconf 90' lang='lat' dir='ltr'>eorum</span> <span class='ocrx_word' id='word_1_300' title='bbox 523 2093 678 2117; x_wconf 84' lang='lat' dir='ltr'>necesse</span> <span class='ocrx_word' id='word_1_301' title='bbox 692 2088 748 2118; x_wconf 89' lang='lat' dir='ltr'>est</span> <span class='ocrx_word' id='word_1_302' title='bbox 768 2080 865 2118; x_wconf 88' lang='lat' dir='ltr'>duos</span> <span class='ocrx_word' id='word_1_303' title='bbox 886 2094 966 2118; x_wconf 75' lang='lat' dir='ltr'>esse</span> <span class='ocrx_word' id='word_1_304' title='bbox 987 2080 1104 2128; x_wconf 81' lang='lat' dir='ltr'>fili053</span> <span class='ocrx_word' id='word_1_305' title='bbox 1125 2090 1164 2119; x_wconf 91' lang='lat' dir='ltr'>at</span> <span class='ocrx_word' id='word_1_306' title='bbox 1183 2083 1351 2121; x_wconf 81' lang='lat' dir='ltr'>Ecclesia</span> <span class='ocrx_word' id='word_1_307' title='bbox 1366 2096 1482 2120; x_wconf 87' lang='lat' dir='ltr'>unum</span> <span class='ocrx_word' id='word_1_308' title='bbox 1498 2082 1604 2120; x_wconf 90' lang='lat' dir='ltr'>novit</span> 
     </span>
     <span class='ocr_line' id='line_1_31' title="bbox 128 2145 1603 2198; baseline 0 -14"><span class='ocrx_word' id='word_1_309' title='bbox 128 2164 144 2180; x_wconf 75' lang='grc' dir='ltr'>ι</span> <span class='ocrx_word' id='word_1_310' title='bbox 162 2146 295 2184; x_wconf 78' lang='lat' dir='ltr'>Filium</span> <span class='ocrx_word' id='word_1_311' title='bbox 316 2145 524 2183; x_wconf 86' lang='lat' dir='ltr'>Dominum</span> <span class='ocrx_word' id='word_1_312' title='bbox 553 2145 684 2183; x_wconf 72' lang='lat' dir='ltr'>,lesum</span> <span class='ocrx_word' id='word_1_313' title='bbox 709 2162 735 2182; x_wconf 71' lang='grc' dir='ltr'>υ.</span> <span class='ocrx_word' id='word_1_314' title='bbox 761 2146 847 2184; x_wconf 76' lang='lat' dir='ltr'>Haec</span> <span class='ocrx_word' id='word_1_315' title='bbox 869 2146 1059 2196; x_wconf 83' lang='lat' dir='ltr'>Cyrillus,</span> <span class='ocrx_word' id='word_1_316' title='bbox 1087 2160 1156 2184; x_wconf 89' lang='lat' dir='ltr'>nec</span> <span class='ocrx_word' id='word_1_317' title='bbox 1172 2147 1377 2198; x_wconf 88' lang='lat' dir='ltr'>quicquam</span> <span class='ocrx_word' id='word_1_318' title='bbox 1397 2147 1505 2185; x_wconf 84' lang='lat' dir='ltr'>addit</span> <span class='ocrx_word' id='word_1_319' title='bbox 1526 2160 1603 2197; x_wconf 91' lang='lat' dir='ltr'>qno</span> 
     </span>
     <span class='ocr_line' id='line_1_32' title="bbox 126 2210 1601 2262; baseline 0.001 -12"><span class='ocrx_word' id='word_1_320' title='bbox 126 2213 315 2250; x_wconf 80' lang='lat' dir='ltr'>incussam</span> <span class='ocrx_word' id='word_1_321' title='bbox 338 2210 516 2248; x_wconf 85' lang='lat' dir='ltr'>Nestorio</span> <span class='ocrx_word' id='word_1_322' title='bbox 532 2210 789 2261; x_wconf 83' lang='lat' dir='ltr'>objectionem</span> <span class='ocrx_word' id='word_1_323' title='bbox 825 2212 948 2249; x_wconf 69' lang='lat' dir='ltr'>:ninus</span> <span class='ocrx_word' id='word_1_324' title='bbox 972 2212 1140 2262; x_wconf 84' lang='lat' dir='ltr'>probare</span> <span class='ocrx_word' id='word_1_325' title='bbox 1171 2212 1361 2251; x_wconf 85' lang='lat' dir='ltr'>videatur.</span> <span class='ocrx_word' id='word_1_326' title='bbox 1387 2214 1468 2252; x_wconf 78' lang='lat' dir='ltr'>imo</span> <span class='ocrx_word' id='word_1_327' title='bbox 1498 2226 1601 2251; x_wconf 83' lang='lat' dir='ltr'>suam</span> 
     </span>
     <span class='ocr_line' id='line_1_33' title="bbox 128 2275 1603 2330; baseline 0 -15"><span class='ocrx_word' id='word_1_328' title='bbox 128 2278 209 2329; x_wconf 88' lang='lat' dir='ltr'>ipsc</span> <span class='ocrx_word' id='word_1_329' title='bbox 227 2276 274 2314; x_wconf 90' lang='lat' dir='ltr'>de</span> <span class='ocrx_word' id='word_1_330' title='bbox 302 2289 344 2314; x_wconf 89' lang='lat' dir='ltr'>ea</span> <span class='ocrx_word' id='word_1_331' title='bbox 371 2290 410 2313; x_wconf 87' lang='lat' dir='ltr'>re</span> <span class='ocrx_word' id='word_1_332' title='bbox 428 2276 650 2313; x_wconf 86' lang='lat' dir='ltr'>sententiam</span> <span class='ocrx_word' id='word_1_333' title='bbox 677 2276 730 2314; x_wconf 83' lang='lat' dir='ltr'>sic</span> <span class='ocrx_word' id='word_1_334' title='bbox 760 2277 966 2327; x_wconf 80' lang='lat' dir='ltr'>profitetur</span> <span class='ocrx_word' id='word_1_335' title='bbox 992 2291 1000 2314; x_wconf 76' lang='grc' dir='ltr'>ε</span> <span class='ocrx_word' id='word_1_336' title='bbox 1028 2275 1097 2315; x_wconf 80' lang='grc' dir='ltr'>Δύο</span> <span class='ocrx_word' id='word_1_337' title='bbox 1116 2276 1228 2330; x_wconf 78' lang='grc' dir='ltr'>φαμὲν</span> <span class='ocrx_word' id='word_1_338' title='bbox 1248 2277 1406 2327; x_wconf 81' lang='grc' dir='ltr'>γενέσθαι</span> <span class='ocrx_word' id='word_1_339' title='bbox 1433 2278 1495 2322; x_wconf 83' lang='grc' dir='ltr'>τὰς</span> <span class='ocrx_word' id='word_1_340' title='bbox 1519 2279 1603 2315; x_wconf 83' lang='grc' dir='ltr'>ἀπο-</span> 
     </span>
     <span class='ocr_line' id='line_1_34' title="bbox 129 2339 1601 2394; baseline -0.001 -14"><span class='ocrx_word' id='word_1_341' title='bbox 129 2341 246 2388; x_wconf 77' lang='grc' dir='ltr'>τέξεις,</span> <span class='ocrx_word' id='word_1_342' title='bbox 262 2339 322 2377; x_wconf 78' lang='grc' dir='ltr'>ἕνα</span> <span class='ocrx_word' id='word_1_343' title='bbox 339 2339 374 2377; x_wconf 78' lang='grc' dir='ltr'>δὲ</span> <span class='ocrx_word' id='word_1_344' title='bbox 392 2339 448 2377; x_wconf 81' lang='grc' dir='ltr'>τὸν</span> <span class='ocrx_word' id='word_1_345' title='bbox 469 2339 513 2378; x_wconf 82' lang='grc' dir='ltr'>δι’</span> <span class='ocrx_word' id='word_1_346' title='bbox 532 2341 659 2392; x_wconf 71' lang='grc' dir='ltr'>ἀμφοῖν</span> <span class='ocrx_word' id='word_1_347' title='bbox 677 2341 765 2378; x_wconf 78' lang='grc' dir='ltr'>υἱόν·</span> <span class='ocrx_word' id='word_1_348' title='bbox 791 2340 888 2379; x_wconf 84' lang='grc' dir='ltr'>οὔπω</span> <span class='ocrx_word' id='word_1_349' title='bbox 913 2341 975 2392; x_wconf 83' lang='grc' dir='ltr'>μὲν</span> <span class='ocrx_word' id='word_1_350' title='bbox 1001 2342 1035 2379; x_wconf 86' lang='grc' dir='ltr'>ἐν</span> <span class='ocrx_word' id='word_1_351' title='bbox 1055 2342 1161 2394; x_wconf 78' lang='grc' dir='ltr'>σαρκὶ</span> <span class='ocrx_word' id='word_1_352' title='bbox 1179 2341 1343 2392; x_wconf 76' lang='grc' dir='ltr'>γεγονότα</span> <span class='ocrx_word' id='word_1_353' title='bbox 1363 2341 1420 2380; x_wconf 84' lang='grc' dir='ltr'>τὸν</span> <span class='ocrx_word' id='word_1_354' title='bbox 1449 2343 1489 2380; x_wconf 75' lang='grc' dir='ltr'>ἐκ</span> <span class='ocrx_word' id='word_1_355' title='bbox 1511 2343 1601 2381; x_wconf 78' lang='grc' dir='ltr'>Θεοῦ</span> 
     </span>
     <span class='ocr_line' id='line_1_35' title="bbox 132 2403 1602 2458; baseline 0.001 -15"><span class='ocrx_word' id='word_1_356' title='bbox 132 2407 242 2455; x_wconf 83' lang='grc' dir='ltr'>Λόγον</span> <span class='ocrx_word' id='word_1_357' title='bbox 255 2419 262 2427; x_wconf 95' lang='grc'>·</span> <span class='ocrx_word' id='word_1_358' title='bbox 281 2406 339 2442; x_wconf 74' lang='grc' dir='ltr'>τὸν</span> <span class='ocrx_word' id='word_1_359' title='bbox 361 2403 464 2441; x_wconf 63' lang='grc' dir='ltr'>αὐτὸν</span> <span class='ocrx_word' id='word_1_360' title='bbox 484 2403 521 2441; x_wconf 81' lang='grc' dir='ltr'>δὲ</span> <span class='ocrx_word' id='word_1_361' title='bbox 538 2403 626 2455; x_wconf 78' lang='grc' dir='ltr'>μετὰ</span> <span class='ocrx_word' id='word_1_362' title='bbox 642 2408 743 2442; x_wconf 80' lang='grc' dir='ltr'>τοῦτο</span> <span class='ocrx_word' id='word_1_363' title='bbox 758 2406 816 2443; x_wconf 79' lang='grc' dir='ltr'>καὶ</span> <span class='ocrx_word' id='word_1_364' title='bbox 836 2404 1101 2457; x_wconf 78' lang='grc' dir='ltr'>σεσαρκωμένον</span> <span class='ocrx_word' id='word_1_365' title='bbox 1119 2406 1161 2443; x_wconf 81' lang='grc' dir='ltr'>δι’</span> <span class='ocrx_word' id='word_1_366' title='bbox 1175 2408 1284 2456; x_wconf 70' lang='grc' dir='ltr'>ἡμᾶς,</span> <span class='ocrx_word' id='word_1_367' title='bbox 1301 2405 1366 2452; x_wconf 77' lang='grc' dir='ltr'>τὴν</span> <span class='ocrx_word' id='word_1_368' title='bbox 1387 2408 1426 2444; x_wconf 80' lang='grc' dir='ltr'>ἐκ</span> <span class='ocrx_word' id='word_1_369' title='bbox 1443 2407 1602 2458; x_wconf 75' lang='grc' dir='ltr'>γυναικὸς</span> 
     </span>
     <span class='ocr_line' id='line_1_36' title="bbox 131 2469 1600 2522; baseline 0 -14"><span class='ocrx_word' id='word_1_370' title='bbox 131 2469 325 2509; x_wconf 69' lang='grc' dir='ltr'>ἁνατλάντα</span> <span class='ocrx_word' id='word_1_371' title='bbox 344 2470 502 2520; x_wconf 70' lang='grc' dir='ltr'>γέννησιν</span> <span class='ocrx_word' id='word_1_372' title='bbox 523 2470 612 2507; x_wconf 75' lang='grc' dir='ltr'>κατὰ</span> <span class='ocrx_word' id='word_1_373' title='bbox 641 2470 770 2522; x_wconf 77' lang='grc' dir='ltr'>σάρκα.</span> <span class='ocrx_word' id='word_1_374' title='bbox 793 2470 865 2510; x_wconf 85' lang='lat' dir='ltr'>Ubi</span> <span class='ocrx_word' id='word_1_375' title='bbox 884 2471 1062 2522; x_wconf 84' lang='lat' dir='ltr'>quamvis</span> <span class='ocrx_word' id='word_1_376' title='bbox 1085 2470 1144 2509; x_wconf 79' lang='grc' dir='ltr'>δύο</span> <span class='ocrx_word' id='word_1_377' title='bbox 1174 2471 1348 2515; x_wconf 73' lang='grc' dir='ltr'>ἀποτέξεις</span> <span class='ocrx_word' id='word_1_378' title='bbox 1379 2472 1503 2520; x_wconf 82' lang='lat' dir='ltr'>dicat,</span> <span class='ocrx_word' id='word_1_379' title='bbox 1526 2486 1600 2509; x_wconf 89' lang='lat' dir='ltr'>uon</span> 
     </span>
     <span class='ocr_line' id='line_1_37' title="bbox 131 2533 1600 2587; baseline 0 -14"><span class='ocrx_word' id='word_1_380' title='bbox 131 2535 192 2573; x_wconf 81' lang='grc' dir='ltr'>δύο</span> <span class='ocrx_word' id='word_1_381' title='bbox 213 2533 396 2585; x_wconf 75' lang='grc' dir='ltr'>γεννήσεις,</span> <span class='ocrx_word' id='word_1_382' title='bbox 428 2535 507 2584; x_wconf 76' lang='lat' dir='ltr'>ipse</span> <span class='ocrx_word' id='word_1_383' title='bbox 538 2543 661 2573; x_wconf 79' lang='lat' dir='ltr'>tamen</span> <span class='ocrx_word' id='word_1_384' title='bbox 692 2535 837 2586; x_wconf 85' lang='lat' dir='ltr'>duplici</span> <span class='ocrx_word' id='word_1_385' title='bbox 865 2537 1102 2587; x_wconf 80' lang='lat' dir='ltr'>generationi</span> <span class='ocrx_word' id='word_1_386' title='bbox 1134 2536 1270 2574; x_wconf 81' lang='lat' dir='ltr'>tacitus·</span> <span class='ocrx_word' id='word_1_387' title='bbox 1295 2538 1461 2575; x_wconf 78' lang='lat' dir='ltr'>assentit.</span> <span class='ocrx_word' id='word_1_388' title='bbox 1489 2537 1600 2583; x_wconf 84' lang='lat' dir='ltr'>Quod</span> 
     </span>
     <span class='ocr_line' id='line_1_38' title="bbox 131 2599 1599 2652; baseline 0 -15"><span class='ocrx_word' id='word_1_389' title='bbox 131 2601 285 2652; x_wconf 85' lang='lat' dir='ltr'>quidem</span> <span class='ocrx_word' id='word_1_390' title='bbox 311 2599 418 2636; x_wconf 71' lang='lat' dir='ltr'>facile</span> <span class='ocrx_word' id='word_1_391' title='bbox 437 2600 578 2637; x_wconf 71' lang='lat' dir='ltr'>Graecis</span> <span class='ocrx_word' id='word_1_392' title='bbox 606 2602 813 2650; x_wconf 66' lang='lat' dir='ltr'>praesertim</span> <span class='ocrx_word' id='word_1_393' title='bbox 834 2600 994 2639; x_wconf 85' lang='lat' dir='ltr'>concedi</span> <span class='ocrx_word' id='word_1_394' title='bbox 1016 2609 1160 2652; x_wconf 89' lang='lat' dir='ltr'>potest,</span> <span class='ocrx_word' id='word_1_395' title='bbox 1189 2601 1292 2652; x_wconf 84' lang='lat' dir='ltr'>apud</span> <span class='ocrx_word' id='word_1_396' title='bbox 1324 2614 1421 2652; x_wconf 84' lang='lat' dir='ltr'>quos</span> <span class='ocrx_word' id='word_1_397' title='bbox 1444 2602 1599 2639; x_wconf 84' lang='lat' dir='ltr'>verbum</span> 
     </span>
     <span class='ocr_line' id='line_1_39' title="bbox 129 2666 1602 2719; baseline 0 -14"><span class='ocrx_word' id='word_1_398' title='bbox 129 2669 314 2719; x_wconf 75' lang='grc' dir='ltr'>γεννᾶσθαι</span> <span class='ocrx_word' id='word_1_399' title='bbox 335 2666 487 2715; x_wconf 81' lang='lat' dir='ltr'>ancipiti</span> <span class='ocrx_word' id='word_1_400' title='bbox 507 2679 618 2704; x_wconf 76' lang='lat' dir='ltr'>sensu</span> <span class='ocrx_word' id='word_1_401' title='bbox 637 2666 683 2704; x_wconf 91' lang='lat' dir='ltr'>de</span> <span class='ocrx_word' id='word_1_402' title='bbox 697 2668 939 2717; x_wconf 81' lang='lat' dir='ltr'>generatione</span> <span class='ocrx_word' id='word_1_403' title='bbox 956 2681 1000 2705; x_wconf 88' lang='lat' dir='ltr'>ac</span> <span class='ocrx_word' id='word_1_404' title='bbox 1026 2667 1074 2704; x_wconf 91' lang='lat' dir='ltr'>de</span> <span class='ocrx_word' id='word_1_405' title='bbox 1092 2668 1290 2706; x_wconf 84' lang='lat' dir='ltr'>nativitate</span> <span class='ocrx_word' id='word_1_406' title='bbox 1306 2669 1483 2715; x_wconf 86' lang='lat' dir='ltr'>sumitur,</span> <span class='ocrx_word' id='word_1_407' title='bbox 1503 2668 1602 2706; x_wconf 86' lang='lat' dir='ltr'>unde</span> 
     </span>
     <span class='ocr_line' id='line_1_40' title="bbox 131 2729 1598 2785; baseline -0.001 -15"><span class='ocrx_word' id='word_1_408' title='bbox 131 2733 270 2783; x_wconf 71' lang='lat' dir='ltr'>saepius</span> <span class='ocrx_word' id='word_1_409' title='bbox 290 2730 446 2782; x_wconf 81' lang='grc' dir='ltr'>γέννησις</span> <span class='ocrx_word' id='word_1_410' title='bbox 458 2744 572 2780; x_wconf 84' lang='lat' dir='ltr'>quam</span> <span class='ocrx_word' id='word_1_411' title='bbox 587 2729 719 2781; x_wconf 77' lang='grc' dir='ltr'>γένεσις</span> <span class='ocrx_word' id='word_1_412' title='bbox 736 2731 877 2770; x_wconf 76' lang='lat' dir='ltr'>Christi</span> <span class='ocrx_word' id='word_1_413' title='bbox 899 2732 1088 2770; x_wconf 79' lang='lat' dir='ltr'>nascentis</span> <span class='ocrx_word' id='word_1_414' title='bbox 1105 2732 1262 2772; x_wconf 78' lang='lat' dir='ltr'>dicitur.</span> <span class='ocrx_word' id='word_1_415' title='bbox 1283 2734 1331 2772; x_wconf 82' lang='lat' dir='ltr'>Et</span> <span class='ocrx_word' id='word_1_416' title='bbox 1354 2733 1455 2772; x_wconf 84' lang='lat' dir='ltr'>favet</span> <span class='ocrx_word' id='word_1_417' title='bbox 1478 2734 1598 2785; x_wconf 84' lang='lat' dir='ltr'>ipsum</span> 
     </span>
     <span class='ocr_line' id='line_1_41' title="bbox 128 2792 1598 2848; baseline -0.001 -13"><span class='ocrx_word' id='word_1_418' title='bbox 128 2797 207 2835; x_wconf 78' lang='lat' dir='ltr'>divi</span> <span class='ocrx_word' id='word_1_419' title='bbox 229 2796 396 2835; x_wconf 68' lang='lat' dir='ltr'>Matthaei</span> <span class='ocrx_word' id='word_1_420' title='bbox 417 2795 671 2846; x_wconf 74' lang='lat' dir='ltr'>evangelium,</span> <span class='ocrx_word' id='word_1_421' title='bbox 690 2810 776 2847; x_wconf 75' lang='lat' dir='ltr'>cap.</span> <span class='ocrx_word' id='word_1_422' title='bbox 807 2810 838 2841; x_wconf 87' lang='grc' dir='ltr'>ι,</span> <span class='ocrx_word' id='word_1_423' title='bbox 856 2811 888 2835; x_wconf 81' lang='lat' dir='ltr'>v.</span> <span class='ocrx_word' id='word_1_424' title='bbox 913 2798 955 2833; x_wconf 75' lang='lat'>16</span> <span class='ocrx_word' id='word_1_425' title='bbox 978 2795 1063 2840; x_wconf 74' lang='grc' dir='ltr'>εἘΞ</span> <span class='ocrx_word' id='word_1_426' title='bbox 1078 2792 1118 2844; x_wconf 71' lang='grc' dir='ltr'>ἧς</span> <span class='ocrx_word' id='word_1_427' title='bbox 1132 2799 1296 2848; x_wconf 62' lang='grc' dir='ltr'>ἐγεννήθη</span> <span class='ocrx_word' id='word_1_428' title='bbox 1319 2798 1475 2845; x_wconf 78' lang='grc' dir='ltr'>Ἰησοῦς,</span> <span class='ocrx_word' id='word_1_429' title='bbox 1495 2797 1598 2848; x_wconf 87' lang='lat' dir='ltr'>quod</span> 
     </span>
     <span class='ocr_line' id='line_1_42' title="bbox 126 2859 1599 2912; baseline -0.001 -13"><span class='ocrx_word' id='word_1_430' title='bbox 126 2861 315 2912; x_wconf 82' lang='lat' dir='ltr'>interpres</span> <span class='ocrx_word' id='word_1_431' title='bbox 334 2859 473 2897; x_wconf 87' lang='lat' dir='ltr'>latinus</span> <span class='ocrx_word' id='word_1_432' title='bbox 487 2859 631 2910; x_wconf 80' lang='lat' dir='ltr'>optimc</span> <span class='ocrx_word' id='word_1_433' title='bbox 648 2861 759 2898; x_wconf 85' lang='lat' dir='ltr'>vertit</span> <span class='ocrx_word' id='word_1_434' title='bbox 776 2878 782 2897; x_wconf 95' lang='lat'>.·</span> <span class='ocrx_word' id='word_1_435' title='bbox 800 2878 814 2893; x_wconf 76' lang='lat' dir='ltr'><em>u</em></span> <span class='ocrx_word' id='word_1_436' title='bbox 829 2861 875 2898; x_wconf 79' lang='lat' dir='ltr'>de</span> <span class='ocrx_word' id='word_1_437' title='bbox 894 2875 970 2912; x_wconf 85' lang='lat' dir='ltr'>qua</span> <span class='ocrx_word' id='word_1_438' title='bbox 988 2871 1098 2899; x_wconf 77' lang='lat' dir='ltr'>natus</span> <span class='ocrx_word' id='word_1_439' title='bbox 1113 2871 1168 2900; x_wconf 83' lang='lat' dir='ltr'>est</span> <span class='ocrx_word' id='word_1_440' title='bbox 1184 2864 1295 2901; x_wconf 77' lang='lat' dir='ltr'>Jesus</span> <span class='ocrx_word' id='word_1_441' title='bbox 1312 2881 1346 2910; x_wconf 77' lang='grc' dir='ltr'>ν,</span> <span class='ocrx_word' id='word_1_442' title='bbox 1367 2866 1465 2902; x_wconf 91' lang='lat' dir='ltr'>sicut</span> <span class='ocrx_word' id='word_1_443' title='bbox 1486 2863 1599 2908; x_wconf 80' lang='lat' dir='ltr'>infra,</span> 
     </span>
    </p>
   </div>
  </div>
 </body>
</html>
