1752 3495
156 167 216 210 48
537 165 614 208 ΑΙ)
647 163 982 210 SlBYLLlNOS
1016 163 1226 208 LIBROS

154 270 262 301 sonet
288 260 389 312 quod
419 259 520 311 apud
540 260 787 306 Strabonem,
817 258 881 298 lib.
902 261 994 310 Vll,
1019 275 1056 312 p.
1076 261 1172 310 329,
1204 264 1342 312 γραῖαι,
1359 273 1436 311 quo
1455 262 1609 300 nomine

152 325 324 376 designat
355 324 418 362 ille
448 323 632 362 Dodonaei
665 323 809 362 oraculi
843 323 1055 372 ministras,
1090 324 1184 362 duas
1204 324 1316 371 olim,
1347 332 1479 374 postea
1506 333 1605 372 tres,

151 398 260 427 aetate
284 401 436 440 semper
449 388 694 426 venerabiles.

203 453 386 492 Phaenno
412 465 477 490 seu
505 452 696 491 Phaennis
715 449 908 500 Epirotica
933 451 1091 503 propius
1112 452 1158 490 ad
1187 451 1338 503 Sibyllae
1360 452 1524 503 speciem
1541 467 1606 491 ac-

150 517 273 565 cedit,
294 529 406 568 quam
423 517 534 554 etiam
563 516 685 566 palam
713 513 909 564 conjungit
936 529 1021 553 curn
1044 516 1189 566 Sibylla
1210 517 1383 563 Tzetzes,
1408 517 1498 554 chit.
1524 518 1609 564 vn,

149 582 235 621 hist.
260 583 345 629 143,
367 590 404 620 et
421 582 485 628 lx,
506 582 594 620 hist.
615 580 708 627 2883
729 592 814 616 cum
833 578 978 630 Sibylla
995 589 1119 618 autem
1137 590 1174 618 et
1190 581 1344 633 Orpheo
1363 589 1400 618 et
1421 582 1606 630 Homero,

98 661 105 668 ·
148 645 237 685 chil.
269 645 320 694 X,
349 646 436 684 hist.
458 646 546 682 302.
580 643 689 684 Unde
707 644 870 694 primum
888 652 997 695 putes
1020 658 1192 695 magnam
1215 645 1328 683 fuisse
1345 645 1425 696 ejus
1440 645 1610 695 antiqui-

149 718 284 756 tatem,
318 710 421 760 quod
450 717 581 747 eontra
600 716 655 745 est
674 721 684 745 τ
706 721 792 744 nam
815 708 1038 755 Pausanias,
1069 709 1186 748 Phoc.
1207 721 1293 759 cap.
1322 722 1379 756 12,
1404 722 1504 759 saepe
1527 709 1608 758 eit.,

147 773 404 812 Phaennidem
418 773 491 824 (sic
507 772 608 809 illam
622 772 753 822 vocat)
774 771 910 809 vixisse
930 771 1250 808 docetAntiocho'
1263 773 1396 811 Sotere
1412 781 1610 823 regnante,

147 847 235 889 post
264 837 445 876 Demetrii
472 836 731 885 captivitatem
752 847 762 874 t
783 834 966 886 Ἀντιόχου
993 833 1059 887 γὰρ
1083 834 1169 885 μετὰ
1187 834 1227 872 τὸ
1251 836 1382 872 ἁλῶναι
1409 835 1612 888 Δημήτριον

146 902 269 940 αὐτίκα
288 903 334 944 εἰς
359 899 421 947 τὴν
442 899 552 952 ἀρχὴν
582 899 835 951 καθισταμένου
854 898 971 949 γέγονε
999 898 1167 947 Φαεννίς,
1197 899 1235 936 id
1255 908 1331 947 est,
1350 900 1450 937 circa
1469 913 1607 938 annum

145 976 233 1004 ante
253 965 442 1004 Christum
461 965 557 1011 280,
574 976 677 1010 non,
699 971 741 1001 ut
763 963 860 1000 idem
885 963 1018 1000 asserit
1038 964 1152 1014 paulo
1178 963 1298 1013 infra,
1324 977 1407 1014 cap.
1433 966 1501 1013 15,
1537 978 1610 1002 una

145 1031 390 1082 generatione
408 1040 494 1068 ante
504 1030 697 1068 Gallorum
717 1031 754 1067 in
771 1030 895 1067 Asiam
914 1031 1124 1081 trajectum,
1141 1030 1206 1081 qui
1227 1030 1410 1068 decennio
1422 1039 1506 1081 post
1523 1044 1609 1068 eve-

144 1096 216 1142 nit,
241 1108 341 1133 anno
363 1107 452 1142 270.
483 1094 560 1132 Nec
576 1094 750 1131 dissentit
770 1094 943 1131 Zosimus
961 1123 970 1140 ,
993 1094 1152 1132 Phaello
1178 1102 1301 1131 tamen
1328 1094 1434 1132 istam
1452 1108 1606 1142 vocans,

144 1159 209 1197 lib.
230 1161 276 1207 ll,
293 1164 311 1206 5
327 1161 390 1206 36,
412 1158 478 1196 ubi
497 1159 549 1195 ait
567 1159 749 1196 confisum
769 1159 850 1209 ejus
868 1159 1018 1196 feminae
1035 1160 1191 1197 oraculo
1210 1160 1452 1198 Nicomedem
1473 1160 1609 1198 adver-

142 1239 204 1263 sus
238 1224 408 1262 Prusiam
440 1232 586 1274 patrem
608 1235 712 1260 arma
744 1223 905 1261 movisse
941 1223 998 1277 (id
1026 1224 1166 1261 factum
1199 1224 1299 1262 cirea
1320 1239 1460 1262 annum
1487 1225 1607 1275 149)²

141 1301 264 1339 neque
284 1289 384 1326 enini
408 1287 549 1325 recenti
576 1300 666 1331 nec,
692 1295 733 1324 ut
759 1287 934 1338 putabat,
967 1287 1024 1325 sui
1056 1288 1302 1326 causa.edito
1323 1290 1479 1327 oraculo
1501 1290 1611 1328 dece-

142 1362 228 1404 ptus
255 1362 311 1391 est
342 1351 591 1396 Nicomedes3
619 1351 683 1389 sed
713 1365 796 1402 quae
828 1351 876 1389 de
904 1351 1129 1401 Lysimacho
1161 1352 1337 1391 Thraciae
1356 1366 1443 1403 rege
1468 1355 1610 1405 scripta

143 1417 310 1465 suci-ant,
331 1416 378 1454 ad
398 1415 571 1455 Prusiam
598 1424 745 1466 patrem
764 1429 872 1453 suum
890 1424 1062 1467 spectare
1087 1416 1180 1454 salso
1197 1415 1404 1454 arbitratus
1420 1425 1492 1464 est,
1512 1419 1610 1456 sicut

143 1482 261 1518 multo
284 1489 370 1531 post
388 1481 468 1531 ipse
484 1480 680 1527 Zosimus,
705 1479 853 1517 diverso
875 1493 1032 1530 prorsus
1049 1494 1194 1527 errore,
1224 1481 1323 1518 idem
1353 1481 1448 1518 illud
1467 1482 1606 1519 vatici-

141 1545 247 1582 nium
265 1545 313 1582 ad
335 1543 575 1583 Constantini
596 1552 769 1594 tempora
787 1543 976 1581 referebat
997 1543 1104 1581 aede
1120 1543 1508 1594 Constantinopoleos
1534 1544 1608 1582 ini-

144 1608 205 1645 tiis
228 1606 565 1658 interpretabatur.
591 1605 716 1644 Verba
743 1605 825 1656 ipsa
844 1606 1020 1644 carminis
1037 1614 1187 1644 exstant
1209 1615 1245 1643 et
1262 1619 1284 1644 a
1301 1605 1412 1644 nobis
1430 1615 1517 1657 post
1539 1607 1610 1645 Ex-

141 1685 290 1710 eursum
316 1673 348 1710 11
370 1671 629 1723 proferentur,
650 1684 696 1708 ex
725 1670 864 1721 quibus
884 1671 1152 1722 prophetantis
1172 1679 1336 1708 mentem
1358 1671 1466 1709 facile
1486 1671 1609 1721 quivis

140 1744 329 1787 agnoscet.

191 1799 367 1837 Ceterum
399 1798 659 1837 Phaennidem
686 1799 887 1836 Pausaniae
906 1808 942 1836 et
962 1799 1145 1837 Phaenno
1171 1799 1310 1837 Zosimi
1328 1808 1442 1850 atque
1462 1801 1609 1839 Tzetzae

142 1863 264 1917 (apud
284 1864 386 1902 hunc
404 1863 553 1902 codices
571 1864 727 1915 quidam
747 1863 885 1917 φαελλώ
912 1878 984 1916 pro
1004 1864 1152 1917 φαεννώ,
1177 1865 1290 1916 male)
1323 1866 1494 1904 eamdem
1528 1880 1608 1905 esse

140 1929 333 1966 mulierem
350 1928 440 1965 satis
460 1929 640 1965 evincunt
665 1936 744 1966 tum
769 1928 934 1966 nominis
954 1929 1165 1967 similitudo
1182 1954 1196 1977 ,-
1220 1938 1298 1966 tum
1324 1943 1385 1967 ars
1411 1928 1611 1967 divinandi

140 1992 292 2043 utrique
308 1993 530 2040 eommunis,
553 2003 631 2030 tum
647 1992 774 2030 eadem
797 1993 917 2043 patria
939 2002 1051 2043 atque
1072 1993 1202 2031 eadem
1223 2002 1326 2033 aetas.
1344 1995 1465 2032 Docet
1482 2002 1608 2031 autem

139 2056 344 2094 Pausanias
365 2056 476 2094 filiam
507 2070 588 2094 eam
614 2056 727 2094 fuisse
759 2056 832 2094 viri
852 2056 1049 2109 cujusdam
1079 2058 1180 2095 inter
1199 2058 1376 2096 Chaonas
1397 2059 1604 2109 regnantis,

139 2120 258 2172 ἀνδρὸς
286 2122 320 2159 ἐν
348 2120 469 2159 Χάοσι·
482 2119 769 2172 βασιλεύσαντος,
805 2134 941 2172 nempe
969 2122 1090 2171 reguli
1112 2122 1293 2173 alicujus,
1324 2123 1389 2173 qni
1419 2123 1455 2160 in
1486 2123 1607 2162 Chao-

140 2184 216 2231 nia,
244 2197 359 2235 parva
391 2185 455 2222 illa
488 2184 596 2236 Epiri
619 2184 796 2235 regione,
820 2184 885 2222 ubi
913 2185 1073 2223 Dodona
1105 2186 1200 2233 suit,
1223 2186 1436 2224 honoribus
1468 2187 1604 2238 regiis,

140 2247 229 2285 licet
251 2256 328 2286 tum
349 2247 419 2285 sub
443 2248 655 2298 potentium
683 2247 925 2286 dominorum
946 2248 1122 2299 imperio,
1146 2256 1190 2286 ac
1216 2250 1376 2287 fortasse
1392 2249 1605 2287 sacerdotio

141 2312 344 2352 frueretur.
368 2312 599 2363 Epiroticam
620 2312 734 2351 fuisse
754 2322 899 2350 certum
920 2321 988 2359 est,
1010 2327 1078 2351 nec
1095 2313 1218 2350 minus
1238 2322 1396 2362 certum,
1415 2314 1605 2352 vaticiniis

140 2377 380 2424 inclaruisse3
409 2377 472 2415 sed
490 2390 560 2428 pro
577 2376 721 2427 Sibylla
739 2376 872 2415 haberi
891 2377 1097 2416 Pausanias
1115 2377 1270 2415 omnino
1293 2386 1408 2417 vetat.

191 2441 303 2491 AEgre
324 2449 447 2478 tamen
468 2441 695 2478 adducimur
711 2450 751 2478 ut
770 2441 965 2480 Pausaniae
983 2442 1139 2479 decreto
1161 2455 1376 2492 pareamus,
1397 2451 1434 2480 et
1450 2443 1605 2481 Phaen-

140 2505 267 2542 nidem
284 2504 469 2554 Sibyllino
494 2505 641 2543 honore
663 2504 913 2543 destituamus
930 2535 940 2551 ,
969 2519 1047 2557 quo
1071 2519 1149 2556 prae
1168 2507 1295 2544 multis
1313 2507 1395 2544 aliis
1418 2507 1532 2558 digna
1553 2508 1605 2544 vi·
1650 2539 1656 2547 .

139 2568 265 2608 detur.
285 2568 396 2614 Quod
425 2569 456 2606 si
482 2569 565 2619 quis
583 2582 651 2606 nos
677 2569 714 2605 in
742 2582 821 2606 eam
848 2577 996 2620 partem
1021 2570 1190 2607 volentes
1210 2570 1381 2607 nolentes
1408 2570 1602 2619 impellat,

140 2633 299 2670 restabit
329 2641 370 2670 ut
390 2633 634 2671 Klausenium
658 2633 792 2671 ducem
823 2647 1052 2684 sequamur,
1086 2634 1151 2684 qui
1185 2633 1284 2671 libro
1307 2633 1387 2684 jam
1424 2633 1602 2681 laudato,

136 2700 224 2734 AEn.
240 2698 318 2733 und
330 2699 389 2733 die
407 2698 551 2742 Pereat„
580 2709 616 2747 p.
635 2709 708 2733 222
722 2724 734 2742 ,
759 2697 991 2747 Epiroticam
1014 2697 1198 2748 Sibyllam
1217 2697 1255 2734 in
1277 2697 1348 2734 alia
1368 2696 1473 2747 Epiri
1496 2704 1604 2747 parte

138 2761 333 2810 quaesivit,
364 2773 499 2810 nempe
529 2761 567 2798 in
598 2762 679 2811 ipsa
699 2761 954 2812 Thesprotia,
980 2776 1045 2800 seu
1081 2762 1210 2812 potius
1239 2762 1276 2799 in
1308 2762 1543 2812 Thesprotiae
1566 2769 1602 2798 et

138 2822 318 2861 Chaoniae
334 2823 572 2870 confinibus,
603 2823 667 2861 ubi
692 2825 838 2863 Atticus
868 2825 929 2862 ille
947 2824 1143 2863 Ciceronis
1166 2824 1212 2863 ad
1240 2825 1427 2876 Thyamin
1453 2838 1601 2863 amnem
