1686 3500
557 174 561 177 -
616 149 922 197 Excunsus
943 153 1012 213 nv.
1454 153 1552 199 371-

87 250 192 302 cujus
212 245 411 298 progenies
429 258 585 297 quoque
610 254 843 297 purpurata,
862 245 982 293 infra,
1002 257 1037 284 v.
1055 246 1142 296 398,
1164 246 1340 302 πορφυρέη
1367 236 1467 300 γενεή
1486 248 1547 287 di-

88 322 202 354 cetur.
222 309 369 348 Deinde
387 310 490 348 venit
507 309 570 348 itte
585 310 643 348 &ir
659 310 695 348 in
719 309 842 348 Asiam
857 309 1028 357 subitus,
1044 309 1291 362 improvisus,
1312 313 1550 364 inexspecta-

91 387 158 424 tus,
174 373 248 421 ἥξει
263 371 411 411 ἄπυστα.
429 373 550 412 Mirus
568 373 669 410 enim
690 380 728 410 et
747 372 915 411 insolens
934 385 1050 423 quum
1070 372 1281 425 AEgypfiis,
1301 385 1381 414 tum
1405 376 1552 416 Judaeis

89 443 126 480 in
155 439 318 490 AEgypto
344 436 668 476 commorantibus
696 436 767 475 suit
797 437 861 475 ille
894 437 1052 477 Romani
1078 437 1317 489 imperatoris
1344 441 1553 498 adventu53

88 518 162 557 quo
182 502 400 555 spectaculo
429 510 508 540 tum
528 501 693 553 primum
714 502 817 541 oculi
845 515 976 539 eorum
1008 510 1046 541 et
1068 511 1212 540 mentes
1231 504 1552 554 percellebantur.

89 572 177 612 Nam
194 575 278 620 post
292 567 503 619 Augustum
518 567 702 619 (nondum
718 575 858 613 tamen,
875 579 993 617 quum
1010 566 1050 604 in
1069 566 1277 618 AEgyptum
1293 569 1413 619 venit,
1431 570 1554 623 impe-w

89 630 259 683 rantem),
277 631 399 670 solum
421 630 595 669 viderant
623 629 911 681 Vespasianum,
933 630 1088 668 militari
1108 630 1306 669 etiamtum
1332 631 1421 671 duci
1442 648 1554 685 quam

85 699 184 750 justo
205 696 370 748 principi
396 695 635 740 similiorem,
660 695 804 746 quippe
830 695 898 746 qui
927 704 1006 733 tum
1024 709 1045 733 e
1061 694 1172 746 Syria
1196 696 1351 736 Romam
1371 697 1420 735 ad
1439 711 1557 737 occu-

91 761 253 815 pandum
270 760 385 798 armis
401 760 603 811 imperium
622 758 815 798 tendebat.
832 759 1022 810 'trajanus
1041 768 1173 811 postea
1187 760 1226 798 iu
1245 761 1399 801 Oriente
1414 761 1556 801 bellum

90 835 268 879 gesserat,
294 825 360 864 sed
380 825 514 877 procul
544 824 593 863 ab
617 825 778 876 AEgypto
799 832 837 863 et
856 824 1001 866 Judaea.
1029 824 1241 864 Hadrianus
1263 839 1374 873 vero,
1399 827 1559 866 lustrata

91 891 237 943 AEgypti
256 903 391 941 magna
411 897 536 942 parte,
562 903 679 941 quum
700 890 739 928 in
759 890 888 929 Asiam
912 890 1222 939 transcendisset,
1241 905 1326 943 quae
1346 906 1450 932 mens
1463 923 1474 945 ,
1493 894 1563 946 qui·

92 967 224 1001 terror,
244 965 282 994 et
302 969 391 993 mox
407 969 492 1006 quae
508 955 722 1005 desperatio
739 956 810 993 suit
823 955 1062 1002 Judaeorum,
1079 956 1158 994 sive
1177 956 1214 993 in
1238 956 1319 1007 ipsa
1339 956 1555 1007 Palaestina,

91 1022 165 1060 sive
186 1020 421 1059 Alexandriae
437 1020 681 1071 degentium?
696 1021 871 1067 Quorum
890 1020 1006 1069 cives,
1019 1020 1182 1058 maxime
1201 1029 1280 1060 tum
1294 1021 1474 1060 adversus
1486 1009 1564 1061 Ro·

92 1100 218 1126 manos
239 1087 443 1135 commoti,
471 1100 589 1138 quum
612 1085 757 1124 recenti
779 1084 906 1123 adhuc
938 1085 1120 1124 memoria
1145 1098 1338 1137 oppressae
1363 1099 1384 1124 a
1412 1087 1559 1138 Vespa-

92 1154 192 1191 siano
215 1152 348 1204 patriae
363 1166 461 1199 suae,
483 1161 563 1189 tum
585 1152 698 1190 etiam
717 1151 819 1190 salsis
844 1150 1012 1202 nudique
1031 1151 1308 1202 pullulantibus
1325 1152 1488 1191 oraculis
1513 1153 1561 1191 ‹te

92 1217 245 1256 flebraea
265 1225 375 1268 gente
394 1225 654 1256 resurrectura
669 1225 704 1255 et
722 1216 923 1255 interituro
943 1217 1116 1255 Romano
1129 1217 1283 1255 nomine
1297 1217 1439 1268 (qualia
1459 1216 1558 1256 mul-

93 1292 126 1320 ta
143 1282 251 1320 etiam
271 1282 310 1320 in
330 1281 388 1320 his
417 1280 611 1333 Sibyllinis
636 1281 823 1333 legimus),
842 1280 912 1320 sub
935 1281 1062 1320 multis
1087 1281 1167 1333 jam
1190 1281 1502 1334 pseudo-Messiis
1520 1295 1564 1321 ac

94 1347 240 1386 demum
269 1346 513 1385 Barcocheba
539 1347 662 1397 duce,
690 1346 863 1384 felicibus
892 1347 1057 1397 primum
1085 1346 1222 1394 initiis,
1249 1346 1338 1385 dein
1367 1347 1563 1386 teterrimo

93 1420 226 1450 eventu
252 1410 544 1451 rebellaverant.
573 1411 732 1459 Statim,
758 1419 993 1463 transgresso
1013 1411 1051 1449 in
1074 1411 1199 1450 Asiam
1223 1410 1438 1463 Hadriano,
1458 1425 1562 1450 nun-

94 1478 164 1515 tius
190 1476 325 1515 allatus
350 1484 432 1525 est,
459 1476 607 1514 attritas
636 1484 814 1527 tanquam
843 1490 1023 1528 supremo
1043 1476 1118 1515 ictu
1152 1476 1294 1515 miseroe
1323 1477 1445 1528 gentis
1470 1477 1563 1516 reti÷

93 1542 220 1593 quias;
251 1554 404 1579 manare
431 1542 617 1593 sanguine
635 1541 831 1593 Judaea1n3
860 1541 1069 1580 innumeris
1097 1554 1280 1580 caesorum
1311 1541 1563 1580 cadaveribus

94 1606 218 1654 urbes,
239 1606 354 1654 vicos,
371 1619 496 1657 agros,
515 1606 683 1654 fiumina,
709 1607 810 1644 lacus
823 1605 975 1657 oppleri
992 1621 1000 1643 τ
1017 1605 1126 1657 cujus
1149 1609 1341 1645 immensae
1355 1605 1474 1645 cladis
1498 1615 1558 1645 te·-

94 1671 308 1709 stimoninm
327 1683 398 1709 nos
423 1670 615 1721 hodieque
646 1684 723 1708 non
756 1670 838 1710 sine
865 1670 1027 1708 horrore
1061 1671 1219 1722 legimus
1246 1669 1349 1721 apud
1379 1671 1560 1718 Dionem,

94 1734 155 1773 lib.
177 1735 315 1782 LXIX,
337 1738 357 1781 5
379 1740 422 1779 14
442 1749 451 1771 :
473 1734 610 1787 Ὀλίγοι
631 1735 660 1772 δ’
680 1729 739 1773 οὖν
756 1734 884 1785 κομιδῆ
908 1733 1160 1788 περιεγένοντο,
1180 1733 1238 1772 καὶ
1262 1732 1406 1786 φρουρία
1425 1733 1488 1785 μὲν
1503 1735 1564 1772 αι’)-

93 1804 157 1840 τῶν
176 1802 389 1850 πεντήκοντα
405 1801 449 1841 τά
464 1818 503 1854 γε
518 1801 791 1855 ἀξιολογώτατα,
804 1804 922 1854 κῶμαι
939 1802 974 1841 δὲ
990 1800 1186 1840 ἐννακόσιαι
1200 1800 1260 1839 καὶ
1275 1800 1485 1852 ὀγδοήκοντα
1502 1799 1563 1839 καὶ

95 1868 192 1907 πέντε
206 1868 482 1919 ὀνομαστόταται
499 1867 804 1921 κατεστράφησαν·
831 1867 952 1920 ἄνδρες
967 1865 1004 1906 δὲ
1019 1866 1111 1907 ὀκτὼ
1131 1866 1191 1906 καὶ
1207 1866 1421 1914 πεντήκοντα
1441 1864 1565 1918 μυριά-

96 1933 143 1975 δες
159 1931 356 1985 ἐσφάγησαν
376 1933 412 1970 ἔν
434 1947 472 1971 τε
489 1937 558 1976 τοῖς
574 1933 812 1984 καταδρομαῖς
830 1931 890 1970 καὶ
909 1938 984 1976 ταῖς
1003 1931 1148 1984 μάχαις·
1170 1933 1239 1970 τῶν
1255 1946 1292 1970 τε
1310 1930 1376 1984 γὰρ
1388 1931 1489 1983 ,λιμῷ
1504 1930 1564 1969 καὶ

96 1997 182 2051 νόσῳ
211 1996 270 2036 καὶ
288 1997 372 2050 πυρὶ
392 1995 589 2050 φθαρέντων
608 1996 648 2035 τὸ
666 1998 796 2043 πλῆθος
820 1994 1080 2049 ἀνεξερεύνητον
1108 1991 1150 2045 ἦν
1163 2010 1172 2020 ·
1195 1996 1284 2035 ὥστε
1303 2002 1420 2035 πᾶσαν
1449 1994 1566 2045 ὀλίγου

97 2063 161 2100 δεῖν
206 2060 270 2109 τὴν
309 2061 480 2101 Ἰουδαίαν
519 2062 754 2114 ἐρημωθῆναι.
789 2061 904 2100 Vides
937 2061 1079 2112 oppida
1113 2074 1136 2098 ι,
1169 2061 1291 2099 deleta
1305 2091 1315 2110 ‚
1346 2073 1432 2098 eum
1473 2059 1568 2098 vicis

98 2139 294 2174 cnnxxxv3
316 2126 515 2164 hominum
546 2138 639 2163 vero
665 2138 795 2164 nnxxx
823 2125 940 2163 millia
969 2125 1072 2163 ferro
1092 2125 1311 2174 interfecta,
1332 2125 1479 2163 omissis
1499 2124 1566 2175 qui

101 2191 212 2238 same,
233 2199 338 2242 peste
352 2218 363 2238 ,
392 2191 479 2241 igne
510 2190 727 2241 perierunt3
748 2189 920 2228 Judaeam
939 2190 1019 2228 sere
1039 2199 1155 2228 totam
1180 2190 1219 2228 in
1243 2189 1486 2228 solitudinem
1508 2202 1567 2227 re·
1589 2235 1591 2237 ι

98 2253 254 2295 «laetam.
272 2254 366 2301 Quae
393 2267 524 2305 quum,
555 2252 798 2293 Alexandriae.
816 2253 973 2305 degens,
991 2254 1141 2292 audiret
1175 2255 1335 2305 Noster,
1355 2266 1485 2292 nonne
1505 2252 1564 2291 in·
1615 2301 1619 2306 ,

99 2318 361 2370 dignabundus
380 2319 593 2357 exclamare
612 2319 764 2369 potuit:

302 2383 670 2437 Ἄγριος,ἀλλοδίκης,
693 2381 868 2437 φλογόεις·
888 2381 1004 2435 ἤγειρε
1024 2382 1089 2435 γὰρ
1108 2381 1210 2422 αὐτὸν

303 2447 441 2501 Πρόσθε
460 2448 622 2501 κεραυνὸς
642 2450 740 2501 φῶτα
754 2478 764 2497 ,

100 2521 134 2550 et
151 2512 378 2553 obversante
395 2512 466 2551 sibi
487 2513 622 2564 stragis
642 2513 744 2550 illius
767 2504 1003 2564 spectaculo,
1026 2512 1080 2550 sic
1099 2513 1296 2551 lamentari
1314 2529 1321 2550 :

633 2575 758 2623 Κακήν
781 2577 810 2614 δ’
826 2575 924 2624 Ἀσίη
941 2575 1041 2628 ζυγὸν
1058 2576 1124 2622 ἔξει

304 2642 429 2686 Πᾶσα,
449 2639 558 2679 πολὺν
576 2640 612 2679 δὲ
630 2639 724 2694 χθὼν
740 2640 857 2679 πίεται
876 2640 977 2694 φόνον
995 2641 1227 2693 ὀμὸρηθεῖσα.

101 2703 243 2742 Scimus
258 2732 268 2748 .
283 2713 321 2744 et
337 2706 414 2754 jam
434 2704 599 2742 diximus
612 2734 622 2752 ,
642 2719 719 2743 non
739 2706 909 2756 potuisse
928 2705 1002 2743 nisi
1027 2706 1238 2758 improprie
1261 2715 1299 2745 et
1319 2706 1570 2758 hyperbolice

105 2768 195 2806 Asiae
215 2769 331 2807 totius
357 2760 588 2808 mentionem
610 2770 703 2817 fieri,
729 2783 812 2821 quae
830 2771 868 2807 in
890 2770 949 2808 his
968 2771 1143 2808 versibus
1168 2771 1324 2822 legitur,
1342 2770 1438 2818 Ἀσίη
1462 2777 1568 2810 πᾶσα.
1619 2756 1625 2763 ”

103 2830 171 2868 Sed
203 2833 455 2872 concedamus
487 2833 560 2871 hoe
588 2833 714 2872 dolori
747 2834 946 2885 luctuique
976 2843 1098 2885 poetae
1127 2835 1269 2883 nostri,
1306 2835 1468 2887 primum
1497 2836 1566 2875 ista

1330 2908 1403 2962 24.
