1752 3495
585 241 595 249 ,
622 191 928 237 EXCURSUS
962 191 1045 236 111.
1166 257 1171 262 .
1401 153 1409 163 ⁸
1454 193 1547 238 225

95 295 280 336 nationem
301 303 386 342 quae
400 289 536 327 ultimo
552 288 627 338 die,
642 289 694 327 111
711 288 767 328 ld.
782 288 948 338 quintil.,
970 286 1019 325 ab
1039 287 1171 325 eodem
1189 295 1356 339 praetore
1371 277 1456 327 data
1476 298 1548 337 est,

97 361 170 400 Cic.
188 356 280 396 ibid.
306 353 417 401 Quod
441 352 559 403 magis
575 351 622 390 ad
639 352 858 390 institutum
878 359 1049 390 nostrum
1071 351 1255 402 pertinet,
1275 352 1486 391 notandum
1509 353 1548 391 in

97 422 205 464 sacris
221 432 287 457 seu
309 417 408 456 ludis
422 416 714 467 Apollinaribus
732 415 897 453 duorum
915 413 1179 452 tantummodo
1204 413 1363 452 deorum
1384 417 1549 455 mentio·

98 501 178 527 nem
192 484 287 530 lieri,
303 482 489 534 Apollinis
502 489 540 519 et
556 480 728 528 Latonae,
740 480 798 516 vel
817 479 929 516 trium
944 479 989 527 si,
1004 478 1109 529 quod
1123 478 1278 529 quidam
1298 491 1319 517 e
1332 480 1552 530 conjectura

98 551 308 594 voluerunt,
329 545 533 596 legendum
559 552 615 583 est
634 543 736 594 apud
753 543 835 582 Liv.
858 543 932 581 loc.
949 543 1012 580 cit.
1030 554 1040 582 ε
1061 560 1076 576 α
1097 542 1265 593 Apollini
1287 541 1387 581 bove
1406 553 1552 592 aurato,

99 635 112 650 «
131 610 285 668 [Dianae]
299 610 424 659 capris
445 607 593 646 duabus
613 607 710 646 albis
732 608 897 651 auratis,
915 607 1071 644 Latonae
1086 606 1186 644 bove
1205 615 1337 644 aurata
1357 606 1498 645 semina
1515 623 1554 655 -3

101 692 189 724 non,
207 683 247 713 ut
273 675 311 712 in
338 673 438 710 ludis
454 671 708 723 Saecularibus
735 671 781 709 de
801 671 940 722 quibus
954 670 1030 721 jam
1052 679 1201 723 agetur,
1220 671 1381 709 aliorum
1401 685 1556 723 quoque

102 743 250 780 deorum
266 749 496 791 ⁴‚superorum
518 736 821 787 inferorumque.

148 804 226 843 Non
254 799 523 838 confundenda
546 808 602 837 est
624 813 709 837 cum
729 800 865 836 annuis
885 799 967 837 istis
989 799 1276 850 Apollinaribus
1300 800 1416 838 sacris
1432 802 1558 840 Saecu-

104 868 227 907 larium
245 865 423 903 ludorum
457 864 761 903 extraordinaria
795 863 1009 913 festivitas,
1031 877 1115 914 quae
1142 864 1286 914 pariter
1313 878 1333 902 e
1360 864 1556 916 Sibyllinis

104 929 281 983 responsis
316 929 489 966 instituta
509 928 695 975 traditur,
726 928 791 966 sed
812 927 847 964 id
869 940 1009 966 verene
1036 941 1084 965 an
1101 928 1218 975 salso,
1243 928 1396 967 difficile
1430 937 1485 967 est
1518 930 1556 966 in

105 1009 226 1048 magna
242 1002 441 1032 auctorum
458 993 651 1031 discordia
680 1000 863 1031 statuere.
899 991 1013 1038 Quod
1047 992 1078 1030 si
1112 992 1371 1043 antiquissima
1403 993 1558 1032 traditio

107 1068 297 1111 repetatur,
330 1057 453 1109 qualis
482 1057 691 1107 exponitur
721 1070 741 1094 a
771 1056 922 1095 Valerio
954 1057 1142 1104 Maximo,
1162 1055 1231 1097 lib.
1254 1057 1312 1104 11,
1346 1070 1430 1109 cap.
1463 1064 1499 1105 l„
1522 1067 1560 1097 et

109 1127 256 1171 Zosimo,
270 1122 355 1161 libri
377 1124 410 1161 ll
432 1122 554 1170 initio,
575 1122 726 1159 videtur
741 1122 817 1168 illa,
833 1122 1014 1172 quoniam
1031 1123 1202 1160 anterior
1224 1123 1343 1161 multo
1358 1124 1561 1175 Tarquini·

110 1204 205 1229 orum
229 1186 474 1239 temporibuS‚
490 1200 566 1224 non
589 1200 698 1237 posse
717 1186 762 1224 ad
781 1186 1009 1238 Sibyllinam
1031 1187 1217 1238 originem
1236 1187 1380 1228 reduci.

153 1255 276 1292 Fertur
291 1252 460 1291 Valesius
475 1265 539 1289 seu
564 1252 734 1289 Valerius
751 1251 905 1301 quidam
927 1251 1096 1302 nomine,
1115 1253 1266 1291 natione
1288 1252 1468 1299 Sabinus,
1486 1266 1558 1306 pro

112 1319 215 1357 salute
236 1317 496 1368 aegrotantium
518 1315 697 1364 liberum,
719 1315 849 1352 divino
877 1315 1043 1365 quodam
1076 1317 1224 1354 monitu
1251 1317 1380 1368 jussus
1406 1331 1486 1356 esse
1513 1317 1559 1357 ad

112 1385 299 1421 Tarentum
315 1381 383 1427 (sic
396 1383 495 1417 enim
520 1379 666 1417 numini
690 1379 903 1431 placuerat)
924 1380 1002 1417 Diti
1025 1393 1068 1417 ac
1086 1381 1327 1432 Proserpinae
1340 1380 1566 1421 sacrificam

114 1447 176 1493 Qui
208 1459 321 1496 quum
352 1458 398 1483 eo
431 1445 676 1496 navigaturus
705 1444 817 1481 lintre
846 1444 1026 1482 devectus
1053 1453 1150 1483 esset
1168 1446 1376 1484 secundum
1393 1445 1562 1484 Tiberim

115 1524 245 1548 amnem
275 1509 319 1546 ad
347 1522 522 1559 campum
548 1522 669 1559 usque
699 1508 905 1554 Martium,
938 1521 1024 1558 quae
1051 1508 1226 1559 planities
1259 1518 1350 1547 tunc
1381 1518 1463 1547 erat
1496 1510 1564 1548 sil-

116 1576 233 1612 vestris
264 1583 299 1612 et
324 1574 480 1621 inculta,
496 1573 587 1610 dum
609 1573 661 1610 ibi
678 1582 906 1624 pernoctare
927 1573 1147 1622 meditatur,
1168 1587 1190 1611 a
1209 1582 1362 1624 pastore
1380 1573 1564 1625 quodam,
1593 1599 1598 1603 -

118 1640 192 1686 sive,
210 1649 247 1677 ut
264 1639 325 1677 alii
346 1640 498 1685 volunt,
517 1651 537 1675 a
552 1646 670 1676 nauta
699 1638 893 1683 didicisse,
918 1638 1045 1675 locum
1074 1640 1108 1675 In
1134 1652 1180 1675 eo
1204 1652 1340 1689 campo
1357 1652 1438 1677 esse
1452 1641 1562 1690 juxta

120 1703 208 1741 fluvii
237 1704 353 1754 ripam
389 1702 455 1753 qui
485 1702 691 1739 Tarentum
729 1714 793 1738 seu
841 1702 1050 1740 Terentum
1081 1700 1129 1739 ab
1159 1702 1292 1740 incolis
1330 1711 1564 1742 vocaretur:

120 1778 185 1806 tum
211 1769 325 1815 illum,
346 1767 510 1805 nominis
530 1767 691 1817 augurio
710 1766 858 1816 laetum,
887 1766 939 1803 ibi
965 1766 1196 1804 sacriticasse
1217 1781 1225 1804 :
1247 1780 1324 1818 quo
1353 1768 1477 1814 sacto,
1501 1780 1564 1805 rc-

120 1834 231 1870 stituta
252 1832 377 1871 liberis
409 1830 649 1881 valetudiue,
676 1831 712 1867 in
735 1830 894 1880 patriam
913 1829 1095 1876 rediisse,
1119 1830 1250 1868 relicta
1276 1840 1361 1882 post
1388 1844 1428 1869 se
1455 1831 1493 1868 in
1518 1831 1564 1869 iis

122 1898 199 1935 locis
217 1897 384 1935 miraculi
411 1895 608 1935 memoria.
637 1895 700 1934 Sic
721 1903 896 1932 auctores
913 1895 1045 1933 citati:
1068 1895 1162 1933 nihil
1185 1908 1280 1933 vero
1309 1896 1489 1934 hactenus
1517 1897 1563 1934 ad

121 1961 301 2012 Sibyllinos
321 1961 452 2000 libros-

164 2028 267 2065 Aiunt
283 2036 463 2079 praeterea
492 2025 686 2065 Valerium
705 2024 965 2076 Publicolam,
987 2025 1051 2076 qui
1078 2024 1128 2063 ab
1152 2025 1218 2063 illo
1244 2039 1363 2074 genus
1391 2026 1564 2075 duceret,

122 2090 224 2128 altero
249 2105 346 2129 anno
376 2099 463 2142 post
490 2098 646 2129 exactos
666 2103 787 2141 reges,
816 2098 975 2140 urgente
998 2099 1076 2128 tum
1097 2091 1203 2141 gravi
1230 2091 1457 2141 pestilentia,
1476 2105 1566 2130 nec-

124 2154 199 2192 dum
216 2169 340 2194 secura
360 2170 380 2194 a
399 2156 570 2207 tyrannis
595 2153 794 2206 republica
810 2184 820 2202 ,
846 2153 892 2192 ad
921 2167 1026 2192 oram
1056 2155 1302 2193 Tarentinam
1336 2155 1567 2193 sacrificasse

126 2230 184 2267 pro
209 2221 333 2271 populi
365 2221 486 2259 salute
514 2220 624 2258 simul
656 2229 692 2258 et
718 2218 905 2257 libertate.
928 2219 1001 2265 Sed
1023 2233 1070 2256 an
1088 2219 1160 2257 hoc
1178 2218 1366 2271 Sibyllino
1380 2222 1490 2271 jussu
1512 2221 1566 2258 sa-

126 2291 224 2330 ctum,
239 2299 311 2323 non
331 2286 487 2324 addunt.

168 2348 296 2400 Elapso
314 2350 449 2389 deinde
467 2350 668 2401 plusquam
689 2349 859 2388 saeculari
879 2349 1092 2397 intervallo,
1106 2359 1192 2400 post
1211 2350 1352 2389 Urbem
1372 2351 1563 2389 conditam

127 2423 209 2449 anno
233 2427 353 2452 ccczu
381 2416 448 2467 (ita
463 2415 655 2459 Zosimus,
672 2413 736 2452 sed
754 2414 784 2451 is
803 2421 923 2450 annus
939 2412 1048 2450 nobis
1071 2421 1127 2451 est
1145 2417 1321 2463 cccmu),
1344 2414 1389 2452 L.
1413 2415 1567 2454 Valerio

128 2474 236 2514 l‘otito
256 2479 301 2516 lv
317 2480 472 2518 consule
491 2493 556 2517 seu
590 2479 717 2530 potius
752 2478 910 2516 tribuno
947 2477 1119 2524 militari,
1151 2478 1276 2516 ferunt
1296 2492 1342 2516 ex
1370 2479 1570 2530 Sibyllinis

129 2537 218 2578 libris
232 2542 474 2582 instauratum
494 2557 573 2581 esse
592 2544 629 2581 id
644 2556 805 2590 sacrum,
817 2551 933 2593 atque
950 2542 985 2578 in
1005 2542 1151 2593 singula
1165 2542 1298 2580 saecula
1314 2543 1394 2580 lieri
1406 2543 1565 2594 jussum.

128 2602 208 2641 Tum
228 2606 371 2646 demum
392 2609 428 2646 in
450 2609 520 2647 hac
544 2623 585 2646 re
606 2608 881 2658 Sibyllinorum
903 2607 1132 2644 mentionem
1166 2606 1300 2644 factam
1323 2608 1504 2658 reperias.

171 2667 324 2721 Reliquis
339 2673 465 2711 liberae
486 2672 705 2725 reipublicae
721 2670 957 2722 temporibus
976 2671 1123 2722 quoties
1140 2680 1206 2708 aut
1225 2671 1380 2721 quaudo
1395 2671 1566 2711 celebra-

131 2737 195 2769 tum
213 2736 256 2772 sit
277 2737 346 2776 hoc
365 2751 527 2785 sacrum,
542 2739 642 2776 inter
658 2748 832 2775 auctores
851 2751 927 2775 non
946 2737 1134 2775 convenit.
1158 2737 1329 2775 Zosimus
1350 2746 1435 2788 post
1458 2738 1569 2776 insti-

132 2796 290 2837 tutionem
319 2802 476 2852 primam
497 2803 562 2841 diu
582 2802 840 2840 intermissum
865 2802 928 2839 ait.
948 2801 1077 2839 Livius
1105 2801 1141 2838 in
1161 2801 1316 2852 epitom.
1340 2800 1406 2840 lib.
1438 2802 1568 2847 XLIX,

132 2857 211 2898 duos
232 2876 345 2903 annos
371 2868 567 2906 saeculares
586 2875 876 2915 commemorat,
897 2879 1033 2916 nempe
1057 2865 1181 2916 primo
1213 2865 1359 2902 Punico
1381 2864 1498 2914 belm,
1519 2866 1568 2903 ab

274 2937 344 2980 ΙΙΙ.
1324 2934 1375 2980 15
