1752 3495
149 261 243 306 300
729 256 1025 304 APPENDlX

151 353 430 407 Prophetarum
449 354 703 407 ipsorumque
721 354 995 407 Apostolorum
1015 349 1246 402 imaginibus
1265 348 1402 390 mixtas
1427 355 1614 404 reperiri?

149 420 465 472 Antiquissimum
483 421 562 459 sere
576 419 793 471 hujusmodi
811 426 1094 458 monumentum
1114 424 1171 455 est
1190 415 1225 453 in
1248 415 1426 454 Ecclesiae
1444 416 1627 458 Senensis¹

129 487 371 536 ·pnvimento
398 485 670 530 vermiculato.
700 485 801 523 circa
825 483 977 521 tertium
1006 481 1197 519 decimum
1227 480 1404 517 saeculum
1433 481 1527 519 mira
1547 495 1615 534 pro

150 550 224 587 illis
248 548 485 601 temporibus
514 558 596 588 arte
627 548 851 600 composito.
871 548 969 586 Sunt
986 559 1080 584 vero
1104 545 1178 583 ulia
1203 557 1312 596 paene
1336 544 1483 582 infinita
1502 559 1615 596 quum

152 613 190 650 in
214 614 329 652 ltaliae
347 622 385 652 et
406 615 640 666 Germaniae,
665 622 742 651 tum
768 612 881 651 etiam
912 612 950 650 in
981 611 1112 649 Galliae
1133 610 1308 662 templis,
1332 609 1490 648 nuncin
1511 612 1616 651 vitris

151 679 404 716 fenestrarum
431 679 632 725 coloratis,
651 686 717 715 nut
734 678 771 714 in
788 676 1013 714 sacellorum
1036 675 1245 726 parietibus
1261 675 1412 726 depicta
1425 702 1435 721 ,
1456 688 1557 714 nunc
1578 677 1615 714 in

152 751 350 793 portarum
379 742 611 781 ornamentis
637 750 704 779 aut
731 740 839 779 chori
865 739 1048 778 sedilibus
1073 739 1200 791 lapide
1231 740 1288 776 vel
1321 739 1424 790 ligno
1446 740 1615 790 sculpta3

148 806 259 855 cujus
286 805 341 843 rei
360 813 470 843 testes
491 804 603 841 urbes
629 804 767 841 multas
797 803 926 840 velex
956 803 1036 841 sola
1067 804 1192 842 Gallia
1225 803 1358 840 citavit
1388 803 1448 839 vir
1482 804 1615 843 artium

150 868 265 907 medii
284 870 353 907 aevi
372 869 618 919 peritissimus
636 867 798 918 υἱώ-οη,
813 870 1198 918 Manueltl'lconogr.
1210 868 1335 913 chre't„
1353 867 1491 916 Paris.‚
1509 868 1615 915 1845,

148 942 189 971 et
217 933 283 971 lias
302 933 456 985 quidem
480 933 674 970 literarum
702 932 839 971 ordine
867 932 1033 984 primas,
1066 936 1214 983 Aquas,
1246 930 1501 978 Ambiannm,
1538 936 1616 971 Au—

149 998 405 1048 gustodunum
421 1027 432 1044 ,
454 998 621 1047 Auscos,
642 996 948 1035 Autissiodorum
963 1026 973 1045 ‚
991 1004 1064 1034 etc.

204 1063 388 1101 Numerus
404 1075 495 1100 vero
507 1062 741 1112 Sibyllarum
757 1062 809 1099 ita
826 1070 1131 1100 consecratarum
1148 1073 1224 1098 non
1242 1059 1342 1098 idem
1362 1058 1520 1110 ubique.
1541 1060 1616 1099 Una

152 1126 323 1165 Lauduni
341 1140 476 1178 nuper,
495 1136 535 1164 ut
556 1127 696 1175 ferunt,
714 1128 868 1165 inventa
891 1134 959 1174 est,
977 1126 1122 1176 effigies
1147 1138 1284 1176 nempe
1307 1124 1461 1162 feminei
1490 1125 1615 1175 capitis

149 1203 237 1227 cum
257 1190 524 1241 inscriptione,
551 1191 761 1229 StBYLLA
781 1204 791 1231 ε
813 1204 986 1241 quaenam
1006 1190 1096 1228 illa?
1125 1189 1325 1240 Erythraea
1345 1188 1481 1240 procul
1504 1187 1616 1228 dubio

149 1254 374 1304 Augustini,
393 1267 479 1306 quae
498 1255 546 1293 de
564 1268 744 1307 supremo
772 1255 842 1293 Dei
868 1254 1016 1307 judicio
1036 1254 1191 1292 cecinit.
1215 1254 1263 1292 Et
1289 1253 1320 1291 is
1340 1252 1442 1304 apud
1472 1254 1616 1291 Graecos

151 1319 264 1356 medii
278 1319 351 1357 aevi
370 1328 546 1371 receptus
563 1333 644 1358 mos
661 1320 774 1358 fuisse
791 1320 966 1368 videtur,
983 1328 1025 1357 ut
1040 1319 1150 1357 unius
1168 1318 1323 1369 Sibyllae
1343 1331 1508 1369 persona
1524 1318 1617 1356 inter

149 1396 274 1422 sacras
297 1384 476 1435 imagines
503 1384 795 1436 admitteretur,
824 1385 853 1422 si
885 1384 977 1422 [ides
998 1383 1097 1422 libro
1122 1385 1162 1422 in
1191 1397 1301 1421 usum
1321 1383 1510 1421 artificum
1542 1382 1616 1434 ejus

148 1449 274 1499 gentis
293 1462 413 1499 graece
433 1450 601 1501 scripto,
633 1450 700 1501 qui
719 1463 843 1500 nuper
870 1450 910 1487 in
930 1457 1058 1487 monte
1087 1448 1193 1488 Atho
1214 1457 1408 1500 repertus,
1430 1447 1618 1499 Ἐρμηνεία

149 1515 210 1558 τῆς
229 1515 468 1566 ζωγραφικῆς,
491 1514 623 1565 gallice
651 1513 796 1566 prodiit
819 1514 920 1552 curis
944 1513 1114 1565 ejusdem
1143 1512 1310 1561 Didron,
1337 1525 1400 1562 op.
1425 1525 1539 1563 supra
1555 1511 1614 1552 cit.

153 1577 207 1616 lbi
223 1578 344 1627 enim,
361 1592 447 1631 pag.
471 1581 543 1618 150
559 1610 569 1629 ,
589 1588 675 1631 post
694 1580 845 1631 longam
860 1582 994 1617 seriem
1014 1578 1293 1630 prophetarum
1313 1585 1352 1615 et
1372 1590 1486 1615 omne
1504 1590 1616 1627 genus

148 1650 348 1681 atietorum
362 1673 372 1693 ,
394 1644 505 1681 etiam
528 1653 725 1695 poetarum
743 1653 780 1682 et
798 1643 1218 1696 1.)liiloso1›horum,‹1ui
1234 1643 1380 1694 aliquid
1401 1643 1448 1680 de
1470 1643 1616 1681 Christo

148 1707 252 1745 effati
270 1717 377 1755 sunt,
404 1709 580 1760 procedit
596 1708 728 1747 ultimo
759 1710 842 1747 loco
859 1726 874 1743 n
891 1709 1051 1760 Sapiens
1069 1708 1232 1759 Sibylla,
1252 1725 1266 1741 υ
1290 1716 1328 1745 et
1360 1706 1617 1758 Redemptoris

148 1771 355 1808 adventum
370 1771 543 1823 praedicit
559 1771 618 1810 his
632 1771 711 1809 sere
724 1771 852 1810 verbis
870 1785 879 1808 ε
898 1789 912 1806 α
929 1771 1065 1809 Veniet
1079 1773 1126 1808 de
1142 1771 1233 1809 caelo
1246 1784 1311 1809 rex
1329 1779 1508 1821 aeternus,
1525 1780 1591 1808 etc.
1604 1788 1616 1801 ·

200 1837 275 1876 Sed
298 1837 335 1875 in
353 1837 560 1876 Occidente
578 1837 804 1889 plerumque
825 1837 954 1889 plures
972 1837 1229 1889 effinguntur:
1245 1845 1280 1874 et
1293 1836 1447 1887 quidem
1465 1836 1503 1874 in
1524 1835 1616 1873 anti·

148 1901 349 1952 quioribus
370 1902 521 1954 templis
535 1915 696 1940 numero
715 1902 862 1950 decem,
879 1902 953 1940 illae
972 1915 1109 1954 nempe
1126 1902 1383 1940 Lactantianae
1396 1915 1460 1939 seu
1484 1901 1617 1938 Varro-

150 1968 286 2014 nianae,
302 1977 343 2005 ut
358 1967 395 2005 in
419 1968 636 2019 pavaento
654 1967 830 2006 Senensis
845 1967 937 2005 aedis
955 1981 1071 2018 supra
1091 1967 1267 2017 laudat03
1287 1967 1324 2004 in
1345 1964 1616 2004 recentioribus

151 2047 242 2071 vero
270 2032 426 2084 saepius,
450 2033 554 2084 quod
583 2041 715 2070 notatu
738 2032 918 2084 dignum,
944 2031 1168 2077 duodecim,
1192 2040 1233 2069 ut
1254 2031 1398 2069 scilicet
1419 2030 1618 2082 propheta-

150 2111 234 2136 rum
260 2111 421 2144 numero
441 2098 700 2149 adaequentur,
720 2107 834 2149 atque
850 2097 936 2136 ideo
958 2098 1044 2136 duae
1061 2106 1231 2135 novae.et
1251 2096 1471 2135 adventitia:
1491 2095 1617 2133 ceteris

149 2162 368 2213 adduntur,
393 2164 581 2214 Europaea
597 2171 636 2200 et
657 2164 831 2214 Agrippa
844 2192 856 2211 ,
875 2162 924 2201 de
947 2164 1088 2214 quibus
1107 2177 1175 2201 nos
1197 2162 1432 2214 aliquidjam
1451 2174 1563 2213 supra
1581 2160 1616 2198 in

155 2227 244 2267 lixo.
263 2227 291 2274 1,
308 2240 394 2279 cap.
422 2229 479 2268 16.
500 2231 580 2266 Nec
602 2241 691 2265 sane
712 2241 800 2266 casu
823 2229 965 2266 sactum
989 2237 1060 2276 est,
1089 2237 1130 2265 ut
1146 2237 1183 2266 et
1197 2228 1259 2266 ille
1278 2240 1461 2265 numerus
1483 2226 1617 2276 ubique

150 2292 229 2330 sere
247 2293 484 2344 praevaleret,
502 2301 540 2330 et
564 2292 648 2330 duae
669 2306 819 2343 semper
839 2292 981 2330 eaedem
1000 2293 1250 2334 adderentur.
1270 2293 1407 2343 Liquet
1430 2293 1546 2343 igitur
1563 2292 1619 2327 in-

152 2365 208 2394 ter
226 2357 340 2394 medii
360 2358 426 2395 aevi
450 2356 614 2394 labentis
633 2357 800 2394 artifices
818 2357 995 2394 traditam
1015 2357 1062 2395 de
1081 2371 1125 2395 ea
1144 2371 1185 2395 re
1201 2358 1416 2395 doctrinam
1446 2356 1616 2406 viguisse,

151 2431 274 2460 ortam
302 2421 477 2460 videlicet
497 2436 541 2460 ex
571 2421 728 2472 insignis
759 2421 923 2473 alicujus
943 2422 1001 2459 vel
1030 2422 1122 2460 aedis
1153 2422 1212 2460 vel
1242 2422 1398 2459 artificis
1426 2419 1618 2469 exemplo,

152 2487 270 2536 quod,
287 2496 328 2524 ut
345 2487 423 2525 fieri
439 2488 545 2534 solet,
563 2487 719 2538 reliquis
735 2486 1012 2537 posterioribus
1038 2488 1134 2525 viam
1156 2487 1426 2538 praestraverit.
1452 2487 1482 2523 {s
1501 2493 1617 2521 tamen

155 2564 236 2588 mos
255 2565 331 2589 non
352 2552 464 2589 altius
485 2552 731 2589 videturesse
755 2552 986 2603 repetendus
1003 2565 1117 2602 quam
1135 2566 1156 2589 a
1172 2552 1311 2590 saeculo
1327 2552 1426 2599 xlv,
1444 2549 1617 2601 quoniam

153 2615 304 2653 decimo
322 2617 431 2654 tertio
445 2617 663 2655 Vincentius
680 2617 969 2664 bellovacensis,
985 2617 1138 2668 Specul.
1158 2616 1250 2654 llist.
1275 2616 1338 2654 lib.
1363 2617 1408 2660 ll,
1432 2628 1516 2665 cap.
1540 2625 1619 2656 100,

153 2695 254 2732 sqq„
271 2680 400 2718 decem
417 2691 562 2718 tantum
580 2681 821 2733 agnoscebat,
838 2683 922 2720 illas
942 2695 1080 2733 nempe
1099 2682 1389 2731 Lactantianaffi
1411 2694 1479 2718 nec
1498 2679 1618 2730 plures

153 2759 243 2784 sane
259 2755 506 2784 munerantur
519 2746 555 2783 in
578 2746 929 2797 pseudo-Sibyllina
948 2747 1166 2798 prophetia,
1185 2748 1322 2785 saeculo
1342 2747 1411 2786 ΧΗ
1430 2744 1619 2782 desinente

152 2811 315 2862 scripta,
337 2810 445 2861 cujus
473 2812 621 2848 initium
653 2812 851 2849 retulimus
872 2825 984 2862 supra
1004 2826 1042 2863 p.
1064 2826 1157 2862 29o;
1178 2826 1246 2850 nec
1276 2812 1413 2850 saeculo
1434 2810 1539 2858 xlv,
1562 2808 1618 2843 in·

153 2877 264 2915 clitus
285 2877 347 2915 ille
365 2877 565 2915 Boccatius
579 2906 590 2924 ,
611 2877 649 2915 in
671 2876 771 2915 libro
793 2895 808 2911 ιι
829 2878 877 2915 de
893 2877 1013 2916 Claris
1033 2877 1281 2927 mulierilius,
1301 2895 1314 2911 υ
1336 2888 1453 2927 quum
1475 2874 1621 2923 pleras-

153 2955 227 2992 que
252 2941 510 2980 Lactantianas
538 2941 700 2993 Sibyllas
721 2951 935 2991 recenseat,
959 2943 1147 2993 Europa-te
1182 2942 1237 2979 vel
1260 2941 1435 2991 Agrippa*
1460 2936 1618 2976 mentiu-
