1752 3495
155 219 216 264 82
538 216 614 260 AD
648 215 997 261 SIBYLLINOS
1036 217 1244 261 LlBROS

151 332 165 347 -ι
207 320 316 349 restas
340 310 539 350 Alexandri
563 310 755 361 scripsit.»
783 311 857 349 Nec
882 311 991 361 plura
1027 312 1265 357 lactantium
1288 319 1324 348 et
1346 311 1411 360 qui
1436 311 1497 348 alii
1521 312 1613 349 l’er-

151 376 236 413 sicae
254 373 407 424 Sibyllae
426 363 699 420 meminerunt,
719 375 755 411 id
776 387 910 411 omues
930 388 976 411 ex
998 375 1179 412 Varronis
1197 382 1262 411 aut
1286 374 1570 412 Lactantii'lide.

203 439 327 476 Porro
357 438 542 483 Nicanor,
573 439 676 476 solus
699 438 746 475 de
771 451 814 474 ea
840 437 982 488 Sibylla
1014 440 1149 477 citatus
1177 446 1333 486 auctor,
1361 439 1446 489 quis
1480 439 1614 484 suerit,

154 503 265 553 plane
282 501 467 539 incertum
489 511 554 540 est.
572 503 715 552 Sponte
737 509 861 538 tamen
876 503 1063 539 succurrit
1082 515 1197 540 unum
1219 502 1335 540 fuisse
1349 516 1395 539 cx
1412 502 1616 541 Alexandri

150 565 335 617 praesectis
355 579 519 615 quorum
537 575 609 603 tres
628 574 691 602 aut
713 565 839 615 plures
860 565 930 615 ipsi
951 568 1197 616 cognomines
1217 581 1236 603 a
1255 567 1299 612 Q.
1318 567 1450 605 Curtio
1468 579 1616 604 memo-

151 639 252 667 ratos
275 630 500 667 invenimus.
536 630 570 667 ls
601 628 774 671 sortasse,
805 628 1104 667 commilitonum
1136 644 1289 668 suorum
1313 630 1500 681 exemplo,
1528 632 1618 669 Pto-

135 686 296 741 ’lemaei‚
324 692 556 737 Aristobuli‚
591 691 834 739 Hieronymi,
864 693 1039 737 Nearchi,
1060 694 1105 729 ad
1141 694 1396 731 :edificandam
1426 694 1482 730 sui
1511 693 1618 730 ducis.

149 757 342 795 historiam
365 756 503 808 aliquid
519 756 681 793 materiae
696 756 870 794 conferre
883 757 1060 796 voluerit.
1083 758 1155 795 Sed
1178 758 1249 795 hoc
1268 771 1337 795 nos
1355 773 1374 796 e
1395 757 1616 808 conjectura

151 831 310 859 tantum.
336 821 479 859 Deinde
494 819 584 870 quid
600 819 663 856 ille
680 819 725 856 de
738 819 888 857 Persica
907 821 1051 870 Sibylla
1067 821 1165 857 inter
1177 823 1384 859 Alexandri
1402 837 1461 860 res
1475 825 1621 873 gestas?

153 887 295 925 Rursus
316 887 438 924 omnia
472 884 726 935 conjectant-a.
748 885 822 922 Sed
846 886 937 935 quid
965 895 1088 923 tamen
1110 887 1198 924 ille?
1225 888 1300 926 Nisi
1324 890 1419 925 sorte
1442 888 1620 925 narrabat

152 951 368 1004 prophetim
399 952 496 988 illam
519 951 633 988 fuisse
660 950 759 1001 apud
779 952 914 989 Persas
940 951 1102 996 claram,
1134 966 1218 1002 quae
1239 953 1287 990 de
1319 953 1548 1000 Alexandri,
1578 954 1615 990 id

152 1027 231 1063 est,
261 1017 307 1054 de
336 1016 449 1053 futuri
483 1014 643 1065 alicujus
670 1016 870 1053 Persarum
896 1016 1095 1053 domitoris
1122 1017 1285 1054 adventu
1308 1018 1480 1055 nonnihil
1517 1032 1615 1068 prze-

152 1082 327 1127 dixisset3
349 1094 506 1130 eamque
536 1081 636 1117 inter
657 1081 937 1130 antiquissimas
969 1080 1134 1118 habitam
1165 1083 1275 1131 vulgo
1302 1083 1438 1131 fuisse,
1460 1083 1536 1120 imo
1556 1083 1619 1120 Si-

151 1145 263 1196 byllis
286 1143 462 1181 omnibus
485 1144 616 1193 graecis
648 1144 830 1194 priorem.
860 1145 933 1190 Qui
960 1145 1060 1182 enim
1084 1146 1193 1182 aliter
1218 1147 1339 1183 Varro
1367 1147 1529 1196 primum
1561 1147 1619 1183 isti

149 1210 272 1247 locum
309 1216 394 1246 antc
430 1208 594 1257 reliquas
619 1209 895 1245 concessisset?
929 1209 1049 1246 Facile
1074 1222 1166 1260 ergo
1199 1210 1387 1246 credimus·
1419 1210 1620 1247 Persarum

149 1273 356 1324 quosdam,
389 1271 601 1309 victoribus
631 1272 827 1309 adulantes
847 1272 1133 1320 Macedonibus,
1154 1273 1309 1324 aliquod
1331 1274 1366 1311 in
1387 1288 1517 1311 corum
1542 1274 1623 1311 lau-

148 1337 233 1375 dem
252 1337 482 1383 oraculum,
517 1345 692 1386 tanquam
717 1336 853 1373 veteris
886 1336 1134 1386 prophetissae
1149 1337 1248 1387 apud
1271 1351 1358 1374 suos
1377 1339 1509 1389 clarae,
1535 1352 1622 1389 pro·

152 1401 326 1448 duxisse,
347 1401 442 1438 sicut
467 1400 544 1437 sere
562 1399 712 1438 Jaddus
744 1399 965 1438 Judaeorum
1002 1401 1170 1450 pontifex
1188 1401 1340 1438 obviam
1361 1402 1508 1440 venisse
1532 1403 1623 1441 Ale-

152 1465 310 1512 xandro,
350 1465 517 1504 Danielis
551 1464 598 1501 dc
629 1477 674 1502 eo
714 1465 934 1515 prophetias
976 1465 1122 1511 serens,
1158 1466 1282 1517 vulgo,
1323 1467 1388 1504 sed
1427 1467 1621 1514 fabulose,

154 1539 344 1569 narratur.
376 1530 414 1569 ld
439 1530 469 1568 si
494 1543 571 1567 non
597 1531 753 1567 omuino
786 1531 912 1580 specie
945 1539 1071 1577 caret,
1092 1545 1222 1568 rursus
1245 1532 1284 1568 in
1314 1531 1406 1568 duas
1430 1545 1470 1570 se
1496 1541 1623 1582 partes

151 1594 370 1645 conjectura
390 1594 529 1631 scindit
551 1608 559 1630 :
584 1602 652 1631 aut
684 1594 783 1632 enim
808 1608 943 1632 novam
976 1603 1072 1633 etex
1102 1603 1272 1646 tempore
1303 1598 1504 1634 confictam
1535 1610 1624 1648 pro-

153 1658 319 1708 phetiam
343 1672 414 1709 pro
438 1658 594 1708 antiqua
615 1658 841 1704 attulerunt,
859 1666 922 1696 aut
944 1672 1031 1696 vore
1050 1660 1243 1710 antiquam
1264 1661 1351 1697 etin
1369 1661 1516 1698 oriente
1534 1661 1620 1698 vul·

152 1731 292 1772 gatam,
313 1721 417 1771 quod
433 1720 544 1758 nobis
564 1721 682 1771 magis
704 1722 836 1771 placet.
860 1722 1004 1759 Rursus
1024 1736 1115 1759 vero
1132 1723 1375 1773 quaerendum
1395 1724 1494 1762 unde
1513 1734 1624 1762 vetus

154 1789 189 1824 iu
212 1786 370 1826 Perside
384 1786 566 1824 adversus
587 1788 720 1825 Persas
739 1787 956 1837 prophetia.
985 1788 1051 1825 llic
1081 1788 1189 1825 nobis
1205 1790 1405 1835 succurrit,
1425 1790 1472 1827 ab
1493 1791 1622 1841 aliquo

157 1852 348 1891 Persicum
368 1851 501 1901 jugum
529 1851 786 1901 impatientius
816 1852 971 1900 serente,
993 1865 1057 1890 seu
1081 1853 1213 1899 Medo,
1241 1854 1318 1891 sive
1347 1855 1519 1903 Assyri0,
1546 1854 1626 1891 sive

155 1915 348 1962 Chaldaeo,
365 1915 443 1951 sive
464 1914 572 1964 Lydo
591 1942 601 1960 ‚
622 1915 798 1966 scriptam
824 1916 921 1953 hauc
940 1916 1028 1953 olim
1050 1917 1163 1955 fuisse
1184 1917 1423 1968 prophetiam
1446 1918 1626 1957 adversus

157 1993 278 2016 novos
299 1988 377 2016 tum
401 1979 494 2016 Asiae
514 1978 743 2024 domitores,
772 1980 862 2030 Cyri
889 1981 1046 2018 sortasse
1070 1983 1126 2019 vel
1151 1982 1347 2032 Camhysis
1367 1982 1625 2032 temporibu33

156 2057 239 2093 quae
258 2052 401 2094 postea,
421 2043 672 2081 Macedonum
695 2057 830 2088 causa,
862 2058 883 2081 e
912 2044 1117 2082 chaldaica
1151 2046 1271 2083 aliave
1295 2047 1469 2083 orientali
1498 2047 1626 2097 lingua

158 2122 276 2158 graece
297 2107 480 2145 vertenda
499 2107 626 2146 fuerit.
649 2108 784 2157 ltaque
805 2122 881 2145 non
908 2109 1067 2146 multum
1086 2109 1196 2147 uobis
1212 2110 1350 2159 officit,
1368 2110 1471 2160 quod
1493 2112 1625 2147 eadem

159 2181 260 2210 vates
278 2185 347 2222 pro
369 2171 522 2210 Perside
540 2172 713 2210 Chaldaea
729 2187 749 2210 a
770 2172 996 2222 quibusdam
1019 2183 1278 2224 nuncupetur.
1299 2175 1372 2212 Sed
1404 2188 1527 2225 neque
1557 2175 1627 2212 hoc

160 2252 282 2288 neque
311 2237 413 2275 aliud
441 2237 649 2287 quidquam
686 2237 732 2274 de
755 2237 825 2274 hac
847 2237 992 2287 Sibylla
1020 2244 1184 2285 certu‘m3
1205 2249 1240 2276 et
1263 2253 1348 2289 quae
1375 2240 1422 2276 (le
1450 2239 1626 2277 Chaldaea

164 2313 248 2339 sunt
264 2302 422 2339 dicenda
438 2331 447 2348 ‚
469 2302 602 2338 melius
623 2303 658 2337 in
681 2302 856 2351 proximo
880 2303 1003 2352 rapit(-
1027 2303 1294 2353 disquirentur.

852 2415 942 2425 —.

163 2503 267 2540 (ΣΑΡ.
298 2501 374 2539 XV.
405 2503 460 2537 Dr.-
489 2500 632 2541 Sibrlla
662 2502 862 2548 Chnlrloen,
892 2516 954 2538 seu
983 2501 1188 2548 Balquum'a
1206 2530 1214 2541 ,
1245 2508 1319 2537 sive
1346 2502 1531 2547 Hebroea,
1555 2484 1627 2538 simi

817 2567 970 2602 Judoea.

217 2650 372 2701 Sibynae
402 2649 588 2687 Chaldaeae
606 2663 672 2687 seu
701 2650 917 2701 Babyloniae
942 2645 1078 2690 nomen
1100 2653 1135 2689 iu
1154 2650 1336 2702 catalogo
1353 2665 1509 2704 prorsus
1536 2654 1632 2690 omi-

164 2725 265 2754 serat
284 2717 420 2760 Varro,
443 2715 545 2752 unde
563 2728 631 2753 nec
646 2716 749 2766 apud
775 2717 1010 2755 Lactantium
1034 2732 1102 2755 nec
1126 2718 1227 2768 apu'd
1257 2717 1445 2755 Isidorum
1465 2718 1629 2756 Lactan-

166 2782 266 2818 tiana
282 2779 719 2818 reserenteminvenitur.
730 2780 804 2818 Sed
819 2781 1002 2819 Lactantii
1018 2782 1284 2833 compilatores
1303 2795 1445 2832 graecos
1465 2783 1628 2820 mentio-

167 2858 251 2883 nem
268 2845 348 2894 ejus
369 2844 491 2882 facere
511 2844 687 2890 diximus,
708 2857 830 2895 neque
849 2846 965 2895 ipsam
988 2859 1008 2883 a
1023 2847 1200 2884 Varronis
1214 2847 1364 2886 Persica
1386 2846 1630 2898 distinguere.

128 2921 130 2923 '
164 2911 220 2948 lta
238 2909 371 2947 Suidas
386 2908 536 2946 duobus
554 2908 658 2956 locis,
671 2908 742 2945 sul)
758 2908 870 2958 hujus
886 2911 1074 2948 Excursus
1094 2911 1201 2949 linem
1216 2911 1453 2962 proferendis
1470 2926 1478 2948 :
1498 2911 1628 2964 Πρώτη
