1686 3500
95 213 188 259 380
475 212 559 257 AD
590 212 937 259 SIBYLLINOS
969 211 1175 258 LIBROS

94 309 201 349 libris
211 308 387 359 juniores
409 307 575 348 habendi
593 319 694 349 sunt.
721 310 863 351 Ambos
881 317 1007 348 autem
1032 308 1120 347 ideo
1145 307 1430 360 conjungimus,
1450 311 1555 362 quod

90 372 276 421 doctrina,
288 373 483 412 sententiis
494 402 506 422 ,
521 374 688 426 ipsisque
703 373 909 425 aliquando
925 371 1052 410 verbis
1069 371 1122 410 ita
1138 372 1241 410 inter
1252 385 1293 410 se
1311 375 1557 426 conveniant,

87 445 137 488 put
155 437 268 489 plane
287 435 335 474 ab
353 437 486 476 eadem
519 451 632 477 mauu
650 437 812 490 profecti
836 436 1049 474 videantur.
1077 436 1154 475 Nec
1174 445 1299 474 tamen
1319 450 1435 475 unum
1450 467 1461 485 ‚
1491 438 1557 476 sed

91 501 172 540 duo
191 501 360 540 earmina
378 502 571 552 efficiunt,
591 514 755 554 quorum
776 512 919 538 summa
939 498 1078 538 nobis
1064 512 1142 550 Jam
1161 507 1219 538 est
1233 501 1477 552 exponenda.

144 566 258 606 Prior
276 565 376 604 liber
391 574 539 604 constat
555 564 728 603 versibus
748 571 894 601 tantum
909 563 958 601 28
963 571 1122 614 ,estque
1137 562 1267 634 potius
1284 563 1430 615 hymno
1444 577 1560 616 qnam

92 630 274 670 vaticinio
292 630 439 671 similis.
459 630 596 681 Incipit
613 629 712 667 enim
731 628 803 665 hoc
824 626 964 665 modo:

251 694 439 735 Ἀθανάτου
460 693 568 745 μέγαν
583 692 654 732 υἱὸν
674 691 828 743 ἀοίδιμον
847 691 887 729 ἐκ
906 689 1025 744 φρενὸς
1044 690 1148 729 αὗδῶ.

91 761 221 813 Pergit
244 760 387 812 Sibylla
413 761 511 811 (nam
537 758 760 809 Sibyllinum
777 770 857 795 esse
874 767 978 809 'opus
1003 769 1026 795 e
1047 757 1199 809 septimi
1228 757 1318 796 libri
1344 758 1419 796 fine
1437 772 1556 811 pare—

93 826 162 877 bit)
189 825 259 865 Dei
286 825 404 863 filium
429 822 639 867 celebrare,
671 821 730 860 cui
752 830 860 872 pater
886 821 1022 860 solium
1052 834 1116 860 seu
1136 835 1293 873 regnum
1321 821 1428 861 dedit
1448 831 1556 862 ante-

91 904 207 943 quam
226 890 265 928 in
292 889 399 928 terris
417 888 658 939 gigneretur3
678 886 745 937 qui
763 886 901 924 iterum
926 900 994 938 per
1011 887 1240 937 baptismum
1266 888 1414 938 genitus
1431 897 1486 926 est
1517 887 1557 926 in

92 955 260 995 Jordane
279 966 386 992 amne
418 952 578 990 flammis
606 951 780 1001 ardente,
814 959 892 989 tum
910 965 1027 1002 quum
1047 951 1230 1002 Spiritum
1247 951 1344 989 vidit
1375 951 1560 990 columbae

92 1021 212 1058 instar
238 1018 276 1056 in
298 1029 336 1054 se
369 1015 672 1054 descendentem.
703 1014 789 1052 Vita
817 1013 956 1052 deinde
980 1021 1016 1052 et
1046 1013 1226 1051 miracula
1254 1014 1395 1053 Christi
1425 1014 1556 1065 paucis

94 1082 265 1121 versibus
284 1079 551 1125 absolvuntur,
570 1079 865 1130 increpaturque
889 1077 1024 1117 Judaea
1055 1077 1106 1116 ob
1140 1077 1259 1129 ipsius
1275 1078 1489 1129 passionem
1520 1087 1557 1117 et

93 1154 264 1184 mortem.
283 1143 457 1194 Denique
476 1143 581 1181 Crux
602 1142 792 1190 laudatur,
813 1142 852 1180 in
871 1155 946 1193 qua
967 1142 1068 1181 Deus
1089 1140 1294 1193 pependit,

249 1206 330 1260 Ἐφ’
347 1201 376 1262 ᾧ
395 1206 482 1250 Θεὸς
499 1205 704 1252 ἐξετανύσθη
716 1235 728 1256 ,

92 1284 166 1308 non
199 1270 238 1308 in
275 1270 406 1320 terris,
437 1269 502 1307 sed
531 1269 570 1306 in
590 1268 683 1306 caelo
713 1281 888 1307 mansura
903 1298 914 1317 ,
947 1268 1071 1307 donec
1099 1268 1137 1306 in
1164 1268 1314 1320 jndicio
1340 1269 1553 1322 refulgeat,

89 1348 206 1388 quum
224 1335 326 1374 Dens
348 1335 427 1386 ipse
443 1347 574 1372 rursus
593 1347 633 1372 se
648 1334 872 1373 mortalibus
887 1333 1091 1372 videndum
1107 1334 1265 1381 offeret,

247 1398 374 1438 Ἥνίκα
393 1397 554 1453 ἀστράψῃ
574 1397 613 1437 τὸ
631 1396 705 1438 νέον
725 1399 817 1439 Θεοῦ
836 1399 988 1452 ἔμπυρον
1007 1398 1119 1451 ὄμμα.

140 1463 364 1503 'transimus
375 1463 453 1514 jam
470 1462 516 1500 ad
533 1463 737 1514 septimum
754 1462 905 1510 librum,-
922 1463 961 1501 in
977 1476 1054 1514 quo
1071 1463 1252 1501 nonnulla
1271 1463 1351 1502 istis
1365 1463 1556 1503 simillima

90 1528 308 1575 traduntur,
330 1527 396 1566 sed
421 1528 537 1566 variis
568 1527 813 1578 confusisque
843 1527 963 1566 mixta
981 1527 1184 1566 vaticiniis.
1204 1528 1340 1567 Mutila
1364 1538 1453 1567 sunt
1473 1529 1555 1580 pri-

89 1592 236 1631 mordia
263 1592 376 1643 hujus
414 1591 499 1630 libri
515 1621 524 1640 ,
555 1600 593 1630 et
625 1591 785 1630 sortasse
815 1604 966 1643 semper
993 1591 1101 1642 justo
1134 1592 1294 1631 exordio
1326 1602 1555 1645 caruerunt,

89 1670 225 1709 nempe
244 1655 292 1694 ad
307 1656 462 1707 Sibyllae
487 1655 757 1702 imitationem,
779 1668 913 1694 trunca
938 1664 975 1693 et
996 1654 1165 1707 abrupta
1179 1656 1361 1707 jactantis
1384 1657 1554 1708 oracula,

88 1722 187 1760 sicut
209 1722 290 1773 jam
319 1720 367 1758 de
385 1720 473 1759 libri
495 1720 566 1767 111,
593 1721 616 1771 §
641 1733 662 1759 a
681 1748 693 1767 ,
713 1720 833 1758 initiis
854 1719 1097 1758 observatum
1129 1729 1198 1761 est.
1230 1721 1368 1759 Versus
1399 1722 1555 1773 quidem

89 1786 200 1836 7-15‚
218 1785 270 1823 ita
285 1785 363 1824 sere
384 1793 425 1824 ut
439 1798 539 1823 nunc
557 1793 660 1837 sunt,
677 1784 890 1837 discerptos
909 1793 1023 1835 atque
1042 1784 1206 1824 'dissutus
1220 1784 1299 1837 jam
1316 1794 1426 1824 antea
1441 1786 1555 1825 fuisse

89 1862 232 1899 remur,
247 1862 360 1901 quam
379 1848 468 1887 hinc
483 1848 645 1887 detracti
663 1848 882 1887 transierint
897 1848 936 1887 in
951 1847 1092 1886 librum
1109 1848 1140 1898 l,
1153 1862 1190 1888 v.
1211 1850 1298 1899 183,
1317 1862 1399 1901 sqq.
1416 1850 1556 1901 Utique

89 1914 155 1953 tali
172 1928 275 1953 nunc
293 1914 470 1953 feruntur
488 1914 624 1953 initio:

140 1980 336 2018 Deflentur
355 1978 486 2030 paucis
517 1977 714 2027 versibus,
739 1978 818 2027 1-5,
845 1979 983 2018 futurae
1011 1978 1246 2018 calamitates
1273 1978 1424 2030 Rhodi,
1446 1980 1553 2031 Deli,

87 2043 233 2095 Cypri,
250 2043 403 2083 Siciliae.
422 2042 530 2088 Inde,
555 2043 750 2081 nonnullis
768 2042 920 2082 insertis
939 2044 987 2082 de
1006 2042 1156 2081 diluvio
1173 2044 1369 2093 universo,
1388 2057 1426 2084 v.
1447 2057 1508 2092 7·1
1521 2058 1555 2091 x,

89 2107 224 2147 transit
245 2115 351 2146 vates
364 2106 412 2145 ad
428 2107 658 2158 Phrygiam,
677 2120 761 2159 quae
781 2107 902 2160 prima
916 2106 1030 2145 undis
1053 2109 1247 2146 emersura
1267 2107 1315 2146 sit
1334 2115 1373 2146 et
1393 2107 1555 2159 primum

87 2171 304 2223 exemplum
325 2171 460 2209 datura
477 2171 723 2219 idololatriae,
740 2184 778 2209 v.
800 2172 930 2210 12-15.

137 2237 356 2287 Sequuntur
375 2235 556 2288 praedicta
577 2236 658 2275 sine
680 2236 816 2275 ordine
837 2236 935 2275 mala
954 2236 1070 2275 multa
1084 2235 1350 2290 AEthiopibus,
1369 2237 1555 2289 AEgypto,

91 2300 307 2349 Laodiceae,
325 2314 361 2339 v.
386 2302 521 2341 16-23.

140 2363 238 2402 'rum
250 2363 384 2415 judicii
401 2364 560 2403 extremi
576 2365 797 2416 gravissima
812 2364 1072 2416 comminatio,
1090 2377 1127 2403 v.
1150 2364 1286 2410 τιὰ-35.

144 2429 262 2476 Hinc,
283 2429 386 2467 velut
416 2429 557 2468 ultimis
584 2429 821 2482 temporibus
847 2429 1016 2481 praeviar
1034 2436 1226 2467 canuntur
1251 2442 1438 2467 novorum
1459 2429 1553 2468 Per-

91 2504 216 2530 sarum
243 2493 399 2531 exordia
420 2493 692 2546 (quorumnam
712 2494 864 2532 illorum
881 2522 893 2543 ,
913 2506 1001 2531 mox
1019 2493 1260 2544 quaeremus).
1279 2494 1555 2533 Romanorum·

91 2570 167 2608 que
187 2557 367 2595 adversus
386 2558 471 2596 illos
493 2557 633 2596 bellum
652 2559 804 2606 infelix,
823 2571 860 2599 v,
877 2559 1016 2598 36·5o.

139 2620 216 2659 Sed
237 2634 370 2659 rursus
389 2621 428 2659 in
448 2622 644 2660 confusam
664 2622 891 2673 farraginem
913 2620 1116 2660 incidimus
1133 2622 1376 2660 oraculorum
1393 2636 1459 2661 seu
1483 2636 1554 2674 po-

90 2688 165 2726 tius
184 2688 373 2727 minarum
402 2689 584 2728 adversus
611 2690 789 2739 Trojam,
820 2690 1104 2740 Colophonem,
1124 2690 1369 2739 Corinthum,
1396 2692 1554 2742 Tyrum,

90 2766 127 2792 v.
150 2753 281 2802 51-63,
301 2753 401 2792 unde
422 2753 470 2792 ad
488 2754 634 2806 Syriam
656 2754 880 2802 transilitur,
902 2767 939 2793 v.
957 2754 1020 2801 64,
1042 2767 1101 2805 sq.

140 2816 221 2864 lbi,
244 2825 406 2869 propter
425 2817 544 2868 Syriae
559 2830 646 2856 cum
662 2818 796 2857 Judaea
810 2817 1059 2866 vicinitatem,
1079 2818 1301 2858 inseruntur
1316 2819 1487 2870 qnaedam
1507 2817 1553 2855 de

88 2881 311 2920 Judaeorum
335 2881 431 2920 mala
453 2882 491 2920 in
512 2882 633 2920 Deum
651 2881 722 2921 lide
737 2910 747 2929 ‚
764 2896 800 2922 v.
824 2883 889 2932 66,
908 2881 955 2920 de
973 2882 1235 2922 incarnatione
1250 2883 1389 2923 Christi
1403 2896 1472 2934 per
1489 2880 1553 2919 ba·
