1686 3500
640 182 943 228 EXCURSUS
978 184 1055 229 VI.
1474 186 1570 231 473

93 275 307 328 potuissent
335 275 407 315 nisi
424 275 473 314 ab
493 276 650 334 homine
669 275 806 317 Latino
839 277 995 316 ludente
1021 278 1060 316 in
1087 279 1313 329 pnrouymia
1343 279 1501 319 fortuita
1533 290 1570 320 et
1593 303 1594 306 =

91 353 189 378 vana
211 340 369 393 :inique
396 355 510 392 vero,
531 350 573 380 ut
605 340 796 392 diximus,
829 343 1010 394 quoniam
1039 356 1060 380 e
1086 341 1282 393 Sibyllinis
1303 345 1474 384 versibus
1494 359 1570 384 vox

92 403 225 455 πληγαί
244 406 401 444 omnino
420 406 551 453 abest3
578 419 648 444 nec
669 406 843 444 videmus
862 420 932 445 cur
952 420 1028 445 non
1049 406 1249 458 potuerint
1263 408 1421 447 diversae
1436 410 1569 448 mundi

93 477 221 521 partes
257 479 417 522 propter
451 479 619 522 quatuor
642 470 786 510 Christi
822 472 980 510 vulnera
1017 471 1092 510 huc
1125 470 1289 518 adduci,
1325 473 1422 512 sicut
1454 475 1572 514 totius

93 532 226 571 mundi
248 534 446 585 amplexus
466 542 503 572 et
515 534 622 585 quasi
643 534 831 574 dimensio
852 549 921 586 per
939 535 1094 573 brachia
1116 535 1154 573 in
1173 548 1286 573 cruce
1304 545 1483 587 extensa,
1507 553 1571 578 re·

93 604 204 647 cepta
223 598 324 649 apud
351 611 484 636 omnes
512 598 714 650 theologos
743 600 946 651 allegoria,
978 613 1091 650 qnam
1116 609 1154 638 et
1182 599 1377 651 Sibytlista
1396 603 1574 655 antiquus

93 661 231 709 habet,
250 661 315 700 lib.
338 662 444 710 Vssl,
462 675 498 701 v.
518 663 591 701 302
617 679 624 701 :

252 727 462 768 Ἐκπετάσει
478 728 514 768 δὲ
527 729 634 783 χέρας
651 730 710 768 καὶ
727 730 856 780 κόσμον
869 729 1006 769 ἅπαντα
1023 729 1209 782 μετρήσει,

94 802 130 830 et
150 792 247 831 nlius
267 793 469 841 recentior,
488 793 555 834 lib.
585 795 623 842 1,
643 808 683 834 v.
708 795 781 842 372
804 810 811 832 :

250 856 343 897 Ἀλλ’
359 857 442 895 ὅταν
461 858 636 910 ἐκπετάσῃ
660 864 779 912 χεῖρας
796 857 854 896 καὶ
871 858 986 898 πάντα
1007 858 1180 912 μετρήσῃ.

146 921 330 968 Quintum
350 923 577 975 notandum,
594 923 849 962 descendendi
873 923 919 961 ad
936 924 1078 962 inferos
1094 937 1246 961 causam
1262 923 1415 962 Christo
1437 923 1573 970 fnisse,

96 994 136 1024 ut
154 987 472 1025 resurrectionem
490 987 658 1026 futuram
673 987 815 1025 sanctis
830 989 989 1027 mortuis
1008 988 1234 1039 praedicaret
1248 995 1285 1027 et
1299 1000 1404 1040 spem
1425 997 1576 1026 aeternae
1600 993 1605 998 '

94 1051 208 1097 vitae,
239 1051 304 1089 lib.
331 1051 434 1099 vm,
463 1066 500 1090 v.
526 1054 615 1099 310,
636 1066 694 1104 sq.
722 1065 732 1092 z

251 1111 352 1159 ’Ἥξει
366 1115 395 1152 δ’
416 1116 462 1158 εἷς
479 1112 579 1163 ἀΐδην
594 1114 773 1167 ἀγγέλλων
791 1117 915 1155 ἐλπίδα
931 1121 1017 1156 πᾶσι

254 1180 339 1223 Τοῖς
354 1179 463 1230 ἁγίοις
477 1210 487 1228 ,
509 1180 604 1223 τέλος
622 1180 756 1218 αἰώνων
777 1180 837 1219 καὶ
857 1180 1004 1234 ἔσχατον
1020 1177 1134 1234 ἦμαρ,

96 1243 198 1294 quod
221 1252 257 1282 et
276 1243 432 1282 brevius
449 1245 605 1292 dicitur,
627 1245 692 1283 lib.
709 1249 726 1284 I
740 1275 750 1294 ,
770 1260 807 1294 v,
827 1248 918 1293 377,
941 1259 1046 1297 sqq.:

675 1309 832 1350 Ὁπόταν
853 1309 1030 1356 Ἀϊδωνέος
1047 1303 1140 1349 οἷκον

254 1373 407 1421 Βήσεται
419 1404 429 1420 ,
449 1375 629 1427 ἀγγέλλων
648 1376 884 1414 ἐπανάστασιν
898 1378 1109 1416 τεθνειῶσιν.

95 1440 176 1477 Hoc
195 1451 288 1477 vero
310 1453 385 1477 non
404 1439 612 1490 Sibyllistis
636 1441 839 1493 proprium
867 1450 941 1489 est,
963 1440 1029 1480 sed
1053 1441 1193 1479 diserte
1217 1439 1320 1492 apud
1343 1438 1474 1478 divum
1497 1440 1580 1496 Pe-

96 1512 197 1542 t1·um
229 1504 382 1556 legitur,
411 1505 524 1556 epist.
547 1506 583 1553 l,
604 1520 690 1558 cap.
719 1512 757 1554 4,
777 1520 811 1546 v,
836 1507 858 1544 6
882 1523 890 1545 ε
915 1508 1109 1558 «Propter
1138 1506 1212 1544 hoc
1241 1505 1341 1544 enim
1362 1513 1399 1543 et
1419 1504 1581 1542 mortuis

95 1588 110 1603 κ
128 1570 431 1621 evangelizatum
461 1579 530 1611 est.
551 1589 565 1604 υ
587 1572 713 1622 Atque
745 1571 860 1621 hujus
882 1572 933 1610 rei
955 1573 1054 1610 ratio
1080 1571 1244 1610 affertur
1265 1584 1285 1607 a
1311 1569 1512 1620 theologis,
1530 1582 1579 1608 ne

95 1634 230 1673 animae
249 1635 287 1673 in
302 1635 434 1674 inferis
453 1636 675 1686 languentes
704 1637 811 1688 prius
837 1637 924 1675 inde
944 1637 1223 1686 educerentur,
1236 1648 1350 1688 quam
1370 1634 1418 1674 de
1437 1634 1578 1674 Christi

96 1701 132 1737 in
162 1708 282 1738 terras
304 1700 470 1739 adventu
500 1715 544 1739 ac
572 1702 719 1752 generis
754 1702 913 1740 humani
936 1702 1225 1754 redemptione,
1260 1714 1346 1751 quae
1370 1700 1518 1739 fuerant
1538 1699 1578 1737 in

98 1764 209 1803 terris
229 1773 346 1817 gesta,
370 1767 639 1817 cognovissent
661 1782 669 1804 :
689 1780 767 1818 quo
787 1776 930 1819 spectat
951 1766 1167 1819 apocryphi
1187 1764 1396 1804 secundum
1417 1764 1577 1804 Nicode-
1620 1753 1631 1767 ⁰

97 1827 198 1866 inum
216 1830 399 1881 evangeiii
420 1843 508 1882 pars
522 1843 597 1868 non
622 1831 773 1868 minima
789 1861 799 1878 ‚
823 1832 1032 1883 praesertim
1055 1844 1145 1868 vero
1165 1844 1248 1881 cap.
1272 1836 1333 1875 al..

413 2101 525 2141 CAP.
554 2102 637 2144 Vll.
659 2106 716 2141 De
734 2105 896 2142 secundo
919 2104 1057 2141 Christi
1073 2105 1244 2142 adventu.

147 2228 373 2268 Transimus
400 2231 448 2269 ad
470 2232 682 2271 secundum
714 2233 857 2273 Christi
885 2234 1118 2281 adventum,
1145 2246 1350 2272 commuue
1363 2232 1441 2285 jam
1465 2246 1578 2285 argu-

98 2303 266 2333 mentum
296 2295 407 2335 nobis
436 2307 474 2336 et
502 2298 670 2348 Judaeis,
700 2300 847 2351 quippe
867 2301 935 2351 qui
955 2299 1156 2339 nobiscum
1187 2300 1264 2338 sere
1283 2289 1575 2351 conspirant‘iu

97 2360 351 2411 exspectando
371 2361 530 2410 Messia,
562 2363 627 2401 sed
659 2364 769 2402 aliter
798 2365 1006 2403 intellecto.
1030 2367 1127 2403 Nam
1151 2364 1218 2415 qui
1240 2362 1354 2401 nobis
1385 2362 1578 2402 secundus

97 2423 303 2472 adventus,
328 2426 403 2464 illis
421 2427 565 2477 primus
585 2436 653 2469 est.
676 2429 866 2467 Praeterea
885 2437 1066 2467 terrestre
1087 2436 1233 2467 tantum
1251 2428 1398 2467 Messiae
1418 2441 1576 2479 regnum

98 2498 336 2541 exspectant,
365 2500 440 2530 'nos
474 2493 650 2541 caeleste,
675 2494 715 2532 id
745 2503 819 2541 est,
846 2495 883 2533 in
906 2495 998 2534 caelo
1026 2503 1092 2532 aut
1117 2495 1154 2532 in
1183 2493 1367 2533 Paradiso
1388 2494 1580 2545 positum,

99 2568 317 2606 quanquam
333 2556 369 2594 in
386 2557 572 2596 Paradiso
592 2553 850 2610 potius,velut
868 2560 991 2598 media
1007 2560 1139 2599 caelum
1156 2560 1315 2598 inter'et
1334 2568 1453 2598 terras
1472 2558 1577 2605 sede,

99 2627 140 2656 ut
170 2619 276 2658 locus
305 2620 353 2659 sit
392 2622 622 2674 corporibus
661 2638 790 2663 rursus
820 2624 868 2663 ad
905 2625 1022 2663 vitam
1053 2625 1233 2663 evocatis.
1276 2623 1443 2662 Fuerunt
1487 2635 1578 2661 vero

100 2683 234 2733 priscis
263 2686 501 2737 temporibus
522 2689 745 2737 Christiani,
775 2690 839 2741 qui
864 2690 977 2728 medii
1007 2690 1105 2728 inter
1121 2698 1322 2740 utramque
1350 2687 1576 2726 sententiam

101 2756 267 2797 starent,
289 2749 400 2788 simul
423 2765 562 2805 nempe
590 2753 700 2792 unius
730 2754 877 2793 Messiae
897 2754 974 2793 duo
995 2768 1110 2806 regua
1130 2761 1344 2805 sperantes,
1366 2766 1482 2792 unum
1503 2760 1577 2790 ter·
1617 2777 1623 2783 ·

102 2822 238 2860 restre,
268 2814 432 2853 aiterum
454 2817 624 2869 eaeieste3
647 2818 762 2870 idque
783 2832 861 2856 non
885 2832 907 2858 a
927 2819 1214 2869 judaizantibus
1234 2818 1361 2864 modo,
1380 2817 1444 2856 scd
1465 2817 1577 2854 etiam

102 2875 148 2915 ab
169 2878 396 2918 orthodoxis
418 2881 644 2932 quibusdam
664 2893 729 2922 aut
749 2892 873 2923 cetera
896 2885 1022 2922 omnia
1050 2893 1151 2923 recte
1178 2882 1449 2929 sentientibus,
1472 2894 1576 2919 rece-
