1686 3500
146 199 238 243 434
485 197 562 240 Al)
587 195 941 253 ‘SlBYLLlNOS
978 197 1180 240 LIBROS

145 293 305 343 Σωτῆρος
323 293 421 340 ἡμῶν
442 290 554 336 Ἰησοῦ
570 291 741 342 Χριστοῦ,
759 292 820 336 τ’ἦς
840 292 879 328 ἐκ
901 290 1080 342 Παρθένου
1099 290 1188 341 φημὶ
1209 289 1375 341 &pedorem
1395 290 1609 343 γεννήσεως,

142 356 200 395 καὶ
216 358 285 393 τῶν
303 355 360 393 ὑπ’
380 356 483 393 αὑτοῦ
498 356 721 394 τελεσθεισῶν
739 354 882 402 ἶᾶσεων,
903 352 1066 395 ὡσαύτως
1081 356 1141 391 τοῦ
1158 355 1324 397 ζωοποιοῦ
1342 352 1469 396 πάθους
1492 354 1611 402 αὐτοῦ,

95 448 103 456 .
142 421 199 458 καὶ
220 422 280 466 τῆς
309 421 348 458 ἐκ
366 420 494 470 νεκρῶν
510 418 698 470 τριημέρου
717 417 897 470 ἐγέρσεως,
924 417 1058 462 καὶτῆς
1076 416 1267 466 μελλούσης
1292 416 1451 467 γενέσθαι
1471 418 1613 469 κρίσεως

141 484 201 522 καὶ
214 482 475 524 ἀνταποδόσεως
494 476 541 519 ὧν
555 483 590 520 ἐν
610 485 660 535 τῷ
683 483 747 535 βίῳ
765 481 875 533 τούτῳ
897 480 1092 533 ἐπράξαμεν
1114 481 1273 523 ἅπαντες.
1304 482 1333 519 ll
1340 481 1394 533 ρὸς
1413 481 1544 524 τούτοις
1569 482 1612 520 τὰ

142 550 176 586 ἐν
196 553 271 591 ταῖς
300 549 505 590 Μωσαῖκαῑς
525 553 672 601 γραφαῖς
691 548 748 584 καὶ
767 552 843 590 ταῖς
862 543 929 583 τῶν
953 547 1140 598 προφητῶν
1163 544 1292 597 βίὸλοις
1321 545 1515 596 δηλούμενα
1535 547 1612 597 περί

141 628 177 652 τε
198 615 260 659 τῆς
278 614 447 662 κοσμικῆς
466 613 623 661 κτίσεως,
645 614 705 656 τῆς
727 625 763 649 τε
785 613 844 648 τοῦ
862 609 1043 661 ἀνθρώπου
1059 609 1309 654 πλάσεως,’καὶ
1332 607 1537 652 ἐκπτώσεως
1553 614 1613 648 τοῦ

145 676 378 729 Παραδείσου,
399 679 458 714 καὶ
473 670 567 719 αὖθις
586 673 831 720 ἀναπλάσεως,
848 675 979 725 τρανῶς
999 672 1290 725 διαλαμὸάνουσι.
1316 673 1440 711 Porro
1462 687 1505 710 ea
1526 684 1613 711 sunt

141 744 270 780 omnia
287 742 440 780 duobus
459 742 591 792 primis
609 741 750 779 inclusa
768 738 888 785 libris,
910 739 986 776 imo
1006 739 1085 776 sola
1107 752 1210 789 paene
1231 748 1438 790 utrumque
1460 752 1611 778 carmen

141 806 323 856 implent:
345 817 434 841 nam
458 813 535 841 uta
551 805 712 842 mosaica
734 803 922 852 scriptura
942 803 1140 840 ordiamur
1155 802 1273 853 (quod
1293 802 1373 852 ipse
1397 803 1540 840 rectius
1559 804 1612 840 se-

140 871 253 907 cisset
273 869 523 918 Anonymus),
544 867 726 904 habemus
745 866 843 903 libro
862 866 874 903 l
893 871 1010 905 totam
1027 880 1133 917 paene
1153 879 1344 904 sacrarum
1365 867 1611 906 historiarum

140 934 276 972 seriem
292 963 302 980 ,
329 927 465 982 nempe
483 932 714 969 creationem
738 930 892 976 mundi,
914 931 947 977 l,
973 944 1006 968 ν.
1032 932 1067 976 8,
1087 945 1190 981 sqq.‚
1211 931 1378 968 hominis
1403 931 1609 979 facturam,

140 1012 180 1036 v.
202 1011 265 1043 aa,
285 1010 385 1047 sqq.‚
403 995 647 1046 ejusdemque
666 1004 885 1046 peccatum,
899 1008 937 1035 v.
957 996 1021 1045 38,
1037 1009 1136 1046 sqq.‚
1151 1004 1187 1032 et
1205 1009 1225 1032 e
1244 995 1424 1034 Paradiso
1445 996 1611 1033 miserri—

140 1076 238 1100 mam
255 1061 492 1112 ejectionem,
512 1073 548 1100 v.
567 1061 630 1107 50,
663 1073 743 1110 sqq.
759 1059 919 1110 Reliqua
942 1059 1080 1098 deinde
1103 1069 1314 1110 sequuntur
1336 1059 1386 1097 ab
1411 1064 1610 1110 Anonymo

141 1133 358 1168 memorata,
377 1137 513 1174 nempe
532 1124 579 1161 de
600 1132 726 1161 sancta
749 1123 817 1161 Dei
843 1124 1051 1170 Trinitate,
1079 1125 1210 1162 saltem
1232 1125 1279 1162 de
1301 1124 1411 1162 Patre
1429 1134 1466 1162 et
1490 1124 1606 1171 Filio,

140 1191 205 1229 lib.
223 1192 252 1238 1,
271 1205 304 1228 v.
323 1194 410 1236 324,
435 1202 534 1240 sqq.;
552 1189 598 1226 de
614 1189 872 1227 incarnatione
889 1188 1052 1237 ibidem
1071 1189 1119 1227 de
1137 1191 1291 1240 Virgine
1311 1199 1441 1236 matre,
1460 1203 1494 1228 v.
1512 1191 1607 1240 3593

139 1256 185 1294 ‹le
204 1255 494 1293 conversatione
512 1254 652 1292 Christi
676 1255 778 1291 inter
800 1254 995 1299 homines,
1016 1268 1052 1294 v.
1077 1256 1165 1302 332,
1192 1268 1293 1306 sqq.;
1323 1254 1370 1292 de
1392 1242 1536 1293 uiorbis
1562 1254 1608 1292 ab

137 1332 184 1356 eo
203 1320 360 1366 sanatis,
381 1332 416 1356 v.
442 1319 532 1364 351,
554 1332 639 1369 sqq.
659 1333 669 1365 ;
693 1317 740 1356 de
768 1319 942 1369 passione
962 1328 998 1357 et
1019 1328 1160 1366 morte,
1184 1333 1220 1358 v.
1244 1320 1333 1368 360,
1356 1333 1462 1370 sqq.;
1483 1319 1530 1359 de
1547 1334 1606 1358 re-

138 1383 392 1429 surrectione,
413 1396 448 1421 v.
470 1384 560 1432 379,
582 1396 683 1434 sqq.;
704 1382 916 1433 dejudicio
936 1396 1115 1434 supremo
1131 1412 1142 1430 ‚
1164 1384 1230 1426 lib,
1251 1385 1306 1431 ll,
1328 1397 1366 1424 v.
1392 1390 1481 1429 214,
1509 1398 1606 1436 sqq33

138 1448 186 1486 de
210 1447 382 1485 mercede
399 1447 589 1498 justorum
611 1455 650 1484 et
668 1448 901 1498 impiorum,
921 1461 959 1488 v.
983 1448 1074 1495 254,
1094 1461 1182 1498 sqq.
1202 1449 1295 1494 Quae
1311 1461 1429 1498 quum
1451 1449 1608 1500 legimus

137 1523 173 1552 et
189 1528 276 1552 cum
292 1514 519 1552 Praefatione
531 1525 811 1564 comparamus,
827 1513 909 1551 lieri
929 1526 1004 1550 non
1024 1522 1147 1564 potest
1164 1514 1256 1565 quin
1277 1515 1487 1565 cogitemus
1505 1516 1607 1553 Prae-

137 1580 316 1618 sationem
346 1579 511 1630 primum
540 1578 752 1616 institutam
783 1579 898 1617 fuisse
927 1579 1045 1629 magis
1071 1578 1206 1616 horum
1235 1579 1398 1617 duorum
1421 1580 1606 1618 librorum

135 1658 247 1682 causa
263 1658 373 1695 quam
387 1644 639 1695 sequentium,
655 1644 692 1681 in
706 1643 862 1694 quibus,
880 1653 1042 1695 excepto
1063 1643 1163 1682 libro
1178 1643 1285 1691 Vlll,
1307 1648 1326 1692 5
1343 1658 1381 1694 a,
1401 1658 1497 1696 sqq.‚
1513 1645 1606 1684 nihil

136 1710 216 1747 sere
237 1709 369 1747 harum
395 1722 521 1747 rerum
549 1717 730 1760 apparet,
750 1708 821 1745 nisi
844 1708 984 1759 passim
1006 1708 1136 1746 multis
1156 1709 1290 1747 alienis
1308 1709 1525 1747 immixtum
1551 1711 1607 1748 in-

137 1775 397 1825 volutumque.
416 1774 465 1813 Et
484 1773 556 1812 hoc
571 1781 627 1811 est
647 1774 751 1825 quod
772 1773 993 1812 dicebamus
1010 1787 1123 1825 supra
1138 1803 1148 1823 ‚
1163 1787 1245 1826 cap.
1270 1788 1283 1812 ι
1297 1788 1310 1812 1
1337 1783 1374 1813 et
1405 1776 1463 1823 13,
1482 1777 1606 1827 epito-

137 1848 317 1877 matorem
333 1839 382 1878 de
395 1839 546 1877 duobus
561 1840 695 1890 primis
714 1839 846 1889 libris,
867 1839 932 1890 qui
955 1839 990 1877 ei
1011 1841 1170 1878 tortasse
1192 1840 1302 1889 primi
1323 1839 1426 1879 obvii
1446 1839 1607 1888 fuerant,

138 1904 301 1955 primum
321 1904 433 1942 unice
449 1905 651 1955 cogitasse,
667 1919 687 1941 e
699 1903 838 1955 quibus
852 1917 965 1942 unam
984 1905 1098 1943 totius
1109 1905 1280 1943 historiae
1297 1920 1413 1944 sacrae
1426 1907 1604 1957 synopsin

136 1971 344 2016 conticere,
361 1968 444 2019 μίαν
458 1968 645 2022 συνάφειαν
660 1969 718 2007 καὶ
735 1968 902 2022 ἁρμονίαν
923 1973 982 2007 τοῦ
1002 1968 1126 2020 λόγου,
1149 1970 1186 2007 ἰη
1207 1971 1335 2008 animo
1355 1970 1500 2010 habuit.
1517 1970 1606 2008 Ideo

139 2036 261 2086 ipsum
294 2035 478 2073 nonnulla
505 2048 552 2073 ex
586 2035 632 2072 iis
670 2035 777 2073 libris
802 2035 1004 2079 recidisse,
1036 2049 1120 2086 quae
1148 2037 1207 2073 vel
1229 2050 1248 2073 a
1271 2050 1379 2074 sacro
1404 2037 1605 2089 proposito

137 2100 258 2137 aliena
275 2107 399 2137 essent
416 2099 474 2137 vel
497 2099 610 2137 latius
637 2108 903 2146 excurrerent,
928 2091 1154 2151 interjectis,
1182 2100 1304 2139 sicubi
1333 2102 1478 2140 lacunae
1497 2115 1605 2152 gran-

137 2164 263 2202 diores
284 2164 520 2213 viderentur,
545 2164 836 2203 transitionibus
850 2165 932 2203 istis
950 2179 1063 2216 prosa
1083 2166 1259 2204 oratione
1279 2167 1444 2217 scripti5‚
1462 2167 1509 2204 de
1524 2168 1606 2217 qui-

139 2227 210 2266 bus
220 2241 290 2266 nos
302 2241 432 2280 supra,
449 2241 533 2280 pag.
545 2230 633 2278 394.
649 2230 814 2280 Quoque
825 2230 1060 2268 manifestior
1072 2244 1198 2268 rerum
1216 2232 1332 2269 series
1346 2231 1383 2269 in
1404 2245 1482 2269 uuo
1501 2232 1605 2282 quasi

138 2301 343 2344 conspectu
363 2302 658 2344 proponeretur,
678 2293 775 2332 duos
794 2294 900 2332 illum
921 2294 1057 2346 libros,
1072 2309 1168 2346 quos
1182 2305 1379 2347 separatos
1397 2297 1604 2343 invenerat,

137 2357 421 2408 brevioresjam
439 2359 580 2405 factos,
600 2359 638 2396 in
656 2373 773 2397 unum
795 2359 1001 2411 redegisse,
1018 2361 1085 2411 qui
1106 2360 1246 2399 deinde
1263 2361 1456 2399 editorum
1477 2375 1605 2400 receu-

140 2422 279 2459 tiorum
299 2422 461 2460 arbitrio
476 2436 608 2461 rursus
626 2423 665 2460 in
680 2423 777 2461 duos
799 2424 911 2462 divisi
932 2433 1033 2463 sunt.
1053 2426 1194 2463 Verum
1213 2434 1254 2463 ut
1277 2426 1350 2464 illis
1366 2416 1503 2464 accidit
1523 2426 1602 2477 qui-

141 2485 211 2524 bus
240 2487 321 2525 sitis
349 2486 518 2525 bibendo
544 2488 704 2536 crescit,
740 2497 897 2540 peracto
929 2488 1033 2540 quod
1062 2488 1134 2527 sibi
1164 2500 1440 2541 proposuerat,
1464 2491 1605 2543 cepisse

142 2551 319 2590 Nostrum
340 2553 544 2603 grandiora
566 2553 762 2599 meditari,
782 2562 818 2591 et
837 2563 986 2592 ceteros
1005 2550 1163 2605 quoque
1179 2555 1389 2605 Sibyllinos
1413 2556 1531 2594 libros
1547 2569 1606 2593 vo·
1646 2595 1651 2601 ,

144 2616 256 2653 luisse
285 2616 321 2652 in
350 2630 462 2654 unam
487 2618 620 2655 seriem
646 2631 905 2670 componere,
926 2619 1037 2657 initio
1066 2619 1168 2657 facto
1196 2633 1215 2657 a
1247 2621 1361 2658 tertio
1381 2620 1481 2659 libro
1501 2633 1605 2672 quem

139 2680 299 2717 fortasse
319 2693 398 2731 prae
414 2681 547 2719 ceteris
567 2682 666 2720 fama
681 2683 869 2733 insignem
895 2692 1144 2735 cognoverat.
1174 2684 1269 2723 lnde
1289 2693 1327 2723 et
1350 2686 1552 2737 prologum
1575 2684 1605 2722 ei

142 2742 242 2781 libro
260 2745 456 2795 praefixum
475 2758 577 2792 esse,
593 2747 900 2784 consarcinatum
925 2762 970 2785 ex
988 2749 1150 2787 aliorum
1176 2749 1365 2788 librorum
1387 2751 1532 2788 laciniis
1546 2779 1556 2796 ,
1573 2756 1607 2786 et

144 2807 320 2846 undecim
352 2821 482 2847 versus
507 2809 659 2860 epilogo
687 2809 858 2861 ejusdem
890 2811 977 2850 libri
1014 2812 1183 2864 additos,
1208 2813 1255 2851 de
1283 2814 1425 2865 quibus
1451 2814 1512 2853 adi
1543 2824 1606 2850 nos

139 2884 274 2924 supra,
294 2887 378 2925 cap.
411 2887 469 2915 ια.
497 2875 630 2914 Postea
649 2883 795 2914 mutato
823 2877 1006 2927 consilio,
1033 2879 1122 2930 quia
1148 2879 1306 2918 sortasse
1332 2894 1391 2918 res
1421 2893 1490 2918 nec
1511 2884 1604 2916 recte
