1752 3495
161 200 256 244 244

744 201 1036 247 APPENDlX

291 297 434 348 Σεμνῶς
453 296 512 335 καὶ
533 298 704 351 καθαρῶς.
723 297 815 337 Τότε
834 297 875 345 δὴ
897 298 1085 349 μετέπειτα
1104 292 1256 352 δεχέσθω

286 360 439 411 Ἔμπεδ’
457 361 516 412 ἀφ’
531 360 706 415 ὑμετέρων
725 362 860 413 ἀλόχων
880 360 943 414 ἱέρ’
961 374 968 383 ·
992 363 1100 415 αὐτὰρ
1120 365 1177 402 ἐπ’
1195 365 1331 412 αὐτοῖς,
1349 358 1352 362 ’

210 437 258 464 20
284 422 387 476 Ἱστῷ
407 425 482 477 ἐμῷ
501 424 660 472 πίσυνοι,
673 423 832 477 λαμπρὸν
848 423 931 477 φοίος
949 421 1024 462 αἵδε
1043 425 1214 478 φερόντων

283 487 486 540 Σεμνοτοίτῃ
506 488 683 540 Δήμητρι.
704 486 756 525 Τὸ
776 485 930 539 δεύτερον
953 481 1035 525 αὖτε
1056 489 1228 528 λαὸοῧσαι

284 551 369 604 Τρὶς
386 551 473 591 τόσα
489 551 625 605 νήφαλα
645 549 757 589 πάντα
773 549 879 604 πυρὸς
895 552 1058 604 μαλεροῖο
1080 550 1243 592 τιθέντων
1254 582 1264 601 ,

279 615 416 656 Ὅσσαι
434 614 670 667 ἐπισταμένως
691 614 811 654 θυσίαν
832 613 985 670 [γερααὶ]
1003 617 1238 670 προτίθενται.

278 680 505 734 Προφρονέως
520 681 548 717 δ’
566 679 668 717 ἄλλαι
688 679 904 717 Πλουτωνίδι
923 680 1031 718 τόσσα
1055 679 1225 720 λαὸοῧσαι
1240 711 1251 730 ,

203 746 250 783 25
279 742 416 785 εὈσσαι
431 746 464 783 ἐν
483 744 600 795 ἡλικίῃ
617 742 781 789 νεοθηλέα
798 743 905 795 θυμὸν
922 743 1063 796 ἔχουσιν

278 808 463 860 Νηπίαχαι
475 836 485 855 ,
505 805 632 856 σεμνὴν
647 805 873 845 Πλουτωνίδα
892 806 1164 846 παντοδίδακτον

279 872 338 911 Ἐν
354 870 469 924 πάτρα
488 871 662 922 εὖχέσθων
681 871 839 922 μίμνειν,
856 870 1010 922 πολέμου
1030 870 1230 924 κρατέοντος
1241 902 1253 920 ,

274 934 392 982 Λήθην
415 933 625 981 Ἑλλήνεσσι
639 939 756 973 πεσεῖν
770 932 903 978 πόλεώς
921 950 957 972 τε
973 934 1034 973 καὶ
1056 935 1175 981 αὐτῆς.

272 998 458 1051 Θησαυρὸν
478 998 507 1036 δ’
528 998 641 1051 ἕτεραι
657 998 716 1037 καὶ
736 997 900 1051 παρθένοι
920 998 998 1037 ἔνθα
1014 999 1209 1052 φερόντων,

196 1065 242 1103 3ο
270 1063 372 1117 Ἱστῷ
388 1067 562 1115 θειοπαγεῖ
580 1063 814 1118 νυμφᾶσματα
832 1063 974 1103 ποικίλα
987 1094 998 1115 ,
1014 1063 1140 1119 [σεμνὴ

272 1129 484 1180 Πλουτωνὶς]
504 1134 670 1178 κοσμοῖτο
685 1129 778 1172 ὅπως
795 1129 957 1180 σχεσίῃσι
972 1127 1149 1181 [καλῇσι].

252 1191 496 1246 -Προφρονέως
515 1193 544 1231 δ’
562 1192 615 1231 ὅτι
635 1193 822 1232 κάλλιστον
839 1194 897 1232 καὶ
916 1193 1034 1232 εὐκτὸν
1054 1196 1108 1232 ἐπ’
1127 1188 1207 1233 αἶαν

270 1258 334 1302 Ὡς
348 1261 519 1305 θνητοῖσιν
539 1258 669 1297 ἰδέσθαι
687 1259 858 1298 ἐπέπλετο
874 1258 934 1297 καί
957 1257 1024 1312 [τε]
1043 1259 1243 1315 φέρεσθαι»

267 1322 371 1375 Ἱστῷ
392 1323 587 1374 σύμμικτον
606 1324 713 1376 δῶρον
733 1323 909 1375 βασιληΐδι
930 1324 1062 1376 Κούρῃ.

194 1387 242 1426 35
267 1387 384 1440 Αὐτὰρ
399 1387 448 1425 ὅτ’
461 1387 501 1425 ἂν
518 1387 680 1440 Δήμητρι
695 1388 756 1426 καὶ
775 1388 862 1441 ἁγνῇ
883 1387 1116 1442 Περσεφονείῃ

268 1451 374 1495 Γαίας
393 1451 560 1504 ὑμετέρας
572 1452 828 1506 ἀπερυκέμεναι
846 1453 945 1503 ζυγὸν
968 1453 1056 1500 αἰεί,

272 1517 419 1555 Αἷδωνεῖ
434 1518 613 1555 Πλούτωνι
631 1518 707 1569 βοὸς
723 1516 949 1571 κυανότριχος
966 1511 1055 1568 αἷμα
1069 1547 1080 1564 ,
1092 1510 1101 1518 ⁸

262 1583 445 1632 Λαμπροῖς
463 1579 583 1632 εἵμασι
597 1580 811 1632 κοσμητοὺς,
828 1581 917 1632 μετὰ
938 1581 1101 1632 ποιμένος
1113 1611 1125 1630 ‚
1143 1579 1237 1626 ὅστις

263 1643 437 1697 [Αήμοιτι]
454 1639 483 1698 ᾧ
499 1644 639 1689 πίσυνος
660 1645 736 1697 βοὸς
749 1645 896 1699 ἄρτεμος
915 1645 1016 1689 αὐτὸς
1033 1644 1082 1684 ὅδ’
1100 1644 1218 1692 ἔσται,

171 1764 220 1794 19.
242 1760 374 1802 Ἔμπεὸ’
386 1760 471 1793 haud
485 1761 576 1794 facite
589 1763 732 1803 capimus
743 1785 753 1802 ,
769 1762 830 1794 nisi

125 1811 202 1841 sunt
225 1807 404 1849 gravida,
432 1808 582 1849 pondere
606 1808 738 1841 valida.
768 1809 830 1841 Ali-

127 1854 256 1896 quando
269 1855 554 1896 interpretabamur
574 1855 674 1888 solida
687 1864 741 1887 seu
756 1864 828 1887 cor-

128 1910 222 1942 porea
237 1901 320 1933 dona
330 1925 339 1940 ,
354 1903 391 1934 ut
406 1906 642 1943 opponerentur
655 1903 829 1943 puellarum

125 1947 353 1989 susfiminibus,
388 1950 551 1981 ὓυέεσσινε
582 1949 638 1981 sed
659 1958 743 1981 minc
768 1958 830 1982 non

125 1995 239 2036 placet.
266 1999 349 2028 Cave
370 1999 477 2028 autem
507 1996 652 2028 victimas
674 1996 830 2035 intelligas

128 2042 290 2083 robustas,
315 2043 467 2083 grandes,
480 2052 544 2084 quo
565 2044 630 2075 tere
652 2052 746 2075 sensu
765 2047 828 2075 110-

125 2098 250 2129 merus,
278 2090 394 2130 odyss.
424 2101 454 2131 τ,
485 2093 556 2130 113,
584 2091 701 2131 ἔμπεδα
728 2092 828 2131 μῆλα,

89 2163 93 2167 .
125 2138 276 2178 qnoniam
297 2137 348 2168 hic
376 2146 441 2169 non
463 2136 504 2169 de
529 2137 687 2176 victimis,
705 2136 760 2169 sed
787 2137 828 2169 de

124 2183 340 2216 oblationibus
369 2182 545 2216 seu'donis
568 2186 693 2225 agitur,
722 2187 825 2227 ἱεροῖς,

125 2240 188 2262 non
205 2231 335 2272 ἱερείοις.

164 2281 215 2311 21.
237 2277 380 2310 offendit
403 2279 438 2309 τὸ
464 2279 615 2321 δεύτερον,
637 2287 738 2320 quum
767 2288 823 2320 po·

121 2325 186 2358 tius
200 2326 235 2358 τὸ
247 2326 346 2368 τρίτον
359 2326 610 2365 exspectandum
632 2326 737 2358 suerit.
757 2326 824 2358 Pri-

125 2382 214 2405 mum
241 2374 326 2406 enim
353 2374 487 2413 puellm,
512 2374 626 2405 deinde
656 2378 822 2414 matronae,

124 2415 224 2447 tertio
250 2415 386 2455 denique
419 2415 488 2446 loeo
520 2416 664 2447 aniculm..
704 2415 822 2447 Deinde

123 2471 179 2505 pro
194 2461 266 2493 αὖτε
284 2462 384 2494 codex
406 2461 495 2493 αὐταί
529 2462 637 2502 habet,
658 2462 742 2494 unde
763 2466 821 2503 Xy-

119 2509 231 2541 landcr
246 2509 323 2541 αὐτά
346 2509 509 2549 refecerat,
524 2509 577 2541 sed
594 2509 682 2541 salso.

161 2560 212 2588 22.
234 2558 304 2598 Τρὶς
333 2556 411 2588 τόσα
427 2556 465 2587 ad
489 2557 554 2598 ἱερά
580 2557 734 2596 refertur,
763 2558 818 2590 sed

117 2602 210 2634 simul
227 2611 394 2634 numerum
418 2603 522 2635 innuit
540 2603 757 2642 offerentium,
784 2605 815 2636 id

116 2651 178 2688 est,
192 2649 385 2688 vetularum,
401 2658 480 2690 quas
497 2659 591 2682 unam
605 2653 637 2682 et
655 2651 817 2691 octoginta

115 2704 183 2726 esse
209 2695 311 2734 jubet.
327 2697 454 2734 Maia
485 2698 551 2737 ἱερά
573 2701 647 2728 sunt
662 2706 736 2738 quae
750 2698 814 2729 vini

111 2742 317 2774 libationibus
331 2745 453 2782 carent,
467 2744 555 2775 ἄοινα
570 2753 697 2784 quoqne
715 2744 812 2785 dicta,

110 2789 189 2821 Poll.
219 2789 274 2821 lib.
306 2791 366 2829 v1,
394 2798 462 2830 cap.
486 2794 544 2828 26,
574 2791 679 2831 qualia
704 2792 809 2823 Cereri

104 2837 286 2875 praesertim
316 2836 451 2876 fiebant,
487 2837 587 2868 Plaut.
618 2838 723 2869 Aulul.
767 2841 807 2878 Π,

109 2890 152 2913 sc.
170 2887 200 2922 5,
216 2890 248 2914 v.
262 2883 358 2922 5‚sed
373 2886 403 2915 et
418 2883 659 2924 Eumenidibus,
673 2884 804 2926 AEsctiyl.

901 1764 932 1794 et
951 1762 1100 1803 sopliocl.
1118 1763 1391 1805 passim,aliisque
1412 1763 1486 1806 diis,
1496 1765 1590 1799 schol.

901 1808 939 1840 ad
958 1809 1070 1849 oedip.
1088 1810 1154 1842 σοι.
1175 1818 1206 1841 v.
1224 1815 1294 1843 100.

942 1860 992 1889 23.
1017 1855 1136 1896 codex,
1153 1856 1259 1898 γρααί,
1275 1865 1373 1898 quam
1390 1865 1499 1890 vocem
1513 1858 1590 1890 nulla

900 1900 1029 1934 firmant
1041 1904 1199 1942 exempla.
1210 1906 1274 1935 Nos
1284 1903 1390 1945 γερααί
1399 1904 1591 1944 conjecimus.

900 1948 981 1980 Vide
993 1958 1033 1980 an
1046 1953 1163 1990 γραῖαι.

942 1998 990 2028 24.
1009 2000 1172 2028 Hactenus
1185 1997 1292 2030 Cereri
1307 1997 1433 2029 litatum
1447 1999 1506 2036 est,
1519 2005 1592 2029 nnnc

899 2043 1110 2083 Proserpinae,
1137 2051 1210 2084 quoe
1228 2043 1405 2081 Πλουτωνίς
1431 2043 1482 2076 hic
1504 2045 1533 2075 et
1550 2044 1592 2075 in·

898 2089 944 2121 sra
959 2091 1110 2133 vocatur,
1130 2099 1202 2121 raro
1221 2091 1378 2130 exemplo.

939 2140 990 2168 25.
1013 2135 1091 2168 cod.
1111 2137 1277 2169 'veoooekem
1308 2140 1372 2169 Nos
1395 2137 1589 2177 correximus,

896 2183 1023 2216 dialecti
1040 2187 1072 2216 et
1088 2185 1180 2216 metri
1197 2193 1304 2216 causa.

937 2235 986 2263 26.
1012 2229 1090 2263 Cod.
1107 2232 1140 2263 et
1156 2230 1228 2263 edd.
1247 2231 1409 2273 νηπίαχοι,
1422 2231 1477 2264 sed
1491 2230 1590 2263 confer

847 2280 851 2284 “
894 2285 991 2317 supra
1007 2286 1040 2309 v.
1059 2281 1085 2310 5.

937 2325 985 2356 28.
1022 2327 1138 2356 Sensus
1170 2323 1320 2357 difficilis.
1351 2325 1484 2357 Videtur
1507 2324 1600 2365 quies*

895 2379 912 2402 a
935 2370 1053 2402 craecis
1069 2370 1185 2412 optari,
1202 2371 1231 2402 ἱιΙ
1256 2373 1317 2410 est,
1332 2371 1394 2404 nisi
1414 2371 1557 2408 fallimur,
1572 2378 1587 2400 a

893 2417 1003 2458 piratis
1031 2418 1155 2457 graecis,
1182 2418 1235 2458 qui
1270 2418 1410 2450 fortassis
1431 2418 1585 2450 etiamtum

893 2464 972 2496 Latii
992 2472 1064 2495 oras
1084 2464 1300 2504 infestabant,
1323 2475 1407 2497 anno
1427 2473 1520 2502 envir.
1542 2464 1586 2495 vel

892 2512 1052 2544 sinistram
1078 2513 1126 2544 sui
1158 2513 1345 2545 memoriam
1385 2513 1584 2553 reliquerant,

889 2560 1014 2591 vastata
1031 2560 1104 2590 ante
1117 2558 1197 2591 duos
1212 2569 1312 2591 annos
1329 2560 1409 2593 Latii
1426 2568 1481 2591 ora
1495 2558 1584 2589 mari-

889 2607 979 2645 tima,
994 2607 1038 2638 ita
1049 2609 1084 2638 ut
1099 2607 1228 2648 impune
1244 2608 1452 2648 discederent,
1463 2610 1584 2639 auctore

890 2653 988 2694 Livio,
1006 2654 1146 2694 lil›.V11,
1166 2654 1184 2695 §
1203 2659 1253 2694 25,
1270 2664 1321 2696 sq.

929 2704 977 2733 29.
1008 2700 1125 2734 Similis
1154 2703 1325 2736 thesaurus
1364 2702 1467 2735 Cereri
1494 2707 1582 2740 snpra

886 2746 1019 2778 collatus
1033 2749 1094 2786 est,
1109 2756 1141 2779 ν.
1158 2754 1206 2787 10,
1220 2758 1290 2790 sqq.
1307 2753 1367 2782 Pro
1378 2750 1472 2790 ἕτεραι
1487 2747 1579 2779 code-r

883 2794 979 2826 babet
996 2795 1078 2826 male
1090 2796 1197 2837 ἕτεροι.

923 2846 971 2874 30.
1008 2843 1105 2878 Ἰστὸς
1134 2844 1298 2884 θειοπαγής
1342 2842 1498 2883 plerisque
1535 2841 1579 2870 cst

880 2888 981 2920 malus
999 2888 1030 2920 in
1053 2889 1208 2922 bonorem
1240 2890 1324 2922 divae
1354 2891 1494 2922 erectus.
1525 2886 1574 2917 sed
