1752 3495
620 171 919 252 Emensus
956 207 1015 249 ιιι
1109 173 1112 177 ’
1452 171 1538 250 ,5'7

81 313 276 353 infitiamur
295 305 461 358 potuisse
477 304 589 342 etiam
612 306 685 342 tale
706 317 857 343 carmen
879 306 958 355 regi
980 317 1049 342 uec
1063 304 1234 354 opinanti
1256 313 1393 355 sponte
1409 305 1542 342 offerri

78 395 95 416 ς.
117 383 222 428 poeta
240 371 442 415 adulante-3
467 369 543 406 imo
567 377 607 406 et
630 369 790 406 sortasse
815 368 946 406 asseri-i
972 381 992 405 ιι
1016 366 1177 405 muliere
1199 357 1364 417 'quadam
1389 367 1542 419 ignota,

77 453 155 492 qua·
182 435 310 474 talium
337 445 464 471 rerum
496 440 751 470 mercaturam
780 431 933 471 faceret.
967 431 1063 471 Hinc
1083 438 1236 482 arrepta
1259 431 1458 469 occasione
1478 439 1541 482 ty-

79 513 213 542 rannus
233 496 444 536 subsidium
464 509 607 534 novum
620 495 775 547 etquasi
790 496 955 534 fulcrum
968 495 1171 533 admovere
1192 507 1269 532 suae
1290 494 1542 533 dominationi

78 564 249 607 decrevit.
268 561 342 602 Sed
357 570 437 600 erat
454 561 581 599 sabula
602 562 852 613 excogitanda
874 575 959 612 quae
980 573 1163 598 arcanum
1186 559 1380 611 quoddam
1399 560 1543 611 religio·

78 630 222 672 sumini
249 626 373 665 fraudi
403 625 740 665 circumfunderet.
766 625 860 665 lnde
898 625 1067 663 mulieris
1091 625 1231 676 ignotae
1261 633 1541 672 commentum,

79 708 181 748 quani
200 691 430 741 Tarquinius
448 691 630 741 Sibyllam
654 691 740 742 ipse
758 691 917 728 sortasse
937 703 1014 727 non
1032 690 1198 738 vocavit,
1214 689 1342 727 vocari
1362 698 1484 726 tamen
1505 698 1544 727 et

79 758 173 799 credi
194 755 293 794 haud
315 768 414 806 aegre
433 755 521 793 tulit
545 768 554 795 ι
576 753 624 792 dc
643 768 720 806 qua
740 768 788 793 ne
809 753 902 805 quid
933 753 1207 805 inquireretur,
1231 752 1361 791 subito
1380 762 1543 792 amotam

81 839 120 862 vx
131 820 261 866 oeulIs,
282 819 491 857 narrationi
508 809 678 856 additum
697 828 766 863 est,
793 818 830 856 id
852 819 954 869 quod
982 818 1083 868 apud
1113 808 1340 867 Dionysium
1365 830 1544 868 expresse

43 884 48 887 ’
81 889 226 938 legitur:
243 883 305 928 ἘΞ
321 883 510 937 ἀνθρώπιον
526 882 713 935 ἠφανίσθη.
726 884 774 922 Et
791 883 891 934 apud
904 883 1068 922 Gellium
1086 894 1095 921 ε
1118 900 1134 916 ιι
1154 881 1228 922 Sed
1245 895 1326 919 eam
1348 882 1543 921 mulierem

79 973 89 987 ιι
109 962 190 991 tunc
209 964 230 988 a
252 948 464 998 Tarquinio
485 947 715 998 degressum,
738 956 868 998 postea
890 940 1075 998 nusquam
1095 947 1170 985 loci
1192 946 1309 984 visam
1329 946 1512 985 constitit.
1530 964 1544 980 υ

81 1019 119 1057 lit
141 1013 237 1065 apud
259 1013 432 1052 Servium
452 1025 462 1051 ε
488 1030 502 1046 «ι
522 1013 621 1051 Tum
649 1012 848 1050 mulierem
878 1011 1006 1050 subito
1028 1025 1106 1048 non
1137 1012 1371 1063 apparuisse,
1388 1029 1403 1044 ν
1434 1010 1545 1050 Unde

79 1091 108 1121 et
140 1082 237 1118 fraus
268 1077 442 1128 arguitur
474 1075 779 1127 Lilybitanorum
811 1077 1029 1128 sepulcrum
1059 1077 1139 1124 ejus
1172 1075 1340 1114 mulieris
1369 1075 1472 1127 apud
1506 1089 1545 1114 se

80 1143 371 1188 monstrantium,
392 1151 485 1181 teste
502 1142 654 1189 Solino,
678 1143 764 1180 loco
782 1143 861 1190 jain
883 1142 1012 1188 citato,
1033 1155 1116 1193 cap.
1137 1155 1173 1179 α.
1194 1141 1330 1180 Cetera
1349 1141 1396 1179 de
1422 1141 1544 1193 pretio

81 1211 252 1249 librorum
273 1207 394 1258 petito
419 1207 586 1257 primum
607 1220 676 1245 nec
694 1207 925 1258 impetrate,
946 1205 1086 1257 deinde
1106 1219 1178 1262 pro
1204 1205 1354 1244 duabus
1375 1206 1543 1257 ipsorum

82 1273 236 1327 partibus
254 1272 375 1323 petito
392 1271 526 1310 eodem
548 1285 756 1322 rursusque
775 1280 933 1323 negato,
951 1270 1103 1310 tandem
1119 1284 1191 1322 pro
1209 1284 1283 1308 una
1305 1271 1417 1309 tertia
1436 1280 1545 1322 parte

81 1346 219 1389 accepto
237 1337 408 1387 integm,
431 1337 623 1387 eleganter
639 1349 731 1374 sane
755 1337 841 1373 licta
862 1345 972 1383 sunt,
992 1349 1064 1373 nec
1091 1344 1218 1373 tamen
1236 1335 1394 1372 omnino
1412 1335 1460 1373 ad
1477 1348 1545 1374 so-

83 1406 197 1442 lertem
222 1401 425 1452 Tarquinii
447 1409 608 1440 mentem
637 1401 847 1440 reserenda.
867 1400 1055 1439 Redolent
1076 1400 1176 1438 enim
1207 1399 1391 1451 quiddam
1419 1399 1546 1438 orien-

83 1469 151 1506 talis
179 1466 344 1517 ingenii.)
380 1478 450 1504 nec
477 1465 620 1504 Graecis
652 1466 774 1504 aliena
802 1479 960 1516 prorsus
990 1465 1155 1503 suerunt.
1188 1464 1329 1503 Similis
1357 1472 1461 1503 certe
1487 1471 1545 1502 est
1593 1484 1596 1487 ·

81 1531 231 1569 narratio
246 1530 349 1581 apud
380 1530 535 1569 Suidam
563 1529 638 1576 bis,
674 1544 707 1568 v.
738 1530 873 1569 Βύὸλον
905 1539 942 1569 et
967 1529 1173 1576 ψάκελλος,
1201 1543 1246 1567 ex
1277 1529 1439 1568 AEliano·
1457 1542 1547 1580 pro-

81 1597 157 1643 lata,
175 1608 394 1647 quanquam
420 1594 625 1633 inleliciter
651 1595 846 1634 decurtata
875 1609 946 1633 nec
974 1595 1064 1633 satis
1086 1603 1194 1633 certo
1220 1602 1472 1646 argumento,
1494 1593 1544 1632 ita

83 1673 227 1711 nempe:
248 1659 294 1699 ‘O
321 1659 356 1698 δὲ
375 1659 552 1698 Ἀπόλλων
573 1658 707 1698 κελεύει
725 1660 784 1698 τὸν
814 1658 876 1710 μὲν
901 1659 1092 1698 ἀποδόσθαι
1117 1661 1168 1712 τῷ
1189 1658 1353 1710 Νικάνορι
1374 1658 1544 1711 φάκελλον

87 1725 197 1777 βύῧλου
212 1724 445 1777 τετρακοσίων
465 1726 618 1776 χρυσῶν·
636 1723 694 1762 ἐὰν
713 1723 750 1762 δὲ
768 1723 816 1774 μὴ
839 1724 952 1777 ἐθέλῃ,
970 1724 1023 1762 ἀεὶ
1040 1729 1297 1777 προσεπιτιμᾷν
1316 1723 1375 1761 καὶ
1394 1724 1545 1761 ἐπαιτεῖν

85 1795 130 1828 :03
147 1790 284 1842 χρυσίου
307 1788 559 1842 προστιθέντα,
583 1787 646 1831 ἕως
670 1787 710 1826 ἂν
735 1787 891 1826 ἀπειπὼν
912 1790 960 1841 δῷ
980 1788 1058 1827 ὅσον
1081 1787 1122 1826 ἂν
1143 1787 1292 1835 αἰτηθεὶς
1308 1786 1396 1839 τύχῃ
1421 1789 1464 1839 τῇ
1489 1785 1544 1824 ἐπὶ

85 1855 194 1898 πάσαις
218 1856 327 1906 φωνῇ.
350 1855 436 1900 Quo
456 1854 493 1891 in
520 1855 604 1893 loco
627 1853 743 1893 verba
764 1854 895 1891 ultima
918 1855 961 1904 τῇ
983 1852 1039 1890 ἐπὶ
1063 1846 1192 1896 notem<
1216 1854 1314 1904 φωνῇ
1338 1850 1480 1902 aliquid
1505 1850 1543 1888 in

88 1920 287 1957 narratione
307 1918 600 1970 praetermissum
624 1918 809 1970 produnt,
826 1926 867 1956 ut
883 1917 972 1955 olim
988 1916 1174 1968 scripturn
1195 1924 1372 1967 putemus
1390 1917 1458 1954 τῶν
1482 1914 1546 1966 μὲν

88 1984 198 2033 [amima
219 1981 505 2036 ὑπεξαιρούμενον
519 2012 530 2030 ,
551 1986 612 2021 τοῦ
630 1982 664 2020 δὲ
685 1982 830 2035 χρυσίου
849 1981 1097 2034 προστιθέντα,
1124 1980 1186 2023 ἕως
1209 1979 1266 2027 ἂν,
1289 1995 1322 2018 κ.
1336 1996 1367 2019 τ.
1388 1981 1422 2021 λ.
1445 1980 1545 2018 Fassi

84 2049 146 2098 jain
164 2061 292 2086 sumus
307 2048 484 2100 ignorare
505 2061 589 2096 nos,
612 2060 689 2099 quo
712 2048 760 2085 sit
779 2046 859 2085 haec
886 2046 1057 2085 narratio
1080 2045 1300 2090 reserenda3
1317 2053 1355 2084 et
1382 2046 1543 2084 sortasse

90 2112 264 2150 Nicanoris
288 2126 427 2150 nomen
460 2112 561 2150 ultro
587 2125 657 2150 nos
682 2111 730 2150 ad
757 2120 928 2163 tempora
953 2111 1160 2149 deduceret
1184 2110 1403 2162 Tarquiniis
1427 2110 1546 2149 multo

89 2177 293 2227 posteriora.
312 2177 493 2215 Fabulam
514 2185 638 2214 tamen
658 2177 777 2228 ipsam
796 2176 1062 2227 perantiquam
1082 2189 1163 2213 esse
1182 2184 1507 2226 putamus,neque
1524 2188 1545 2214 a

91 2241 212 2278 Latinis
236 2242 282 2279 ad
310 2242 476 2290 Graecos,
502 2240 568 2279 sed
598 2241 728 2293 potius
756 2240 804 2279 ab
838 2241 996 2280 Oriente
1024 2241 1064 2279 in
1100 2240 1282 2279 Graeciam
1299 2269 1310 2288 ‚
1335 2240 1475 2278 deinde
1498 2253 1546 2278 ex

88 2307 210 2343 (ir-„reia
230 2308 269 2343 in
287 2307 436 2345 Latium
459 2307 671 2358 transiisse,
693 2306 772 2344 sive
792 2319 813 2344 a
833 2306 1069 2356 Tarquinio,
1091 2307 1171 2343 'sive
1196 2313 1329 2356 postea
1349 2304 1397 2343 ab
1417 2305 1546 2357 aliquo

90 2370 276 2409 latinorum
298 2372 809 2423 graecorumve-scriptorum
829 2371 920 2408 satis
940 2371 1101 2408 solerter
1119 2370 1195 2408 huc
1212 2370 1414 2409 invectam.

129 2435 295 2473 Ceterum
324 2435 370 2473 ad
391 2435 558 2486 ejusdem
583 2435 819 2472 solertissimi
842 2435 939 2485 regis
960 2434 1161 2472 consilium
1182 2433 1391 2471 reserendae
1410 2433 1546 2473 viden·

89 2505 155 2546 tur,
175 2513 256 2551 quae
280 2500 396 2551 vulgo
421 2508 556 2538 erectae
576 2514 597 2537 a
618 2500 830 2551 Tarquinio
856 2500 989 2538 Pris‘co
1011 2500 1255 2545 dicebantur,
1286 2499 1440 2548 Sibyllae
1465 2508 1545 2537 sta-

90 2572 147 2601 tua:
167 2574 256 2613 tres,
283 2565 383 2616 apud
411 2565 601 2612 Plinium,
631 2565 704 2604 loe.
723 2578 838 2616 supra
860 2565 921 2603 cit.
946 2566 1039 2611 Quae
1060 2573 1192 2616 postea
1215 2564 1375 2614 Augusti
1397 2572 1548 2616 tempo-

88 2627 178 2666 ribus
202 2631 237 2667 in
266 2631 350 2667 soro
379 2629 487 2680 juxta
506 2630 643 2668 Rostra
670 2629 874 2675 institutae,
894 2629 931 2666 id
965 2637 1045 2677 est,
1068 2629 1248 2680 repositae
1273 2637 1382 2675 sunt,
1411 2629 1545 2667 codem

88 2699 177 2731 teste.
198 2695 243 2733 Et
267 2695 426 2732 sortasse
445 2708 628 2732 numerus
645 2702 853 2732 statuarum
877 2693 1064 2732 ternarius
1091 2693 1136 2731 ad
1155 2693 1340 2731 librorum
1363 2693 1546 2744 supersti-

90 2764 149 2794 tem
169 2772 363 2798 numerum
382 2758 626 2810 respiciebat.
643 2759 871 2810 Quanquam
892 2758 938 2797 ‹le
958 2759 1094 2797 statuis
1120 2759 1225 2809 ipsis,
1247 2772 1292 2796 an
1315 2767 1389 2796 tres
1416 2771 1547 2797 revera

87 2836 102 2858 a
118 2824 319 2875 Tarquinio
353 2826 485 2877 posit-<e
505 2826 658 2874 suerint,
693 2825 847 2870 videtur
877 2824 1053 2864 liaesitare
1078 2825 1254 2864 Plinius:
1276 2843 1292 2859 «
1308 2826 1391 2864 Non
1415 2824 1544 2870 miror,

88 2903 97 2917 n
116 2887 250 2942 inquit,
279 2899 352 2929 tres
379 2891 454 2930 sint
481 2891 581 2930 licet.
602 2908 617 2925 υ
643 2889 682 2928 ld
712 2903 803 2928 vero
833 2903 902 2929 nos
924 2890 1081 2928 omnino
1106 2889 1302 2939 miramur,
1332 2897 1368 2927 et
1396 2888 1544 2927 numeri
