1752 3495
656 196 961 242 EXCURSUS
995 197 1056 240 1.·
1297 231 1300 234 ⁴
1516 200 1574 244 19

119 302 217 346 nxz<
228 329 240 348 ‚
259 300 338 339 ἀλλ’
357 296 443 344 αὗτὴ
462 295 526 347 μὲν
540 295 575 333 ἐν
588 296 633 348 τῇ
649 293 778 346 σελήνῃ
796 292 944 346 περίεισι
956 320 968 340 ,
985 292 1025 331 τὸ
1040 292 1250 344 καλούμενον
1266 294 1468 348 φαινόμενον
1486 309 1581 346 γενο·

118 363 205 414 μένη
223 361 427 415 πρόσωπον·
456 361 594 398 iterum
618 358 666 396 de
687 371 770 396 sera
784 358 956 397 Numinis
975 357 1164 407 vindicta,
1177 364 1202 396 t.
1221 359 1321 405 vul,
1340 373 1381 411 p.
1404 365 1494 409 240,
1513 360 1577 400 ed.

117 428 241 467 Reisk.
258 439 269 467 t
289 426 418 465 Ἤκουε
433 422 569 475 παριὼν
588 422 703 475 φωνὴν
725 421 836 466 ὀξεῖαν
850 420 1010 473 γυναικὸς
1030 422 1065 459 ἐν
1083 420 1198 474 μέτρῳ
1221 421 1412 473 φράζουσαν
1431 423 1522 462 ἄλλα
1539 423 1579 462 τί

115 507 192 530 τινα
210 491 269 530 καὶ
288 489 409 543 χρόνον
427 486 495 540 (ὡς
508 485 617 538 ἔοικε)
635 488 696 534 τῆς
713 485 843 525 ἐκείνου
859 487 1032 531 τελευτῆς.
1049 484 1177 536 Ἔλεγε
1193 483 1261 524 ὃὲὸ
1281 485 1412 537 δαίμων
1430 486 1492 535 τὴν
1506 503 1579 541 φω-

115 554 177 603 νὴν
196 549 285 594 εἶναι
305 551 501 599 Σιόύλλης·
525 549 618 605 ᾄδειν
634 551 702 603 γὰρ
723 547 831 597 αὐτὴν
854 550 889 588 ἐν
909 550 960 601 τῷ
984 547 1162 601 προσώπῳ
1188 550 1250 595 τῆς
1270 548 1416 597 σελήνης
1439 566 1579 605 περιφε-

117 617 279 670 ρομένην.
301 617 378 655 Nec
400 614 621 653 dubitamus
638 614 770 652 eadem
793 621 860 651 aut
881 612 994 651 valde
1014 613 1151 650 similia
1170 612 1267 650 lecta
1291 613 1380 651 olim
1408 615 1519 654 fuisse
1540 616 1580 654 in

116 683 284 733 ejusdem
303 678 502 720 Plutarchi
528 678 628 717 libro
646 677 695 717 de
715 677 825 716 Facie
849 677 889 715 in
911 679 1003 714 orbe
1022 677 1161 725 Lunae,
1182 677 1289 727 cujus
1308 678 1455 716 initium
1480 693 1582 719 nunc

116 746 356 798 deperditum
375 744 533 781 sortasse
551 742 757 794 Sibyllinos
771 741 819 779 de
831 755 876 780 ea
896 755 936 779 re
953 753 1086 779 versus
1103 741 1207 792 ipsos
1224 740 1455 780 continebat.
1471 743 1584 782 Eam-

117 811 203 849 dem
222 819 324 848 certe
341 808 506 846 fabulam
522 820 543 846 e
558 806 769 846 Plutarcho
783 806 910 844 attulit
927 807 1101 844 Clemens
1117 805 1244 854 Alex„
1264 806 1336 845 loc.
1355 820 1468 858 supra
1487 808 1553 848 cit.
1572 820 1583 848 ι

117 875 165 913 ad
186 888 299 926 quam
321 881 540 924 respexerat
564 871 676 911 etiam
703 873 893 923 Diogenes
919 870 1109 911 Antonius
1134 868 1238 921 apud
1263 871 1468 922 Photium,
1487 872 1584 910 Bibl.

117 938 206 978 cod.
243 950 385 987 cnxvx,
417 945 555 975 auctor
580 935 804 986 ceteroquin
840 936 1018 986 ignotus,
1059 947 1129 971 nec
1161 942 1236 971 tam
1266 935 1443 985 antiquus
1472 949 1584 986 quam

116 1002 255 1041 Photio
270 999 427 1052 placuit,
441 1001 507 1052 qui
526 1000 563 1038 in
583 1013 649 1038 sua
663 998 838 1037 sabulosa
851 998 899 1036 ad
913 998 1064 1037 Thulen
1090 997 1251 1036 insulam
1278 1000 1587 1050 peregrinatione

116 1065 277 1102 finxerat
306 1064 533 1102 Carmanem
563 1063 790 1115 quemdam,
811 1063 1005 1114 egregium
1039 1075 1129 1100 sane
1160 1062 1439 1112 divinatorem,
1467 1077 1586 1116 quum

116 1131 155 1168 in
175 1130 303 1167 lunam
330 1129 588 1179 pervenisset,
609 1128 764 1179 Sibyllae
793 1128 846 1166 ibi
873 1128 1025 1177 degenti
1044 1137 1165 1165 artem
1192 1136 1426 1166 monstrasse
1461 1129 1591 1168 vatici·

116 1193 232 1232 nandi
249 1207 260 1232 t
279 1186 369 1231 Εἶτα
387 1192 446 1231 καὶ
468 1193 514 1237 ὡς
531 1195 554 1241 ἡ
577 1192 734 1232 Eccum
755 1190 816 1240 τὴν
837 1190 1008 1242 μαντικὴν
1027 1191 1096 1230 ἀπὸ
1117 1191 1307 1244 Καρμάνου
1326 1192 1505 1232 ἀνέλαὸεν.

167 1259 310 1296 Praeter
322 1270 384 1295 eas
399 1270 491 1295 vero
510 1256 655 1295 subulas
671 1270 758 1308 quae
770 1270 815 1294 ex
831 1256 914 1307 ipso
925 1255 1126 1306 Erythra-o
1144 1257 1312 1294 carmine
1327 1258 1437 1308 quasi
1453 1265 1590 1308 sponte

116 1321 342 1370 manabant,
359 1322 451 1360 alias
467 1321 636 1360 diximus
659 1321 706 1360 de
725 1320 871 1371 Sibylla
891 1334 1039 1371 sparsas
1065 1319 1195 1371 fuisse,
1217 1335 1313 1372 quas
1334 1336 1410 1359 non
1433 1323 1511 1373 jam
1531 1322 1590 1362 illi

114 1388 288 1435 carmini,
304 1387 368 1427 sed
390 1400 504 1426 merae
524 1387 716 1426 traditioni
733 1387 916 1439 imputari
930 1400 1082 1425 necesse
1101 1396 1171 1427 est.
1185 1389 1328 1426 Ilarum
1347 1387 1500 1439 quidem
1524 1388 1592 1427 mi-

115 1453 217 1491 nime
236 1453 376 1503 ambigi
396 1461 521 1504 potest
541 1455 633 1504 quin
664 1465 799 1504 magna
819 1466 908 1504 pars
935 1452 1144 1502 Erythraeis
1165 1452 1363 1492 debeatur.
1396 1453 1590 1491 Videbunt

117 1518 216 1555 enim
237 1531 257 1555 e
278 1517 432 1568 Sibyllae
461 1517 560 1555 sama
579 1518 744 1555 multum
772 1517 812 1554 in
832 1516 914 1568 ejus
941 1516 1104 1568 patriam
1125 1530 1192 1555 seu
1213 1529 1344 1554 veram
1371 1530 1442 1555 seu
1463 1518 1589 1556 fictam

117 1580 344 1621 redundare.
375 1582 509 1632 Itaque
541 1581 588 1618 de
608 1595 651 1619 ea
666 1581 863 1632 speciatim
882 1580 1004 1631 egisse
1030 1583 1170 1618 scimus
1197 1580 1475 1631 Apollodorum
1497 1582 1592 1633 Ery·

118 1644 299 1693 thraeum,
320 1645 385 1697 qui
406 1659 511 1683 suam
530 1646 631 1683 illam
651 1645 774 1684 civem
788 1644 982 1695 jactabat,
1003 1645 1108 1682 Lact.
1130 1645 1161 1692 l,
1182 1645 1225 1691 6,
1242 1645 1327 1683 loco
1346 1658 1446 1697 saepe
1465 1645 1533 1686 cit.
1551 1655 1591 1684 et

118 1709 166 1747 de
185 1709 245 1747 Ira
264 1710 355 1756 Dei,
375 1723 458 1761 cap.
479 1722 551 1756 ἠς
573 1709 663 1747 item
686 1709 960 1760 philosophum
985 1708 1086 1747 haud
1114 1708 1344 1759 ignobilem,
1371 1710 1587 1749 Aristonem

117 1773 254 1811 Chium
269 1800 280 1819 ,
301 1773 404 1811 Lact.
423 1772 469 1811 de
490 1773 550 1811 ira
570 1773 660 1820 Dei,
680 1773 796 1821 ibid.,
817 1771 920 1810 haud
941 1772 1057 1811 dubie
1073 1781 1232 1823 propter
1251 1773 1384 1811 insulae
1405 1787 1483 1812 suae
1501 1787 1588 1812 cum

118 1837 255 1874 vicinis
287 1836 464 1887 Erythris
482 1837 750 1889 cognationem
771 1850 781 1876 ε
805 1850 969 1888 quorum
988 1850 1033 1874 ex
1063 1837 1261 1887 utriusque
1288 1837 1396 1876 libris
1429 1824 1588 1877 soi-tasse

118 1901 165 1938 ad
183 1913 253 1939 nos
269 1911 530 1952 pervenerunt
551 1902 714 1953 vulgatae
735 1901 839 1953 apud
860 1901 1080 1951 Erythraeos
1103 1900 1256 1941 sabulae.

170 1965 246 2005 Sed
271 1979 347 2004 non
371 1965 479 2004 libris
504 1974 651 2003 tantum
678 1974 715 2003 et
739 1966 983 2002 sermonibus
1012 1965 1197 2015 Sibyllam
1225 1965 1298 2003 sibi
1324 1964 1428 2004 suam
1461 1966 1590 2005 vindi·

120 2043 205 2068 care
224 2030 350 2067 conati
378 2038 465 2067 sunt
485 2029 698 2080 Erythraei:
721 2037 778 2067 est
796 2029 896 2066 enim
924 2043 1001 2066 non
1022 2042 1120 2066 uuus
1141 2029 1249 2067 istius
1265 2029 1428 2068 civitatis
1447 2044 1586 2070 numus

118 2093 234 2131 hodie
253 2103 469 2145 superstes,
491 2093 530 2131 in
551 2107 629 2144 quo
649 2093 819 2143 reperias
839 2093 994 2144 Sibyllae
1018 2093 1242 2131 memoriam
1261 2093 1342 2131 sive
1361 2093 1483 2146 effigie
1502 2095 1586 2146 ipsa

120 2158 300 2206 mulieris,
321 2158 398 2196 sive
413 2156 639 2209 prophetico
658 2158 786 2208 aliquo
807 2158 918 2207 signo
935 2165 1244 2208 reprensentatam
1258 2186 1267 2204 ,
1284 2166 1325 2196 ut
1343 2167 1432 2209 puta
1448 2159 1586 2210 sphin-

120 2223 196 2272 gis,
219 2221 319 2272 apud
338 2221 499 2268 Mionn.,
520 2221 568 2258 n⁰
591 2222 690 2269 5345
721 2221 889 2258 mulieris
913 2221 949 2257 in
982 2234 1096 2258 curru
1126 2219 1241 2259 vecta:
1261 2221 1472 2272 subjunctis
1492 2235 1586 2274 gry-

121 2287 247 2337 pibus,
279 2286 372 2325 ibid.
394 2286 442 2323 n⁰
472 2286 568 2336 5573
596 2286 732 2336 capitis
761 2285 958 2323 muliebris
987 2286 1158 2323 coronati
1186 2294 1224 2323 et
1252 2299 1298 2323 ex
1330 2286 1448 2324 altera
1480 2293 1587 2336 parte

121 2351 210 2388 sacis
230 2350 414 2398 ardentis,
439 2350 539 2401 apud
563 2350 812 2391 Klausenium
826 2376 836 2395 ,
854 2348 929 2388 tab.
951 2350 982 2397 1,
998 2348 1042 2387 n⁰
1070 2362 1128 2387 12.

173 2418 317 2466 Atque,
339 2423 380 2451 ut
409 2414 446 2451 in
469 2414 533 2452 tali
562 2427 603 2452 re
631 2413 711 2452 lieri
730 2414 854 2459 solet,
878 2422 1119 2451 monumenta
1139 2413 1250 2451 etiam
1275 2413 1586 2453 monstrabantur

121 2492 201 2529 qua:
219 2479 264 2516 ad
280 2479 475 2529 antiquam
494 2477 540 2515 de
563 2476 708 2528 Sibylla
730 2476 974 2515 traditionem
995 2477 1252 2528 pertinerent,
1276 2476 1424 2515 utillud
1447 2478 1484 2515 in
1505 2477 1589 2517 Co-

122 2555 214 2591 ryco
228 2550 356 2579 monte
372 2542 549 2593 spelaeum
565 2570 575 2587 ,
595 2541 660 2578 ubi
678 2542 864 2582 nascentis
882 2541 977 2578 vatis
992 2540 1222 2579 incunabula
1237 2541 1351 2579 fuisse
1365 2541 1588 2590 narrabant,

122 2606 305 2643 Pausania
321 2615 438 2652 teste,
457 2607 612 2645 Phocic.
633 2619 715 2656 cap.
746 2620 790 2643 12
810 2620 818 2642 τ
840 2604 1008 2656 Κώρυκόν
1026 2620 1063 2643 τε
1081 2603 1293 2655 καλούμενον
1311 2604 1387 2656 ὄρος
1406 2604 1465 2643 καὶ
1484 2605 1519 2643 ἓν
1537 2607 1588 2657 τῷ
1620 2654 1627 2664 ¹

123 2668 192 2720 ὄρει
213 2670 384 2716 σπήλαιον
401 2670 650 2722 ἀποφαίνουσι,
670 2672 835 2723 τεχθῆναι
852 2668 915 2716 τὴν
941 2668 1131 2722 Ἡροφίλην
1157 2670 1191 2707 ἐν
1219 2670 1311 2721 αὐτῷ
1340 2667 1507 2720 λέγοντες.
1536 2671 1588 2711 Ut

126 2734 253 2781 etiam,
275 2735 408 2785 procul
427 2734 561 2780 dubio,
591 2735 727 2785 cippus
743 2735 807 2772 ille
824 2748 935 2784 quem
954 2734 991 2770 in
1011 2733 1213 2784 Erythraeo
1231 2733 1339 2771 litore
1354 2747 1422 2772 suo
1438 2747 1588 2786 quoque

129 2804 296 2847 tempore
325 2799 486 2847 spectari
520 2798 632 2836 docet
662 2806 796 2837 auctor
817 2799 896 2836 sive
932 2798 1187 2848 interpolator
1214 2797 1396 2836 Chronici
1428 2798 1589 2837 Pascha-

117 2859 185 2917 .¹i⁵¹
212 2869 236 2899 t.
257 2862 288 2907 1,
307 2875 341 2912 p.
367 2876 440 2900 202
456 2892 467 2914 ,
487 2863 572 2900 loco
593 2862 670 2913 jam
699 2862 764 2900 cit.
785 2876 793 2897 ι
814 2862 969 2900 Etcum
990 2864 1011 2907 ἢ
1032 2860 1222 2914 Ἐρυθραῖοι
1240 2865 1262 2909 ἡ
1284 2861 1518 2914 προλεγομένη
1546 2856 1588 2910 ἦν
1633 2855 1638 2858 ’

1384 2949 1426 2977 2.
