1752 3495
432 304 1000 393 EXCURSUS
1049 306 1188 389 IV.

134 595 212 640 DE
242 592 580 640 SIBYLLINIS
609 591 768 636 APUD
807 589 1072 633 VETERES
1102 588 1490 634 CHRISTIANOS

617 659 998 705 CARMINIBUS.

129 816 334 854 Primaevos
359 812 535 852 Ecclesiae
553 812 760 862 scriptores
776 840 786 856 ‚
807 811 924 860 inque
948 811 991 847 iis
1012 810 1268 848 sanctissimos
1287 811 1537 851 doctissimos-

73 892 151 931 que
169 880 324 923 Patres,
356 877 515 914 multum
542 874 696 925 Sibyllis
726 874 926 925 tribuisse,
955 867 1058 925 quod
1089 874 1126 912 in
1154 887 1284 912 earum
1311 875 1537 916 carminibus

78 944 193 981 multa
219 940 376 992 reperiri
409 947 589 991 putarent
621 938 667 976 ad
700 938 951 976 revincendos
974 938 1171 987 gentilium
1198 951 1348 976 errores
1381 939 1537 993 idonea,

77 1019 152 1043 non
180 1012 236 1043 est
257 1003 360 1055 quod
381 1003 525 1054 ambigi
555 1004 687 1054 possit.
718 1003 858 1041 Plenus
885 1012 942 1041 cst
964 1004 1157 1050 justinus,
1183 1003 1284 1054 pleni
1305 1003 1536 1055 Theophilus

78 1068 334 1109 Antioc-benus
361 1076 398 1105 et
425 1067 600 1105 Clemens
624 1066 924 1112 Alexandrinus,
955 1067 1090 1118 plenus
1110 1067 1147 1104 in
1172 1067 1305 1118 primis
1329 1068 1538 1108 Lactantius

74 1133 235 1183 Sibyllae*
255 1132 315 1170 vel
334 1130 565 1182 Sibyllarum
587 1131 810 1169 testimoniis
842 1143 885 1168 ac
906 1131 1097 1170 laudibus.
1121 1132 1239 1170 Nemo
1268 1131 1345 1169 sere
1370 1141 1426 1169 est
1442 1135 1537 1172 anti-

77 1210 240 1248 quorum
269 1198 423 1236 Patrum
438 1228 446 1242 ,
485 1195 691 1246 praesertim
726 1197 966 1241 Graecorum,
1007 1195 1176 1233 secundo
1209 1195 1369 1233 tertiove
1405 1198 1536 1245 saeculo

76 1260 269 1305 scribens,
289 1260 445 1311 quinon
467 1273 596 1297 versus
620 1259 764 1310 aliquot
784 1259 991 1310 Sibyllinos
1007 1260 1198 1310 proferat,
1217 1260 1411 1298 interdum
1429 1262 1536 1300 etiam

75 1325 228 1362 lacinias
253 1324 464 1362 carminum
494 1324 585 1360 satis
608 1323 794 1374 grandes,
816 1324 927 1373 quale
951 1333 1006 1362 est
1026 1324 1260 1362 Prooemium
1287 1338 1307 1362 a
1327 1324 1537 1376 Theophilo

73 1398 277 1427 servatum.
307 1388 531 1427 Habuerunt
562 1388 678 1439 igitur
700 1387 747 1425 ad
779 1401 930 1425 manum
958 1388 1164 1438 Sibyllinos
1183 1389 1240 1425 vel
1262 1402 1358 1439 quos
1389 1402 1457 1440 pro
1480 1391 1537 1429 Si-

76 1453 229 1503 byllinis
245 1454 462 1504 acciperent
481 1452 624 1490 libros:
643 1465 783 1502 eosque
802 1451 919 1489 libros
938 1451 983 1490 ad
1005 1452 1189 1503 Sibyllina
1213 1453 1380 1490 carmina
1393 1483 1403 1501 ‚
1419 1455 1537 1504 qualia
1586 1497 1588 1500 ,

74 1526 162 1555 sunt
190 1531 211 1555 a
239 1516 351 1554 nobis
382 1517 505 1563 edita,
526 1516 698 1567 proxime
729 1517 930 1554 accessisse
951 1529 1027 1554 nou
1050 1525 1106 1554 est
1135 1518 1367 1567 argumentis
1384 1516 1536 1554 demon·

74 1581 294 1628 strandum,
319 1581 506 1631 siquidem
526 1594 583 1618 res
603 1581 685 1631 ipsa
699 1580 823 1618 docet.
841 1581 940 1618 lnsra
962 1581 1084 1627 enim,
1100 1581 1307 1632 designatis
1328 1581 1420 1632 ipsis
1438 1582 1536 1629 loeis,

73 1645 316 1683 ostendemus
337 1644 569 1694 fragmenta,
596 1657 681 1694 quae
699 1644 802 1695 apud
831 1646 963 1683 Patres
978 1675 988 1692 ,
1009 1644 1141 1683 eadem
1170 1645 1206 1682 in
1229 1646 1370 1683 nostris
1391 1658 1536 1696 quoquc

72 1709 266 1760 Sibyllinis
284 1708 468 1760 ipsissima
490 1708 585 1759 legi.
605 1716 642 1745 et
659 1707 813 1758 quidem
834 1721 945 1746 suum
963 1708 1016 1746 ibi
1036 1709 1160 1746 locum
1181 1710 1390 1756 servantia,
1411 1723 1484 1746 non
1503 1710 1536 1747 vi

74 1775 220 1812 intrusa
239 1786 308 1811 nee
329 1772 419 1810 dolo
448 1772 688 1817 intercalata,
712 1771 809 1809 sicut
837 1775 1018 1811 attentius
1051 1773 1189 1823 legenti
1219 1773 1340 1810 cuivis
1370 1781 1533 1824 apparet.

74 1838 236 1885 Quando
264 1838 384 1888 igitur
409 1836 455 1874 de
486 1836 682 1886 Sibyllinis
704 1836 902 1874 hodiernis
923 1838 960 1875 in
990 1838 1163 1876 Excursu
1187 1839 1217 1875 V
1239 1837 1534 1890 disputabimus,

71 1917 324 1955 quaecumque
345 1901 400 1940 ibi
425 1901 473 1940 de
498 1915 629 1939 eorum
651 1901 861 1939 carminum
883 1902 1031 1953 origine
1053 1911 1266 1953 naturaque
1289 1903 1474 1948 dicentur,
1496 1915 1535 1939 ea

74 1981 152 2005 non
184 1967 308 2004 minus
333 1965 381 2004 ad
415 1965 587 2016 ipsorum
615 1966 824 2016 fragmenta
855 1966 957 2016 apud
985 1967 1115 2004 Patres
1144 1965 1259 2004 obvia
1286 1966 1532 2017 pertinebunt.

77 2032 232 2071 {nterim
261 2029 371 2068 nobis
391 2030 428 2067 in
456 2030 528 2067 hoc
556 2030 727 2068 Excursu
759 2028 797 2066 id
829 2038 973 2067 tantum
1006 2031 1252 2083 proponitur,
1284 2039 1323 2068 ut
1342 2031 1429 2081 quis
1456 2043 1536 2067 usus

74 2098 188 2135 suerit
213 2096 365 2134 illorum
390 2095 599 2132 carminum
621 2094 723 2145 apud
744 2102 889 2132 veteres
905 2094 1132 2133 christianos
1155 2097 1373 2147 scriptores,
1393 2095 1481 2146 quid
1500 2104 1531 2132 et

72 2160 213 2212 quibus
239 2173 260 2198 e
276 2160 383 2197 libris
405 2159 666 2210 unusquisque
689 2159 961 2209 desumpserit,
982 2159 1175 2210 quodnam
1204 2160 1251 2197 de
1282 2160 1440 2212 singulis
1459 2158 1534 2197 uni-

74 2226 268 2276 versisque
285 2224 390 2262 libris
412 2224 526 2261 fuerit
541 2223 726 2275 cujusque
743 2223 929 2272 judicium
943 2252 953 2270 ,
975 2223 1225 2274 inquiramus.

127 2293 250 2338 Atque
272 2297 311 2326 ut
335 2287 382 2325 de
400 2288 588 2326 universis
609 2288 774 2338 primum
800 2300 974 2339 agamus,
1002 2290 1157 2327 minime
1183 2290 1278 2327 mira
1308 2299 1364 2327 est
1393 2297 1534 2328 sancto-

75 2367 156 2391 rum
178 2355 334 2393 Patrum
356 2366 444 2402 erga
462 2351 668 2402 Sibyllinos
688 2352 805 2389 libros
826 2353 1033 2390 veneratio.
1056 2354 1251 2392 lnsederat
1270 2355 1369 2392 enim
1387 2354 1530 2391 illorum

71 2418 207 2456 animis
228 2430 272 2456 ea
295 2417 510 2468 persuasio,
538 2417 652 2454 fuisse
671 2416 772 2467 apud
795 2417 951 2467 gentiles
978 2417 1058 2455 sive
1079 2431 1191 2455 unam
1222 2418 1302 2456 sive
1328 2418 1452 2468 plures
1480 2416 1532 2452 se-

74 2483 194 2520 minas
224 2492 348 2528 vates,
382 2481 520 2533 quibus
540 2490 683 2532 partem
706 2481 869 2535 aliquam
895 2482 1109 2533 prophetici
1140 2482 1297 2533 spiritus
1325 2491 1533 2533 supremum

77 2560 211 2585 numen
237 2546 455 2591 infudisset,
483 2545 528 2584 ad
553 2545 832 2584 convincendas
864 2547 1004 2584 erroris
1032 2560 1188 2585 suorum
1213 2555 1376 2593 mentes,
1407 2556 1534 2594 easque

74 2610 132 2648 vel
160 2624 179 2647 a
205 2610 312 2648 soedae
336 2610 615 2660 superstitionis
641 2619 754 2647 nocte
780 2610 1028 2665 retrahendus
1056 2612 1113 2649 vel
1144 2611 1375 2663 accipienda?
1405 2608 1533 2647 divince

72 2674 148 2712 luci
171 2673 452 2724 praepnrandas.
473 2674 551 2711 lloc
566 2675 756 2712 Justinum
769 2704 780 2722 ‚
799 2674 874 2712 hoc
893 2674 1144 2723 Clementem,
1166 2676 1238 2713 hoc
1259 2674 1508 2725 Theophilum
1521 2700 1531 2718 ,

71 2740 146 2778 hoc
183 2737 420 2777 Lactantium
457 2745 680 2787 ceterosque
713 2739 890 2786 sensisse,
926 2739 1143 2778 clarissimis
1181 2741 1280 2778 infra
1323 2737 1533 2777 testimoniis

72 2801 425 2852 evincetur.1taque
442 2814 526 2838 cum
549 2802 689 2840 divinis
705 2795 785 2840 illas
803 2803 1007 2853 Prophetis
1025 2817 1124 2856 saepe
1143 2803 1446 2855 conjungebant,
1470 2800 1532 2838 nisi

72 2867 188 2919 quod,
210 2876 251 2905 ut
274 2867 487 2918 opinamur,
503 2867 568 2917 qui
588 2867 724 2905 rectius
746 2867 792 2906 de
808 2881 849 2906 ea
869 2882 909 2906 re
929 2869 1142 2908 sentiebant
1163 2879 1224 2907 aut
1244 2869 1461 2920 diligentius
1483 2866 1530 2903 lo-
