1686 3500
149 163 241 210 542
394 136 397 140 ’
522 161 604 206 An
641 160 991 206 sissYLmNos
1026 161 1237 207 Lissnos

147 258 339 310 profectas
357 269 450 296 esse.
472 255 573 304 Quid
593 256 667 295 ita?
685 255 797 306 Quia.
822 265 864 295 ut
884 257 998 296 modo
1021 256 1286 306 innuebamus,
1306 269 1528 310 supremum
1546 260 1615 300 Dei

139 322 331 374 judicium
350 323 388 359 in
418 329 494 360 tam
515 330 704 360 remotum
737 320 897 361 differre
925 331 1094 373 tempus,
1125 321 1280 360 difficile
1303 335 1346 360 ac
1375 323 1615 363 temerarium

147 386 297 432 suisset;
333 398 403 423 nec
425 397 536 422 causa
565 392 647 422 erat
671 397 740 422 cur
784 394 921 436 quarto
949 384 1088 423 saeculo
1111 383 1160 422 de
1186 384 1350 435 septimo
1372 386 1616 437 cogitaretur.

112 469 119 477 ·
146 453 290 489 Contra
319 457 427 487 sexto
446 448 581 486 saeculo
602 448 713 486 facile
732 449 854 487 cuivis
874 460 1099 487 succurrere
1124 449 1251 499 potnit
1270 457 1312 486 ut
1332 449 1483 487 fatalem
1514 449 1616 489 illam

146 513 281 552 horam
301 513 338 551 in
355 513 571 564 proximum
585 526 705 551 aevum
725 513 912 565 rejiceret.
931 513 968 552 Si
990 513 1076 563 quis
1092 521 1216 551 tamen
1233 513 1345 551 aliter
1360 514 1492 561 sentit,
1511 523 1617 562 est03

145 590 215 615 nec
237 577 286 615 de
305 576 609 627 interpolationis
629 585 801 629 tempore
817 577 941 616 acrius
962 577 1200 615 contendere
1228 576 1412 625 velimus,
1433 578 1550 616 modo
1570 591 1617 617 ne

142 641 191 679 de
211 641 511 692 interpolatione
531 641 614 691 ipsa
635 640 849 681 dubitetur.

197 705 380 751 Quamvis
397 712 526 742 autem
545 704 593 742 de
611 704 767 756 speciali
787 718 831 741 nc
852 704 1049 756 praecipua
1073 712 1210 742 sanctae
1229 703 1360 744 Mariae
1378 704 1545 756 Virginis
1561 706 1620 743 in·

144 769 372 806 tei-cessione
390 781 467 805 non
489 776 564 805 tum
582 768 740 806 fortasse
762 767 918 818 antiqua
937 768 1015 805 sint
1035 767 1117 806 hmo
1148 767 1364 807 testimonia
1381 782 1496 819 quam
1524 770 1617 808 illud

144 846 258 881 supra
281 831 329 870 de
348 840 565 870 sanctoruni
586 832 756 870 omnium
786 830 989 882 precibus,
1019 832 1141 869 nihilo
1159 840 1284 870 tamen
1320 832 1446 870 minus
1474 842 1618 871 certum

143 906 201 935 est
218 896 339 934 beatae
355 895 519 945 Virginis
535 894 712 933 laudibus
733 896 787 933 ita
815 895 1066 946 interspersos
1090 908 1172 933 esse
1190 894 1399 946 Sibyllinos
1422 895 1563 944 libros,
1580 905 1622 935 ut

146 961 234 999 iude
266 969 394 1011 pateat
420 968 562 1010 quanta
584 958 787 1009 Sibyllistis
816 959 932 997 fuerit
956 959 1121 997 nominis
1140 959 1244 997 illius
1269 960 1478 998 veneratio.
1499 961 1622 999 Facile

147 1025 220 1063 hoc
240 1024 461 1074 agnoscitur
479 1022 632 1074 quoties
661 1022 837 1076 Παρθένου
866 1021 974 1074 ἇγνῆς
993 1023 1136 1061 mentio
1155 1023 1219 1071 fit,
1252 1022 1317 1061 lib.
1338 1024 1366 1070 1,
1387 1037 1424 1062 ν.
1448 1024 1538 1074 359ς
1569 1025 1620 1070 11,

145 1104 186 1129 v.
211 1090 303 1139 3133
322 1087 466 1137 VIII‚§
488 1101 524 1135 α,
548 1101 586 1126 v.
609 1101 698 1135 270,
720 1088 816 1138 358;
836 1087 901 1125 sed
936 1087 1147 1139 praesertim
1175 1096 1256 1125 toto
1282 1089 1362 1126 fere
1403 1088 1504 1126 libro
1521 1089 1624 1137 VIII,

147 1154 171 1204 §
201 1154 238 1201 3,
267 1165 379 1202 quem
401 1165 509 1202 paene
526 1151 712 1201 hymnum
736 1164 816 1190 esse
841 1151 983 1190 dixeris
1013 1152 1052 1189 in
1082 1151 1224 1190 divinae
1247 1152 1414 1203 Virginis
1447 1153 1619 1202 laudem,

145 1217 243 1255 adeo
268 1216 322 1254 ibi
342 1214 518 1268 Παρθένος
538 1215 626 1265 illa,
651 1228 688 1255 v.
717 1215 808 1266 458,
833 1218 923 1262 462,
952 1218 1043 1264 473,
1064 1225 1101 1255 et
1120 1215 1260 1270 Κοίρη,
1287 1230 1325 1256 v.
1350 1218 1445 1263 461,
1467 1218 1562 1267 468,
1585 1227 1622 1256 et

146 1277 322 1333 ’Λεικοῦρη
334 1308 344 1327 ,
362 1293 399 1318 v.
415 1280 507 1330 463,
523 1279 756 1318 suavissimis
775 1279 968 1318 coloribus
987 1280 1208 1332 depingitur
1226 1280 1396 1319 divinum
1412 1281 1461 1319 ab
1475 1282 1622 1332 A'ngelo

116 1386 118 1388 v
145 1344 320 1382 nuntium
339 1343 496 1382 auribus
514 1352 552 1382 et
570 1343 792 1396 praecordiis
811 1343 1006 1395 excipiens
1033 1357 1070 1383 v.
1106 1345 1198 1393 460,
1229 1357 1332 1396 sq-q.;
1355 1345 1465 1397 cujus
1484 1347 1625 1397 cogitn-

149 1409 252 1446 tione
278 1421 355 1446 non
384 1407 434 1445 ad
456 1407 563 1445 illum
583 1407 779 1445 insolitum
800 1406 874 1445 sibi
899 1407 990 1445 artis
1009 1407 1169 1458 gradum
1195 1417 1349 1446 evectus
1368 1418 1466 1448 esset
1488 1419 1621 1462 poeta,

146 1472 218 1511 nisi
244 1472 451 1510 admodum
482 1471 699 1524 argumenti
715 1471 773 1510 sui
793 1471 976 1522 religione
997 1471 1134 1523 plenus
1158 1473 1305 1512 suisset.

594 1732 713 1772 CAR*
734 1731 907 1773 XXVIII.
934 1735 993 1770 De
1013 1736 1170 1784 angelis.

202 1857 295 1896 Post
313 1854 465 1894 beatam
485 1854 690 1907 Deiparam
719 1856 863 1908 angelis
880 1856 1005 1894 locum
1027 1855 1181 1905 damus,
1197 1856 1246 1896 de
1271 1856 1410 1908 quibus
1426 1871 1549 1910 pauca
1566 1858 1623 1897 di·

148 1920 270 1959 cenda
286 1929 411 1968 erunt,
428 1920 520 1971 quia
539 1920 579 1958 in
595 1919 790 1971 Sibyllinis
809 1920 919 1958 libris
935 1934 1094 1960 munera
1121 1921 1166 1959 iis
1190 1935 1350 1973 prorsus
1368 1923 1515 1970 eadem,
1540 1936 1625 1975 quae

149 1986 289 2037 passim
309 1985 348 2023 in
366 1984 568 2036 scripturis
593 1985 723 2032 sacris,
743 1985 998 2036 assignantur.
1017 1986 1070 2023 Ac
1097 1987 1286 2037 generalis
1313 1987 1468 2038 quidem
1499 1987 1546 2026 de
1579 1988 1624 2026 iis

148 2050 326 2089 doctrina
338 2049 546 2102 exponitur
559 2048 629 2091 lib.
649 2050 733 2099 Vll,
751 2063 832 2088 esse
848 2051 894 2089 iis
909 2050 1078 2101 singulas
1095 2064 1221 2089 rerum
1242 2061 1372 2103 partes
1388 2052 1624 2098 distributas,

151 2123 193 2152 ut
209 2114 273 2152 alii
285 2113 438 2166 ignibus
452 2114 630 2167 praesint,
647 2115 713 2153 alii
730 2114 874 2160 fluviis,
889 2115 954 2153 alii
975 2114 1118 2167 ventis,
1135 2115 1199 2154 alii
1214 2116 1448 2167 civitatibus,
1462 2129 1500 2155 v.
1521 2117 1588 2155 33:

307 2180 354 2219 Οῖ
371 2177 406 2217 δὲ
423 2179 667 2233 διαγγελτῆρες
685 2179 769 2218 ὑπαὶ
786 2179 871 2219 ποσὶ
888 2178 1118 2231 κοιμήσονται
1130 2209 1140 2228 ,

307 2241 358 2282 Οἵ
370 2258 407 2281 τε
427 2243 538 2297 πυρὰς
553 2243 733 2296 φαίνουσι,
754 2243 813 2282 καὶ
833 2243 867 2283 οἳ
882 2243 1060 2295 ποταμοὺς
1079 2244 1273 2298 φαίνουσιν,

306 2305 357 2346 Οἵ
374 2306 405 2345 τ’
424 2306 514 2354 ἄστη
534 2306 702 2354 σώζουσι,
722 2306 782 2346 καὶ
803 2306 834 2345 οἳ
851 2307 1052 2359 πέμπουσιν
1069 2308 1189 2356 ἀήτας.

150 2371 273 2418 Quam
290 2370 502 2415 doctrinam
523 2372 651 2410 multis
670 2380 811 2410 sanctae
826 2372 1026 2423 scripturae
1044 2386 1089 2410 ac
1109 2372 1322 2424 praesertirn
1339 2374 1624 2425 Apocalypseos

153 2435 334 2486 exemplis
367 2435 510 2474 firmari
544 2449 680 2487 posse,
704 2435 869 2474 diximus
894 2437 933 2474 in
953 2438 1056 2475 notis
1074 2437 1122 2475 ad
1152 2437 1192 2477 h.
1222 2437 1247 2478 l.
1269 2437 1377 2476 Adde
1409 2439 1627 2484 Justinum,·

153 2499 263 2551 Apol.
279 2499 336 2545 11,
354 2500 375 2550 §
391 2499 434 2547 5;
454 2499 749 2552 Athenagoram,
767 2501 908 2553 Legat„
927 2502 948 2551 §
967 2508 1036 2553 243
1057 2511 1094 2540 et
1117 2503 1247 2542 Patres
1265 2516 1372 2554 paene
1389 2517 1522 2542 omnes
1538 2517 1621 2542 cum

155 2562 341 2613 theologis
362 2564 526 2615 antiquis
543 2563 850 2616 recentibusque.
1111 2602 1118 2607 .

208 2629 395 2665 Praeterea
412 2628 553 2678 stipare
578 2628 761 2667 dicuntur
778 2629 921 2668 Christi
945 2630 1143 2680 thronum,
1161 2630 1320 2683 ejusque
1339 2631 1494 2671 subesse
1513 2632 1622 2684 pedi·-

154 2688 248 2736 bus,
282 2688 418 2741 Sibyll.
447 2690 514 2729 lib.
530 2692 622 2739 VII,
645 2693 718 2730 loc.
743 2693 804 2731 cit.
828 2703 866 2732 et
886 2693 951 2733 lib.
980 2694 1058 2743 III,
1079 2708 1114 2734 v.
1141 2710 1243 2746 1,sq.
1260 2697 1376 2736 Iidem
1400 2697 1439 2733 in
1465 2698 1538 2735 fine
1566 2709 1623 2733 re-

155 2765 240 2790 rum
264 2761 438 2792 mortuos
466 2768 488 2792 e
507 2755 691 2806 sepulcris
714 2756 959 2805 excitabunt,
987 2757 1054 2796 lib.
1075 2759 1124 2806 II,
1145 2773 1179 2797 v.
1202 2767 1293 2810 214,
1313 2774 1394 2811 sqq.
1416 2760 1533 2798 Iidem
1554 2758 1622 2797 Dei

151 2815 297 2862 judicio
311 2816 510 2867 assistent,
529 2818 622 2860 ibid.
642 2832 677 2857 v.
700 2821 787 2864 243.
806 2821 898 2859 Post
914 2819 1102 2870 judicium
1123 2822 1320 2861 damnatos
1336 2824 1451 2873 virgis
1471 2823 1619 2869 serit-nt,
