1752 3495
681 198 991 243 EXCURSUS
1028 199 1102 244 ΙΙΙ.
1451 203 1458 213 “
1505 197 1651 251 ’Ξὲὶῦ
1696 222 1700 226 ·

173 321 186 336 .
205 296 391 350 lapidibus
406 295 566 347 pluisse3
586 301 624 331 et
640 293 744 331 Caere
760 301 881 331 sortes
897 302 1134 341 extenuatas3
1157 301 1195 331 et
1212 293 1250 332 in
1270 294 1391 334 Gallia
1414 295 1545 347 lupum
1565 296 1625 333 vi-

170 385 184 400 «
201 363 261 416 gili
281 360 447 412 gladium
467 371 487 396 e
507 357 638 408 vagina
660 365 812 407 raptum
830 356 1042 396 abstulisse.
1058 375 1073 390 ι»

216 429 403 475 Responsa
420 422 536 472 igitur
560 421 763 477 quaerenda
786 430 894 459 erant
914 421 961 458 ad
988 435 1031 459 ea
1051 421 1157 472 signa
1180 435 1265 472 quae
1282 423 1454 473 profecto
1470 423 1626 475 Sibylli-

166 504 292 531 norum
314 488 505 534 conditor,
531 486 704 537 quisquis
724 486 808 532 suit,
829 487 1048 537 excogitare
1075 487 1179 525 nullo
1200 486 1315 524 modo
1335 495 1520 538 potuerat.
1546 491 1626 539 Age

164 568 274 600 nunc,
296 566 341 590 ex
367 552 412 588 iis
436 550 626 601 responsis
651 563 736 601 quae
756 551 977 588 omnimoda
1003 551 1106 601 apud
1133 551 1333 589 historicos
1353 564 1396 589 ac
1419 553 1624 602 praesertim

164 618 258 671 apud
280 618 323 655 T.
340 614 489 653 Livium
506 622 685 665 congesta
704 622 804 660 sunt,
824 627 952 652 nonne
970 615 1083 652 multa
1105 622 1193 652 sunt
1217 629 1302 665 quae
1328 615 1537 666 Tarquinio
1562 630 1609 654 re-

165 690 312 735 gnante,
333 679 472 717 nemini
494 678 532 716 in
556 687 721 716 mentem
745 679 876 717 venire
894 681 1126 730 potuerunt?
1145 687 1186 717 ut
1214 693 1313 717 anno
1333 693 1467 717 cnnxu
1489 679 1624 718 AEscu-

168 747 297 798 lapium
333 743 527 794 Epidauro
554 745 716 791 arcessi3
747 757 847 781 anno
876 758 1014 792 nxux,
1043 753 1200 781 matrem
1232 744 1370 782 ldaeam
1399 745 1623 783 Pessinunte

165 810 307 854 advelii3
333 821 430 845 anno
464 821 640 858 nnxxm,
657 809 973 859 supplicationem
998 808 1078 845 fieri
1101 822 1169 859 per
1191 817 1305 846 totam
1336 809 1502 855 italiam3
1524 822 1623 847 anno

166 888 264 921 nexi,
281 873 309 910 si
329 871 469 909 bellum
489 885 510 909 a
526 872 644 911 Gallis
669 872 885 920 inferretur,
903 873 1131 910 sacrificium
1154 873 1190 909 in
1211 886 1341 911 eorum
1365 874 1441 910 fieri
1466 874 1623 920 tinibus3

165 953 255 977 anno
287 950 422 984 mcxxi,
449 937 541 975 Jovi
575 938 718 976 AEtnaeo
747 947 785 974 et
813 938 1081 988 antiquissimas
1112 939 1238 976 Cereri
1268 939 1304 975 in
1332 938 1457 976 Sicilia
1484 940 1621 977 sucrifi-

163 1003 255 1049 cari‚·
276 1014 372 1039 anuo
397 1014 556 1048 nexam,
583 1002 619 1039 in
645 1002 766 1039 insula
790 1002 970 1047 Cimolia,
993 1011 1065 1041 etc.
1089 1003 1182 1048 Quae
1202 1003 1330 1040 omnia
1352 1002 1514 1040 absurde
1533 1016 1622 1041 sane

163 1077 197 1105 et
212 1066 362 1105 ridicule
381 1066 559 1104 Romanis
579 1066 761 1116 imperata
782 1075 906 1104 essent
928 1067 1052 1104 adhuc
1070 1068 1105 1104 in
1125 1068 1264 1118 angulo
1286 1067 1380 1105 Latii
1399 1067 1619 1106 delitescen-

166 1131 267 1171 tibus.
282 1131 439 1180 Insuper
456 1131 580 1181 capite
598 1131 727 1181 priore
745 1132 882 1169 multas
899 1131 1354 1182 enumeravimusklatinas
1365 1132 1599 1170 caerimonias
1611 1162 1620 1178 ‚

163 1210 235 1247 quae
248 1209 312 1233 nec
326 1209 346 1232 a
361 1209 485 1246 graeco
502 1205 611 1246 poeta
629 1197 854 1248 excogitari,
870 1206 906 1235 et
928 1197 991 1235 vix
1010 1198 1142 1248 graecis
1161 1197 1333 1236 versibus
1351 1198 1528 1249 exprimi,
1547 1200 1616 1237 nisi

165 1261 275 1298 multis
295 1260 494 1297 verborum
514 1260 737 1311 ambagibus
750 1290 759 1308 ,
780 1270 951 1313 possent.

208 1324 297 1372 Quid
335 1325 397 1362 illa
435 1325 558 1363 civilia
591 1327 731 1364 monita
746 1355 756 1373 ‚
787 1335 827 1364 ut
864 1341 980 1378 quum
1009 1341 1110 1366 aimo
1137 1342 1281 1365 ccxcui
1313 1341 1532 1380 responsum
1562 1339 1617 1366 est

164 1389 312 1440 pericula
334 1402 354 1425 a
379 1399 568 1427 conventu
593 1392 891 1443 alienigenarum
919 1393 1026 1443 fore,
1057 1392 1308 1430 seditionibus
1328 1393 1617 1436 abstinendum:

161 1462 192 1491 et
213 1467 288 1504 quae
316 1462 401 1503 post
425 1453 644 1492 incendium
675 1456 931 1505 Capitolinum
958 1457 995 1494 in
1027 1458 1303 1495 recentioribus
1331 1457 1438 1496 libris
1464 1459 1616 1497 inventa
1660 1459 1662 1462 ’

163 1517 307 1568 ideoque
324 1518 440 1569 magis
458 1529 630 1571 suspecta
657 1521 878 1558 reseruntur
904 1521 1033 1572 (supra
1048 1551 1058 1569 ,
1083 1535 1167 1572 cap.
1186 1522 1237 1575 7),
1256 1521 1425 1560 'l‘aurum
1446 1531 1612 1560 montem

163 1595 224 1629 non
244 1583 602 1632 transgrediendum,
622 1585 837 1635 AEgyptium
853 1599 977 1637 regem
1003 1600 1088 1624 cum
1107 1587 1227 1637 copiis
1245 1600 1319 1624 non
1337 1586 1613 1636 reducendum,

162 1655 232 1693 etc„
249 1660 333 1684 eane
352 1648 477 1685 omnia
496 1648 598 1698 prius
620 1650 766 1688 moneri
788 1658 995 1700 potuerunt
1010 1665 1122 1702 quam
1143 1659 1209 1689 aut
1227 1651 1430 1689 necessitas
1450 1659 1612 1702 urgeret,

163 1720 215 1748 aut
234 1712 374 1750 occasio
392 1712 574 1751 daretur?
598 1715 807 1753 Fatendum
831 1724 885 1753 est
900 1716 1029 1766 igitur,
1050 1730 1231 1767 responsa
1250 1730 1334 1766 quae
1357 1722 1534 1767 tauquam
1552 1717 1610 1754 si-

163 1775 284 1823 byllina
311 1779 347 1814 in
367 1786 539 1816 senatum
560 1788 675 1829 atque
697 1780 788 1817 inde
815 1780 863 1817 ad
893 1780 1042 1831 plebem
1063 1781 1335 1827 asserebantur,
1355 1781 1425 1818 nisi
1455 1782 1610 1818 omnino

162 1839 238 1877 salsa
254 1851 286 1878 et
305 1842 517 1892 supposita,
533 1843 664 1880 saltem
687 1857 761 1880 nou
785 1843 970 1881 verbatim
997 1852 1114 1895 atque
1131 1844 1220 1894 ipsis
1241 1843 1360 1880 literis
1380 1842 1604 1893 deprompta

161 1917 198 1941 rx
217 1904 311 1944 libris
335 1907 451 1944 sacris
471 1907 604 1955 fuisse,
629 1909 694 1946 sed
722 1908 768 1945 ad
796 1922 904 1946 usum
931 1918 1144 1959 temporum
1165 1907 1461 1946 accommodata.
1491 1907 1604 1955 Quod

160 1981 222 2017 quo
238 1980 341 2020 pacto
363 1972 442 2010 lieri
463 1973 648 2023 potuerit,
669 1987 769 2011 nunc
789 1982 844 2011 est
864 1974 1184 2025 investigandum.

202 2034 326 2073 Multos
350 2036 429 2075 fore
453 2037 589 2075 scimus
603 2038 756 2089 quibus,
775 2051 860 2089 quae
884 2039 921 2075 in
944 2046 1124 2089 promptu
1148 2037 1310 2074 maxime
1327 2045 1383 2074 est
1404 2038 1604 2085 sententia,

159 2103 312 2147 tanquam
332 2101 559 2147 certissima,
586 2103 733 2152 placeat
756 2118 765 2140 :
790 2111 976 2151 senatum,
1007 2103 1102 2140 inito
1130 2116 1215 2140 cum
1238 2102 1396 2140 XVviris
1421 2102 1605 2148 consilio,

158 2161 310 2212 nullaque
342 2164 471 2203 habita
499 2166 772 2217 Sibyllinorum
804 2168 1014 2205 carminum
1043 2167 1212 2215 ratione,
1245 2179 1465 2217 responsum
1496 2167 1600 2217 quod

158 2225 367 2273 aptissimum
394 2238 460 2267 aut
481 2231 699 2282 reipublicae
720 2231 962 2269 utilissimum
985 2231 1192 2278 videretur,
1213 2244 1259 2268 ex
1287 2229 1469 2267 industria
1491 2244 1599 2267 com-

158 2289 312 2337 positum,
334 2295 546 2344 protulisse.
569 2297 710 2334 Verum
729 2297 802 2336 hoc
823 2298 873 2334 ita
894 2297 975 2335 lieri
991 2310 1065 2334 non
1088 2304 1252 2347 poterat,
1274 2294 1365 2346 quin
1390 2303 1454 2332 aut
1477 2296 1600 2333 omnis

156 2361 296 2403 senatus,
309 2366 369 2393 aut
388 2359 520 2396 saltem
538 2361 718 2410 praecipui
734 2362 986 2412 magistratus,
999 2360 1064 2411 qui
1080 2373 1209 2397 omnes
1223 2359 1338 2396 annui
1353 2367 1475 2403 erant,
1494 2359 1596 2396 ideo-

154 2427 214 2462 que
228 2417 472 2460 nobilissimus
496 2425 659 2474 quisque
684 2426 903 2476 reipublicae
923 2425 1029 2474 civis,
1052 2427 1281 2475 quicumque
1310 2423 1519 2460 honoribus
1539 2424 1594 2461 vel

155 2476 372 2529 fungerentur
385 2487 444 2524 vel
460 2487 578 2525 suncti
591 2498 729 2537 essent,
745 2490 816 2540 pize
830 2490 1009 2537 dicamus,
1025 2503 1070 2526 an
1085 2489 1210 2540 potius
1225 2488 1347 2538 impiae
1357 2496 1392 2525 et
1406 2488 1594 2539 sacrilega:

154 2540 273 2582 fraudis
288 2551 423 2588 conscii
440 2552 720 2604 participesque
737 2555 879 2594 fierent.
901 2556 1024 2593 Porro
1044 2554 1082 2591 in
1101 2554 1166 2591 illo
1186 2553 1350 2591 civitatis
1365 2552 1492 2589 liberae
1512 2566 1595 2603 per·

153 2615 250 2653 petuo
268 2620 352 2650 aestu
369 2645 378 2661 ‚
401 2615 588 2655 distractis
606 2631 756 2668 semper
770 2619 808 2656 in
827 2619 974 2657 diversa
991 2618 1113 2657 studia
1136 2616 1386 2663 factionibus,
1405 2617 1483 2654 fieri
1503 2629 1592 2654 sane

152 2673 316 2720 nequisset
330 2687 370 2716 ut
387 2679 452 2718 diu
471 2681 570 2719 intra
587 2691 739 2721 senatus
753 2684 918 2733 parietes
935 2692 999 2721 aut
1015 2684 1054 2722 in
1074 2682 1260 2720 nobilium
1273 2681 1406 2718 animis
1423 2681 1591 2719 continc-

153 2741 238 2772 retur
257 2738 343 2778 illud
357 2754 554 2784 secretum.
575 2747 782 2798 Quumque
800 2748 995 2786 videamus
1015 2749 1055 2786 C.
1072 2748 1255 2785 Catonem
1268 2777 1277 2794 ‚
1305 2745 1389 2783 trib.
1408 2745 1524 2796 pleb„
1541 2747 1587 2783 ad

150 2798 374 2848 evulgandum
393 2807 620 2859 Sibylliuum
644 2824 881 2862 responsum,
902 2825 950 2849 ne
971 2812 1069 2850 sorte
1085 2825 1106 2849 a
1123 2819 1255 2849 senatu
1273 2810 1585 2861 supprimeretur,

150 2862 301 2909 populari
320 2869 494 2910 violentia
518 2873 676 2913 abusum
695 2889 775 2913 esse
801 2874 945 2927 (supra,
962 2890 1046 2926 cap.
1075 2876 1124 2927 7),
1155 2875 1239 2926 quis
1263 2874 1413 2912 dubitat
1439 2873 1584 2911 futuros
