<?xml version="1.0" encoding="UTF-8"?>
<!DOCTYPE html PUBLIC "-//W3C//DTD XHTML 1.0 Transitional//EN"
    "http://www.w3.org/TR/xhtml1/DTD/xhtml1-transitional.dtd">
<html xmlns="http://www.w3.org/1999/xhtml" xml:lang="en" lang="en">
 <head>
  <title>
</title>
<meta http-equiv="Content-Type" content="text/html;charset=utf-8" />
  <meta name='ocr-system' content='tesseract 3.04.00' />
  <meta name='ocr-capabilities' content='ocr_page ocr_carea ocr_par ocr_line ocrx_word'/>
</head>
<body>
  <div class='ocr_page' id='page_1' title='image "./excursusadsibyll00alexuoft_0558.png"; bbox 0 0 1686 3500; ppageno 0'>
   <div class='ocr_carea' id='block_1_1' title="bbox 677 239 1620 293">
    <p class='ocr_par' dir='ltr' id='par_1_1' title="bbox 677 239 1620 293">
     <span class='ocr_line' id='line_1_1' title="bbox 677 239 1620 293; baseline 0.004 -8"><span class='ocrx_word' id='word_1_1' title='bbox 677 239 984 288; x_wconf 84' lang='lat' dir='ltr'>EXCURSUS</span> <span class='ocrx_word' id='word_1_2' title='bbox 1017 242 1055 293; x_wconf 75' lang='lat' dir='ltr'><strong>V</strong></span> <span class='ocrx_word' id='word_1_3' title='bbox 1060 243 1078 287; x_wconf 92' lang='lat'>1</span> <span class='ocrx_word' id='word_1_4' title='bbox 1084 274 1095 287; x_wconf 91' lang='lat'>.</span> <span class='ocrx_word' id='word_1_5' title='bbox 1390 243 1398 254; x_wconf 73' lang='grc'><em>“</em></span> <span class='ocrx_word' id='word_1_6' title='bbox 1529 243 1620 289; x_wconf 67' lang='grc'>549</span> 
     </span>
    </p>
   </div>
   <div class='ocr_carea' id='block_1_2' title="bbox 128 330 1637 2849">
    <p class='ocr_par' dir='ltr' id='par_1_2' title="bbox 147 330 1624 581">
     <span class='ocr_line' id='line_1_2' title="bbox 151 330 1624 388; baseline -0.001 -13"><span class='ocrx_word' id='word_1_7' title='bbox 151 335 264 375; x_wconf 85' lang='lat' dir='ltr'>nobis</span> <span class='ocrx_word' id='word_1_8' title='bbox 290 330 594 388; x_wconf 80' lang='lat' dir='ltr'>antiquissimum</span> <span class='ocrx_word' id='word_1_9' title='bbox 625 344 800 387; x_wconf 80' lang='lat' dir='ltr'>superest</span> <span class='ocrx_word' id='word_1_10' title='bbox 829 334 1179 388; x_wconf 78' lang='lat' dir='ltr'>exemplumapud</span> <span class='ocrx_word' id='word_1_11' title='bbox 1198 335 1430 376; x_wconf 88' lang='lat' dir='ltr'>Clementem</span> <span class='ocrx_word' id='word_1_12' title='bbox 1455 336 1564 378; x_wconf 76' lang='lat' dir='ltr'>Alex.</span> <span class='ocrx_word' id='word_1_13' title='bbox 1586 337 1624 375; x_wconf 87' lang='lat' dir='ltr'>iu</span> 
     </span>
     <span class='ocr_line' id='line_1_3' title="bbox 151 381 1624 453; baseline 0.001 -15"><span class='ocrx_word' id='word_1_14' title='bbox 151 401 227 439; x_wconf 80' lang='lat' dir='ltr'>fine</span> <span class='ocrx_word' id='word_1_15' title='bbox 245 381 759 453; x_wconf 64' lang='lat' dir='ltr'>Paedagogi‚lAnacreontico</span> <span class='ocrx_word' id='word_1_16' title='bbox 776 408 897 439; x_wconf 91' lang='lat' dir='ltr'>metro</span> <span class='ocrx_word' id='word_1_17' title='bbox 921 400 1204 452; x_wconf 78' lang='lat' dir='ltr'>conscriptum3</span> <span class='ocrx_word' id='word_1_18' title='bbox 1223 408 1262 438; x_wconf 90' lang='lat' dir='ltr'>et</span> <span class='ocrx_word' id='word_1_19' title='bbox 1279 400 1365 452; x_wconf 87' lang='lat' dir='ltr'>quis</span> <span class='ocrx_word' id='word_1_20' title='bbox 1384 400 1453 439; x_wconf 79' lang='lat' dir='ltr'>scit</span> <span class='ocrx_word' id='word_1_21' title='bbox 1479 414 1527 439; x_wconf 80' lang='lat' dir='ltr'>an</span> <span class='ocrx_word' id='word_1_22' title='bbox 1548 400 1624 439; x_wconf 84' lang='lat' dir='ltr'>huc</span> 
     </span>
     <span class='ocr_line' id='line_1_4' title="bbox 147 464 1624 517; baseline 0.001 -15"><span class='ocrx_word' id='word_1_23' title='bbox 147 478 307 517; x_wconf 77' lang='lat' dir='ltr'>quoque</span> <span class='ocrx_word' id='word_1_24' title='bbox 323 467 513 517; x_wconf 78' lang='lat' dir='ltr'>pertineat</span> <span class='ocrx_word' id='word_1_25' title='bbox 533 473 635 503; x_wconf 89' lang='lat' dir='ltr'>totus</span> <span class='ocrx_word' id='word_1_26' title='bbox 654 465 828 517; x_wconf 80' lang='lat' dir='ltr'>epilogus</span> <span class='ocrx_word' id='word_1_27' title='bbox 847 464 1024 515; x_wconf 84' lang='lat' dir='ltr'>Sibyllini</span> <span class='ocrx_word' id='word_1_28' title='bbox 1038 465 1125 503; x_wconf 88' lang='lat' dir='ltr'>libri</span> <span class='ocrx_word' id='word_1_29' title='bbox 1144 465 1248 513; x_wconf 81' lang='lat' dir='ltr'>vlu,</span> <span class='ocrx_word' id='word_1_30' title='bbox 1266 466 1287 517; x_wconf 71' lang='grc'>5</span> <span class='ocrx_word' id='word_1_31' title='bbox 1306 466 1343 514; x_wconf 84' lang='grc'>3,</span> <span class='ocrx_word' id='word_1_32' title='bbox 1365 472 1404 512; x_wconf 67' lang='lat' dir='ltr'>l..</span> <span class='ocrx_word' id='word_1_33' title='bbox 1425 478 1538 517; x_wconf 84' lang='lat' dir='ltr'>quem</span> <span class='ocrx_word' id='word_1_34' title='bbox 1554 479 1624 504; x_wconf 82' lang='lat' dir='ltr'>uos·</span> 
     </span>
     <span class='ocr_line' id='line_1_5' title="bbox 150 528 1618 581; baseline 0 -14"><span class='ocrx_word' id='word_1_35' title='bbox 150 543 227 567; x_wconf 85' lang='lat' dir='ltr'>uon</span> <span class='ocrx_word' id='word_1_36' title='bbox 244 530 460 568; x_wconf 79' lang='lat' dir='ltr'>vaticinium</span> <span class='ocrx_word' id='word_1_37' title='bbox 473 558 484 577; x_wconf 93' lang='lat'><strong>,</strong></span> <span class='ocrx_word' id='word_1_38' title='bbox 498 528 563 567; x_wconf 83' lang='lat' dir='ltr'>sed</span> <span class='ocrx_word' id='word_1_39' title='bbox 577 529 705 580; x_wconf 87' lang='lat' dir='ltr'>potius</span> <span class='ocrx_word' id='word_1_40' title='bbox 720 529 906 580; x_wconf 83' lang='lat' dir='ltr'>hymnum</span> <span class='ocrx_word' id='word_1_41' title='bbox 927 542 1007 568; x_wconf 89' lang='lat' dir='ltr'>esse</span> <span class='ocrx_word' id='word_1_42' title='bbox 1025 529 1191 568; x_wconf 86' lang='lat' dir='ltr'>diximus</span> <span class='ocrx_word' id='word_1_43' title='bbox 1209 529 1249 567; x_wconf 87' lang='lat' dir='ltr'>in</span> <span class='ocrx_word' id='word_1_44' title='bbox 1266 530 1358 570; x_wconf 82' lang='lat' dir='ltr'>Exc.</span> <span class='ocrx_word' id='word_1_45' title='bbox 1377 530 1422 576; x_wconf 88' lang='lat' dir='ltr'>V,</span> <span class='ocrx_word' id='word_1_46' title='bbox 1439 543 1528 581; x_wconf 84' lang='lat' dir='ltr'>cap.</span> <span class='ocrx_word' id='word_1_47' title='bbox 1557 536 1618 575; x_wconf 69' lang='lat' dir='ltr'>1l..</span> 
     </span>
    </p>

    <p class='ocr_par' dir='ltr' id='par_1_3' title="bbox 145 593 1624 776">
     <span class='ocr_line' id='line_1_6' title="bbox 200 593 1624 646; baseline -0.001 -13"><span class='ocrx_word' id='word_1_48' title='bbox 200 593 348 633; x_wconf 85' lang='lat' dir='ltr'>Viderit</span> <span class='ocrx_word' id='word_1_49' title='bbox 368 595 501 640; x_wconf 84' lang='lat' dir='ltr'>lector,</span> <span class='ocrx_word' id='word_1_50' title='bbox 529 594 672 632; x_wconf 84' lang='lat' dir='ltr'>talesne</span> <span class='ocrx_word' id='word_1_51' title='bbox 694 601 828 632; x_wconf 85' lang='lat' dir='ltr'>cantus</span> <span class='ocrx_word' id='word_1_52' title='bbox 852 594 892 631; x_wconf 89' lang='lat' dir='ltr'>in</span> <span class='ocrx_word' id='word_1_53' title='bbox 912 593 1074 646; x_wconf 84' lang='lat' dir='ltr'><strong>publicis</strong></span> <span class='ocrx_word' id='word_1_54' title='bbox 1094 606 1301 645; x_wconf 83' lang='lat' dir='ltr'>agaparum</span> <span class='ocrx_word' id='word_1_55' title='bbox 1320 594 1505 633; x_wconf 85' lang='lat' dir='ltr'>conviviis</span> <span class='ocrx_word' id='word_1_56' title='bbox 1523 595 1624 633; x_wconf 84' lang='lat' dir='ltr'>cele-</span> 
     </span>
     <span class='ocr_line' id='line_1_7' title="bbox 145 658 1623 710; baseline 0 -13"><span class='ocrx_word' id='word_1_57' title='bbox 145 658 290 707; x_wconf 81' lang='lat' dir='ltr'>bratos,</span> <span class='ocrx_word' id='word_1_58' title='bbox 305 672 350 697; x_wconf 88' lang='lat' dir='ltr'>an</span> <span class='ocrx_word' id='word_1_59' title='bbox 368 659 547 710; x_wconf 79' lang='lat' dir='ltr'>privatim</span> <span class='ocrx_word' id='word_1_60' title='bbox 560 667 597 696; x_wconf 86' lang='lat' dir='ltr'>et</span> <span class='ocrx_word' id='word_1_61' title='bbox 611 658 798 696; x_wconf 86' lang='lat' dir='ltr'>submissa</span> <span class='ocrx_word' id='word_1_62' title='bbox 813 671 907 697; x_wconf 91' lang='lat' dir='ltr'>voce</span> <span class='ocrx_word' id='word_1_63' title='bbox 916 671 1050 709; x_wconf 79' lang='lat' dir='ltr'>preces</span> <span class='ocrx_word' id='word_1_64' title='bbox 1064 658 1248 708; x_wconf 82' lang='lat' dir='ltr'>quasdam</span> <span class='ocrx_word' id='word_1_65' title='bbox 1263 667 1349 696; x_wconf 87' lang='lat' dir='ltr'>ante</span> <span class='ocrx_word' id='word_1_66' title='bbox 1362 658 1490 697; x_wconf 89' lang='lat' dir='ltr'>cibum</span> <span class='ocrx_word' id='word_1_67' title='bbox 1502 659 1623 698; x_wconf 85' lang='lat' dir='ltr'>dictas·</span> 
     </span>
     <span class='ocr_line' id='line_1_8' title="bbox 148 723 921 776; baseline 0.003 -15"><span class='ocrx_word' id='word_1_68' title='bbox 148 724 358 776; x_wconf 84' lang='lat' dir='ltr'>intelligere</span> <span class='ocrx_word' id='word_1_69' title='bbox 380 724 470 761; x_wconf 85' lang='lat' dir='ltr'>velit</span> <span class='ocrx_word' id='word_1_70' title='bbox 488 723 588 761; x_wconf 90' lang='lat' dir='ltr'>libro</span> <span class='ocrx_word' id='word_1_71' title='bbox 610 723 673 772; x_wconf 83' lang='lat' dir='ltr'>lv,</span> <span class='ocrx_word' id='word_1_72' title='bbox 690 738 726 763; x_wconf 92' lang='lat' dir='ltr'>v.</span> <span class='ocrx_word' id='word_1_73' title='bbox 751 724 813 769; x_wconf 80' lang='lat'>25,</span> <span class='ocrx_word' id='word_1_74' title='bbox 834 736 890 774; x_wconf 88' lang='lat' dir='ltr'>sq.</span> <span class='ocrx_word' id='word_1_75' title='bbox 911 734 921 763; x_wconf 71' lang='grc' dir='ltr'>ε</span> 
     </span>
    </p>

    <p class='ocr_par' dir='ltr' id='par_1_4' title="bbox 303 785 1169 841">
     <span class='ocr_line' id='line_1_9' title="bbox 303 785 1169 841; baseline -0.003 -14"><span class='ocrx_word' id='word_1_76' title='bbox 303 787 434 827; x_wconf 82' lang='grc' dir='ltr'>Ὅσσοι</span> <span class='ocrx_word' id='word_1_77' title='bbox 452 787 494 835; x_wconf 84' lang='grc' dir='ltr'>δὴ</span> <span class='ocrx_word' id='word_1_78' title='bbox 517 787 694 841; x_wconf 74' lang='grc' dir='ltr'>στέρξουσι</span> <span class='ocrx_word' id='word_1_79' title='bbox 714 787 804 827; x_wconf 82' lang='grc' dir='ltr'>Θεὸν</span> <span class='ocrx_word' id='word_1_80' title='bbox 825 787 936 838; x_wconf 80' lang='grc' dir='ltr'>μέγαν</span> <span class='ocrx_word' id='word_1_81' title='bbox 955 785 1169 837; x_wconf 81' lang='grc' dir='ltr'>εὐλογέοντες</span> 
     </span>
    </p>

    <p class='ocr_par' dir='ltr' id='par_1_5' title="bbox 302 850 1198 905">
     <span class='ocr_line' id='line_1_10' title="bbox 302 850 1198 905; baseline -0.002 -14"><span class='ocrx_word' id='word_1_82' title='bbox 302 852 393 905; x_wconf 69' lang='grc' dir='ltr'>Πρὶν</span> <span class='ocrx_word' id='word_1_83' title='bbox 413 851 521 891; x_wconf 81' lang='grc' dir='ltr'>πιέειν</span> <span class='ocrx_word' id='word_1_84' title='bbox 540 852 677 905; x_wconf 76' lang='grc' dir='ltr'>φαγέειν</span> <span class='ocrx_word' id='word_1_85' title='bbox 693 868 730 891; x_wconf 85' lang='grc' dir='ltr'>τε</span> <span class='ocrx_word' id='word_1_86' title='bbox 742 883 752 899; x_wconf 85' lang='grc'>,</span> <span class='ocrx_word' id='word_1_87' title='bbox 773 851 974 895; x_wconf 81' lang='grc' dir='ltr'>πεποιθότες</span> <span class='ocrx_word' id='word_1_88' title='bbox 989 850 1198 903; x_wconf 74' lang='grc' dir='ltr'>εὐσεὸίῃσιν.</span> 
     </span>
    </p>

    <p class='ocr_par' dir='ltr' id='par_1_6' title="bbox 144 914 1621 1034">
     <span class='ocr_line' id='line_1_11' title="bbox 145 914 1621 969; baseline -0.001 -13"><span class='ocrx_word' id='word_1_89' title='bbox 145 918 222 956; x_wconf 87' lang='lat' dir='ltr'>Nos</span> <span class='ocrx_word' id='word_1_90' title='bbox 239 917 394 969; x_wconf 81' lang='lat' dir='ltr'>quidem</span> <span class='ocrx_word' id='word_1_91' title='bbox 415 917 463 955; x_wconf 91' lang='lat' dir='ltr'>de</span> <span class='ocrx_word' id='word_1_92' title='bbox 481 917 638 969; x_wconf 83' lang='lat' dir='ltr'>privatis</span> <span class='ocrx_word' id='word_1_93' title='bbox 657 917 834 969; x_wconf 81' lang='lat' dir='ltr'>precibus</span> <span class='ocrx_word' id='word_1_94' title='bbox 852 918 924 955; x_wconf 85' lang='lat' dir='ltr'>hoc</span> <span class='ocrx_word' id='word_1_95' title='bbox 945 916 1089 955; x_wconf 89' lang='lat' dir='ltr'>dictum</span> <span class='ocrx_word' id='word_1_96' title='bbox 1110 915 1298 954; x_wconf 79' lang='lat' dir='ltr'>malumus</span> <span class='ocrx_word' id='word_1_97' title='bbox 1316 914 1506 967; x_wconf 83' lang='lat' dir='ltr'>accipere,</span> <span class='ocrx_word' id='word_1_98' title='bbox 1525 915 1621 954; x_wconf 84' lang='lat' dir='ltr'>sicut</span> 
     </span>
     <span class='ocr_line' id='line_1_12' title="bbox 144 980 1558 1034; baseline -0.001 -14"><span class='ocrx_word' id='word_1_99' title='bbox 144 982 237 1021; x_wconf 88' lang='lat' dir='ltr'>illud</span> <span class='ocrx_word' id='word_1_100' title='bbox 256 985 303 1021; x_wconf 85' lang='lat' dir='ltr'>de</span> <span class='ocrx_word' id='word_1_101' title='bbox 320 982 541 1022; x_wconf 76' lang='lat' dir='ltr'>Judaeorum</span> <span class='ocrx_word' id='word_1_102' title='bbox 561 983 745 1020; x_wconf 81' lang='lat' dir='ltr'>matutina</span> <span class='ocrx_word' id='word_1_103' title='bbox 765 982 1063 1034; x_wconf 83' lang='lat' dir='ltr'><strong>supplicatione,</strong></span> <span class='ocrx_word' id='word_1_104' title='bbox 1088 980 1154 1018; x_wconf 86' lang='lat' dir='ltr'>lib.</span> <span class='ocrx_word' id='word_1_105' title='bbox 1174 981 1244 1026; x_wconf 88' lang='lat' dir='ltr'>lll,</span> <span class='ocrx_word' id='word_1_106' title='bbox 1271 994 1309 1022; x_wconf 84' lang='lat' dir='ltr'>v.</span> <span class='ocrx_word' id='word_1_107' title='bbox 1333 981 1420 1031; x_wconf 76' lang='lat'>59¹,</span> <span class='ocrx_word' id='word_1_108' title='bbox 1440 994 1525 1032; x_wconf 85' lang='lat' dir='ltr'>sqq.</span> <span class='ocrx_word' id='word_1_109' title='bbox 1548 994 1558 1021; x_wconf 71' lang='grc' dir='ltr'>ς</span> 
     </span>
    </p>

    <p class='ocr_par' dir='ltr' id='par_1_7' title="bbox 303 1033 1204 1100">
     <span class='ocr_line' id='line_1_13' title="bbox 303 1033 1204 1100; baseline -0.001 -16"><span class='ocrx_word' id='word_1_110' title='bbox 303 1045 408 1085; x_wconf 78' lang='grc' dir='ltr'>Ἀλλὰ</span> <span class='ocrx_word' id='word_1_111' title='bbox 428 1045 491 1097; x_wconf 76' lang='grc' dir='ltr'>μὲν</span> <span class='ocrx_word' id='word_1_112' title='bbox 511 1046 664 1098; x_wconf 71' lang='grc' dir='ltr'>διείρουσι</span> <span class='ocrx_word' id='word_1_113' title='bbox 683 1045 769 1100; x_wconf 79' lang='grc' dir='ltr'>πρὸς</span> <span class='ocrx_word' id='word_1_114' title='bbox 785 1033 930 1099; x_wconf 76' lang='grc' dir='ltr'>οὐρανὸν</span> <span class='ocrx_word' id='word_1_115' title='bbox 947 1045 1076 1089; x_wconf 83' lang='grc' dir='ltr'>ὠλένας</span> <span class='ocrx_word' id='word_1_116' title='bbox 1098 1043 1204 1100; x_wconf 79' lang='grc' dir='ltr'>ᾇγνὰς</span> 
     </span>
    </p>

    <p class='ocr_par' dir='ltr' id='par_1_8' title="bbox 301 1110 818 1165">
     <span class='ocr_line' id='line_1_14' title="bbox 301 1110 818 1165; baseline -0.002 -15"><span class='ocrx_word' id='word_1_117' title='bbox 301 1111 464 1165; x_wconf 83' lang='grc' dir='ltr'>Ὀρθριοι</span> <span class='ocrx_word' id='word_1_118' title='bbox 483 1110 517 1156; x_wconf 78' lang='grc' dir='ltr'>ἐξ</span> <span class='ocrx_word' id='word_1_119' title='bbox 541 1112 660 1158; x_wconf 73' lang='grc' dir='ltr'>εὐνῆς,</span> <span class='ocrx_word' id='word_1_120' title='bbox 679 1126 713 1150; x_wconf 82' lang='grc' dir='ltr'>κ.</span> <span class='ocrx_word' id='word_1_121' title='bbox 732 1126 764 1149; x_wconf 85' lang='grc' dir='ltr'>τ.</span> <span class='ocrx_word' id='word_1_122' title='bbox 786 1111 818 1149; x_wconf 89' lang='grc' dir='ltr'>λ.</span> 
     </span>
    </p>

    <p class='ocr_par' dir='ltr' id='par_1_9' title="bbox 140 1173 1630 1489">
     <span class='ocr_line' id='line_1_15' title="bbox 195 1173 1621 1229; baseline -0.002 -13"><span class='ocrx_word' id='word_1_123' title='bbox 195 1177 246 1217; x_wconf 91' lang='lat' dir='ltr'>Ut</span> <span class='ocrx_word' id='word_1_124' title='bbox 264 1191 357 1216; x_wconf 89' lang='lat' dir='ltr'>vero</span> <span class='ocrx_word' id='word_1_125' title='bbox 379 1177 424 1215; x_wconf 82' lang='lat' dir='ltr'>ad</span> <span class='ocrx_word' id='word_1_126' title='bbox 439 1176 590 1229; x_wconf 72' lang='lat' dir='ltr'>publiea</span> <span class='ocrx_word' id='word_1_127' title='bbox 606 1176 819 1225; x_wconf 77' lang='lat' dir='ltr'><strong>redeamus,</strong></span> <span class='ocrx_word' id='word_1_128' title='bbox 838 1175 1048 1215; x_wconf 85' lang='lat' dir='ltr'>notandum</span> <span class='ocrx_word' id='word_1_129' title='bbox 1066 1175 1224 1214; x_wconf 88' lang='lat' dir='ltr'>omnino</span> <span class='ocrx_word' id='word_1_130' title='bbox 1245 1182 1428 1227; x_wconf 82' lang='lat' dir='ltr'>quantum</span> <span class='ocrx_word' id='word_1_131' title='bbox 1444 1173 1481 1213; x_wconf 91' lang='lat' dir='ltr'>in</span> <span class='ocrx_word' id='word_1_132' title='bbox 1503 1173 1621 1213; x_wconf 78' lang='lat' dir='ltr'>sacris</span> 
     </span>
     <span class='ocr_line' id='line_1_16' title="bbox 141 1239 1621 1295; baseline 0 -17"><span class='ocrx_word' id='word_1_133' title='bbox 141 1242 221 1281; x_wconf 86' lang='lat' dir='ltr'>suis</span> <span class='ocrx_word' id='word_1_134' title='bbox 239 1241 286 1280; x_wconf 90' lang='lat' dir='ltr'>ab</span> <span class='ocrx_word' id='word_1_135' title='bbox 302 1242 405 1281; x_wconf 89' lang='lat' dir='ltr'>omni</span> <span class='ocrx_word' id='word_1_136' title='bbox 420 1242 617 1295; x_wconf 76' lang='lat' dir='ltr'>superfluo</span> <span class='ocrx_word' id='word_1_137' title='bbox 646 1249 833 1293; x_wconf 83' lang='lat' dir='ltr'>apparatu</span> <span class='ocrx_word' id='word_1_138' title='bbox 854 1250 1006 1280; x_wconf 84' lang='lat' dir='ltr'>veteres</span> <span class='ocrx_word' id='word_1_139' title='bbox 1029 1240 1282 1279; x_wconf 78' lang='lat' dir='ltr'>abstinuerint</span> <span class='ocrx_word' id='word_1_140' title='bbox 1302 1239 1535 1286; x_wconf 84' lang='lat' dir='ltr'>Christiani,</span> <span class='ocrx_word' id='word_1_141' title='bbox 1554 1239 1621 1290; x_wconf 79' lang='lat' dir='ltr'>qui</span> 
     </span>
     <span class='ocr_line' id='line_1_17' title="bbox 143 1306 1619 1359; baseline -0.003 -14"><span class='ocrx_word' id='word_1_142' title='bbox 143 1308 255 1346; x_wconf 76' lang='lat' dir='ltr'>flores</span> <span class='ocrx_word' id='word_1_143' title='bbox 273 1315 310 1346; x_wconf 92' lang='lat' dir='ltr'>et</span> <span class='ocrx_word' id='word_1_144' title='bbox 331 1307 418 1345; x_wconf 85' lang='lat' dir='ltr'>thus</span> <span class='ocrx_word' id='word_1_145' title='bbox 437 1316 475 1346; x_wconf 89' lang='lat' dir='ltr'>et</span> <span class='ocrx_word' id='word_1_146' title='bbox 494 1307 652 1345; x_wconf 85' lang='lat' dir='ltr'>donaria</span> <span class='ocrx_word' id='word_1_147' title='bbox 675 1306 933 1359; x_wconf 72' lang='grc' dir='ltr'>(ἀναθήματα),</span> <span class='ocrx_word' id='word_1_148' title='bbox 958 1320 1001 1344; x_wconf 83' lang='lat' dir='ltr'>ac</span> <span class='ocrx_word' id='word_1_149' title='bbox 1019 1307 1076 1344; x_wconf 81' lang='lat' dir='ltr'>vel</span> <span class='ocrx_word' id='word_1_150' title='bbox 1102 1306 1225 1357; x_wconf 86' lang='lat' dir='ltr'>ipsum</span> <span class='ocrx_word' id='word_1_151' title='bbox 1245 1318 1419 1344; x_wconf 88' lang='lat' dir='ltr'>cerarum</span> <span class='ocrx_word' id='word_1_152' title='bbox 1439 1317 1619 1343; x_wconf 80' lang='lat' dir='ltr'>accensu-</span> 
     </span>
     <span class='ocr_line' id='line_1_18' title="bbox 143 1368 1630 1424; baseline -0.002 -14"><span class='ocrx_word' id='word_1_153' title='bbox 143 1386 226 1411; x_wconf 85' lang='lat' dir='ltr'>rum</span> <span class='ocrx_word' id='word_1_154' title='bbox 244 1386 353 1411; x_wconf 86' lang='lat' dir='ltr'>usum</span> <span class='ocrx_word' id='word_1_155' title='bbox 370 1372 416 1410; x_wconf 83' lang='lat' dir='ltr'>ad</span> <span class='ocrx_word' id='word_1_156' title='bbox 435 1372 605 1411; x_wconf 86' lang='lat' dir='ltr'>ethnicas</span> <span class='ocrx_word' id='word_1_157' title='bbox 625 1372 916 1424; x_wconf 78' lang='lat' dir='ltr'>superstitiones</span> <span class='ocrx_word' id='word_1_158' title='bbox 936 1370 1144 1410; x_wconf 81' lang='lat' dir='ltr'>amandare</span> <span class='ocrx_word' id='word_1_159' title='bbox 1158 1384 1234 1409; x_wconf 88' lang='lat' dir='ltr'>non</span> <span class='ocrx_word' id='word_1_160' title='bbox 1250 1369 1430 1408; x_wconf 83' lang='lat' dir='ltr'>dubitant</span> <span class='ocrx_word' id='word_1_161' title='bbox 1445 1369 1480 1407; x_wconf 90' lang='lat' dir='ltr'>in</span> <span class='ocrx_word' id='word_1_162' title='bbox 1499 1368 1630 1421; x_wconf 71' lang='lat' dir='ltr'>Sibyl-⁴</span> 
     </span>
     <span class='ocr_line' id='line_1_19' title="bbox 140 1436 856 1489; baseline -0.001 -14"><span class='ocrx_word' id='word_1_163' title='bbox 140 1438 240 1487; x_wconf 86' lang='lat' dir='ltr'>linis,</span> <span class='ocrx_word' id='word_1_164' title='bbox 260 1436 329 1478; x_wconf 86' lang='lat' dir='ltr'>lib.</span> <span class='ocrx_word' id='word_1_165' title='bbox 356 1437 460 1487; x_wconf 79' lang='lat' dir='ltr'>VHI,</span> <span class='ocrx_word' id='word_1_166' title='bbox 483 1441 501 1484; x_wconf 84' lang='lat'>§</span> <span class='ocrx_word' id='word_1_167' title='bbox 521 1444 557 1482; x_wconf 74' lang='grc'>4,</span> <span class='ocrx_word' id='word_1_168' title='bbox 575 1450 614 1477; x_wconf 86' lang='lat' dir='ltr'>v.</span> <span class='ocrx_word' id='word_1_169' title='bbox 639 1438 727 1484; x_wconf 72' lang='lat'>488,</span> <span class='ocrx_word' id='word_1_170' title='bbox 747 1451 830 1489; x_wconf 86' lang='lat' dir='ltr'>sqq.</span> <span class='ocrx_word' id='word_1_171' title='bbox 849 1451 856 1474; x_wconf 91' lang='lat'>:</span> 
     </span>
    </p>

    <p class='ocr_par' dir='ltr' id='par_1_10' title="bbox 297 1499 1222 1554">
     <span class='ocr_line' id='line_1_20' title="bbox 297 1499 1222 1554; baseline -0.003 -13"><span class='ocrx_word' id='word_1_172' title='bbox 297 1500 475 1541; x_wconf 81' lang='grc' dir='ltr'>Οὐδέποτε</span> <span class='ocrx_word' id='word_1_173' title='bbox 494 1501 580 1554; x_wconf 81' lang='grc' dir='ltr'>πρὸς</span> <span class='ocrx_word' id='word_1_174' title='bbox 599 1503 683 1540; x_wconf 76' lang='grc' dir='ltr'>νεῶν</span> <span class='ocrx_word' id='word_1_175' title='bbox 704 1500 840 1546; x_wconf 80' lang='grc' dir='ltr'>ἀδύτοις</span> <span class='ocrx_word' id='word_1_176' title='bbox 857 1500 1016 1552; x_wconf 79' lang='grc' dir='ltr'>ἐώμεσθα</span> <span class='ocrx_word' id='word_1_177' title='bbox 1036 1499 1197 1545; x_wconf 77' lang='grc' dir='ltr'>πελάζειν</span> <span class='ocrx_word' id='word_1_178' title='bbox 1211 1529 1222 1548; x_wconf 88' lang='grc'>,</span> 
     </span>
    </p>

    <p class='ocr_par' dir='ltr' id='par_1_11' title="bbox 298 1564 1197 1619">
     <span class='ocr_line' id='line_1_21' title="bbox 298 1564 1197 1619; baseline -0.003 -13"><span class='ocrx_word' id='word_1_179' title='bbox 298 1568 352 1606; x_wconf 84' lang='grc' dir='ltr'>Οὖ</span> <span class='ocrx_word' id='word_1_180' title='bbox 379 1565 508 1612; x_wconf 80' lang='grc' dir='ltr'>ξοάνοις</span> <span class='ocrx_word' id='word_1_181' title='bbox 528 1565 700 1613; x_wconf 81' lang='grc' dir='ltr'>σπένδειν,</span> <span class='ocrx_word' id='word_1_182' title='bbox 720 1565 796 1605; x_wconf 79' lang='grc' dir='ltr'>οὔτ’</span> <span class='ocrx_word' id='word_1_183' title='bbox 814 1567 990 1619; x_wconf 62' lang='grc' dir='ltr'>εὐχωλῇσι</span> <span class='ocrx_word' id='word_1_184' title='bbox 1009 1564 1197 1619; x_wconf 81' lang='grc' dir='ltr'>γεραίρειν,</span> 
     </span>
    </p>

    <p class='ocr_par' dir='ltr' id='par_1_12' title="bbox 300 1629 1268 1684">
     <span class='ocr_line' id='line_1_22' title="bbox 300 1629 1268 1684; baseline -0.003 -14"><span class='ocrx_word' id='word_1_185' title='bbox 300 1632 387 1670; x_wconf 82' lang='grc' dir='ltr'>Οὐδ’</span> <span class='ocrx_word' id='word_1_186' title='bbox 404 1632 528 1682; x_wconf 83' lang='grc' dir='ltr'>ὀδμαῖς</span> <span class='ocrx_word' id='word_1_187' title='bbox 547 1633 658 1669; x_wconf 78' lang='grc' dir='ltr'>ἀνθῶν</span> <span class='ocrx_word' id='word_1_188' title='bbox 675 1630 949 1684; x_wconf 83' lang='grc' dir='ltr'>πολυτερπέσιν,</span> <span class='ocrx_word' id='word_1_189' title='bbox 969 1630 1045 1669; x_wconf 80' lang='grc' dir='ltr'>οὐδὲ</span> <span class='ocrx_word' id='word_1_190' title='bbox 1067 1629 1129 1681; x_wconf 85' lang='grc' dir='ltr'>μὲν</span> <span class='ocrx_word' id='word_1_191' title='bbox 1147 1631 1268 1682; x_wconf 77' lang='grc' dir='ltr'>αὐγαῖς</span> 
     </span>
    </p>

    <p class='ocr_par' dir='ltr' id='par_1_13' title="bbox 245 1684 1337 1749">
     <span class='ocr_line' id='line_1_23' title="bbox 245 1684 1337 1749; baseline -0.001 -15"><span class='ocrx_word' id='word_1_192' title='bbox 245 1727 247 1729; x_wconf 91' lang='grc'>.</span> <span class='ocrx_word' id='word_1_193' title='bbox 298 1695 548 1749; x_wconf 77' lang='grc' dir='ltr'>Λαμπτήρων,</span> <span class='ocrx_word' id='word_1_194' title='bbox 570 1684 657 1749; x_wconf 67' lang='grc' dir='ltr'>ἆτᾶρ</span> <span class='ocrx_word' id='word_1_195' title='bbox 674 1696 745 1734; x_wconf 74' lang='grc' dir='ltr'>οὐδ’</span> <span class='ocrx_word' id='word_1_196' title='bbox 770 1695 837 1749; x_wconf 87' lang='grc' dir='ltr'>ἄρα</span> <span class='ocrx_word' id='word_1_197' title='bbox 859 1694 938 1739; x_wconf 78' lang='grc' dir='ltr'>τοὺς</span> <span class='ocrx_word' id='word_1_198' title='bbox 956 1694 1156 1746; x_wconf 74' lang='grc' dir='ltr'>ἀναθήμασι</span> <span class='ocrx_word' id='word_1_199' title='bbox 1174 1699 1337 1746; x_wconf 79' lang='grc' dir='ltr'>κοσμεῖν,</span> 
     </span>
    </p>

    <p class='ocr_par' dir='ltr' id='par_1_14' title="bbox 138 1760 1624 1941">
     <span class='ocr_line' id='line_1_24' title="bbox 297 1760 1286 1815; baseline -0.002 -15"><span class='ocrx_word' id='word_1_200' title='bbox 297 1762 350 1800; x_wconf 80' lang='grc' dir='ltr'>Οὐ</span> <span class='ocrx_word' id='word_1_201' title='bbox 368 1760 511 1800; x_wconf 72' lang='grc' dir='ltr'>λιὸοίνου</span> <span class='ocrx_word' id='word_1_202' title='bbox 528 1761 688 1813; x_wconf 81' lang='grc' dir='ltr'>ἀτμοῖσιν</span> <span class='ocrx_word' id='word_1_203' title='bbox 702 1762 827 1799; x_wconf 86' lang='grc' dir='ltr'>ἀνιεῖσι</span> <span class='ocrx_word' id='word_1_204' title='bbox 846 1760 957 1815; x_wconf 84' lang='grc' dir='ltr'>φλόγα</span> <span class='ocrx_word' id='word_1_205' title='bbox 977 1762 1126 1813; x_wconf 79' lang='grc' dir='ltr'>βωμῶν,</span> <span class='ocrx_word' id='word_1_206' title='bbox 1143 1775 1176 1799; x_wconf 82' lang='grc' dir='ltr'>κ.</span> <span class='ocrx_word' id='word_1_207' title='bbox 1196 1775 1231 1800; x_wconf 83' lang='grc' dir='ltr'>τ.</span> <span class='ocrx_word' id='word_1_208' title='bbox 1250 1760 1286 1801; x_wconf 89' lang='grc' dir='ltr'>λ.</span> 
     </span>
     <span class='ocr_line' id='line_1_25' title="bbox 138 1823 1624 1878; baseline -0.001 -13"><span class='ocrx_word' id='word_1_209' title='bbox 138 1826 470 1873; x_wconf 82' lang='lat' dir='ltr'>Quemadmodum</span> <span class='ocrx_word' id='word_1_210' title='bbox 499 1836 537 1865; x_wconf 88' lang='lat' dir='ltr'>et</span> <span class='ocrx_word' id='word_1_211' title='bbox 555 1826 629 1865; x_wconf 89' lang='lat' dir='ltr'>alio</span> <span class='ocrx_word' id='word_1_212' title='bbox 652 1827 735 1864; x_wconf 85' lang='lat' dir='ltr'>loco</span> <span class='ocrx_word' id='word_1_213' title='bbox 766 1825 985 1878; x_wconf 77' lang='lat' dir='ltr'>lampadum</span> <span class='ocrx_word' id='word_1_214' title='bbox 1006 1838 1098 1864; x_wconf 87' lang='lat' dir='ltr'>usus</span> <span class='ocrx_word' id='word_1_215' title='bbox 1123 1824 1329 1877; x_wconf 83' lang='lat' dir='ltr'>gentilibus</span> <span class='ocrx_word' id='word_1_216' title='bbox 1349 1823 1624 1876; x_wconf 69' lang='lat' dir='ltr'>exprobratur,</span> 
     </span>
     <span class='ocr_line' id='line_1_26' title="bbox 139 1891 618 1941; baseline -0.002 -12"><span class='ocrx_word' id='word_1_217' title='bbox 139 1891 205 1930; x_wconf 88' lang='lat' dir='ltr'>lib.</span> <span class='ocrx_word' id='word_1_218' title='bbox 224 1891 369 1941; x_wconf 84' lang='lat' dir='ltr'>vl11,§</span> <span class='ocrx_word' id='word_1_219' title='bbox 393 1905 431 1941; x_wconf 83' lang='lat'>2,</span> <span class='ocrx_word' id='word_1_220' title='bbox 453 1904 489 1929; x_wconf 83' lang='lat' dir='ltr'>v.</span> <span class='ocrx_word' id='word_1_221' title='bbox 512 1891 584 1938; x_wconf 82' lang='lat'>387</span> <span class='ocrx_word' id='word_1_222' title='bbox 609 1904 618 1928; x_wconf 72' lang='grc' dir='ltr'>ε</span> 
     </span>
    </p>

    <p class='ocr_par' dir='ltr' id='par_1_15' title="bbox 128 1941 1637 2849">
     <span class='ocr_line' id='line_1_27' title="bbox 297 1941 1172 2008; baseline -0.002 -13"><span class='ocrx_word' id='word_1_223' title='bbox 297 1955 368 1995; x_wconf 76' lang='grc' dir='ltr'>Καὶ</span> <span class='ocrx_word' id='word_1_224' title='bbox 387 1954 531 2008; x_wconf 79' lang='grc' dir='ltr'>λύχνους</span> <span class='ocrx_word' id='word_1_225' title='bbox 552 1954 720 1994; x_wconf 84' lang='grc' dir='ltr'>ἅπτουσιν</span> <span class='ocrx_word' id='word_1_226' title='bbox 738 1955 816 2005; x_wconf 83' lang='grc' dir='ltr'>ἐμοὶ</span> <span class='ocrx_word' id='word_1_227' title='bbox 838 1957 888 2008; x_wconf 76' lang='grc' dir='ltr'>τῷ</span> <span class='ocrx_word' id='word_1_228' title='bbox 909 1957 1006 2007; x_wconf 78' lang='grc' dir='ltr'>φῶτα</span> <span class='ocrx_word' id='word_1_229' title='bbox 1028 1941 1172 1994; x_wconf 51' lang='grc' dir='ltr'>διδόντιῖ</span> 
     </span>
     <span class='ocr_line' id='line_1_28' title="bbox 140 2018 1622 2072; baseline -0.003 -12"><span class='ocrx_word' id='word_1_230' title='bbox 140 2022 213 2060; x_wconf 79' lang='lat' dir='ltr'>Par</span> <span class='ocrx_word' id='word_1_231' title='bbox 226 2030 308 2060; x_wconf 87' lang='lat' dir='ltr'>erat</span> <span class='ocrx_word' id='word_1_232' title='bbox 324 2021 437 2059; x_wconf 88' lang='lat' dir='ltr'>etiam</span> <span class='ocrx_word' id='word_1_233' title='bbox 453 2029 591 2072; x_wconf 85' lang='lat' dir='ltr'>quarto</span> <span class='ocrx_word' id='word_1_234' title='bbox 608 2020 747 2058; x_wconf 87' lang='lat' dir='ltr'>saeculo</span> <span class='ocrx_word' id='word_1_235' title='bbox 763 2020 970 2071; x_wconf 87' lang='lat' dir='ltr'>incipiente</span> <span class='ocrx_word' id='word_1_236' title='bbox 988 2019 1173 2058; x_wconf 82' lang='lat' dir='ltr'>adversus</span> <span class='ocrx_word' id='word_1_237' title='bbox 1187 2019 1290 2058; x_wconf 86' lang='lat' dir='ltr'>illam</span> <span class='ocrx_word' id='word_1_238' title='bbox 1311 2018 1488 2071; x_wconf 75' lang='lat' dir='ltr'>gentilem</span> <span class='ocrx_word' id='word_1_239' title='bbox 1507 2031 1622 2070; x_wconf 78' lang='lat' dir='ltr'>potn-</span> 
     </span>
     <span class='ocr_line' id='line_1_29' title="bbox 138 2082 1616 2138; baseline -0.003 -14"><span class='ocrx_word' id='word_1_240' title='bbox 138 2100 226 2138; x_wconf 83' lang='lat' dir='ltr'>pam</span> <span class='ocrx_word' id='word_1_241' title='bbox 244 2086 430 2124; x_wconf 81' lang='lat' dir='ltr'>Lactantii</span> <span class='ocrx_word' id='word_1_242' title='bbox 454 2085 693 2137; x_wconf 82' lang='lat' dir='ltr'>indignatio,</span> <span class='ocrx_word' id='word_1_243' title='bbox 722 2085 812 2124; x_wconf 87' lang='lat' dir='ltr'>Div.</span> <span class='ocrx_word' id='word_1_244' title='bbox 838 2085 929 2123; x_wconf 88' lang='lat' dir='ltr'>lust.</span> <span class='ocrx_word' id='word_1_245' title='bbox 951 2084 1019 2125; x_wconf 89' lang='lat' dir='ltr'>lib.</span> <span class='ocrx_word' id='word_1_246' title='bbox 1045 2085 1119 2134; x_wconf 75' lang='lat' dir='ltr'>Vl,</span> <span class='ocrx_word' id='word_1_247' title='bbox 1140 2098 1226 2136; x_wconf 89' lang='lat' dir='ltr'>cap.</span> <span class='ocrx_word' id='word_1_248' title='bbox 1256 2097 1278 2122; x_wconf 80' lang='lat'><em>2</em></span> <span class='ocrx_word' id='word_1_249' title='bbox 1304 2098 1313 2122; x_wconf 67' lang='grc' dir='ltr'>ε</span> <span class='ocrx_word' id='word_1_250' title='bbox 1334 2101 1350 2118; x_wconf 76' lang='grc' dir='ltr'>α</span> <span class='ocrx_word' id='word_1_251' title='bbox 1371 2084 1472 2123; x_wconf 85' lang='lat' dir='ltr'>Num</span> <span class='ocrx_word' id='word_1_252' title='bbox 1495 2082 1616 2134; x_wconf 80' lang='lat' dir='ltr'>igitur</span> 
     </span>
     <span class='ocr_line' id='line_1_30' title="bbox 137 2147 1617 2202; baseline -0.003 -12"><span class='ocrx_word' id='word_1_253' title='bbox 137 2170 151 2186; x_wconf 75' lang='grc' dir='ltr'>ιι</span> <span class='ocrx_word' id='word_1_254' title='bbox 170 2152 305 2190; x_wconf 86' lang='lat' dir='ltr'>mentis</span> <span class='ocrx_word' id='word_1_255' title='bbox 322 2165 398 2189; x_wconf 87' lang='lat' dir='ltr'>suae</span> <span class='ocrx_word' id='word_1_256' title='bbox 418 2163 575 2202; x_wconf 88' lang='lat' dir='ltr'>compos</span> <span class='ocrx_word' id='word_1_257' title='bbox 590 2149 784 2201; x_wconf 84' lang='lat' dir='ltr'>putandus</span> <span class='ocrx_word' id='word_1_258' title='bbox 803 2158 873 2200; x_wconf 87' lang='lat' dir='ltr'>est,</span> <span class='ocrx_word' id='word_1_259' title='bbox 894 2149 961 2201; x_wconf 91' lang='lat' dir='ltr'>qui</span> <span class='ocrx_word' id='word_1_260' title='bbox 979 2149 1127 2187; x_wconf 83' lang='lat' dir='ltr'>auctori</span> <span class='ocrx_word' id='word_1_261' title='bbox 1146 2158 1185 2187; x_wconf 87' lang='lat' dir='ltr'>et</span> <span class='ocrx_word' id='word_1_262' title='bbox 1207 2148 1329 2187; x_wconf 81' lang='lat' dir='ltr'>datori</span> <span class='ocrx_word' id='word_1_263' title='bbox 1347 2147 1500 2187; x_wconf 85' lang='lat' dir='ltr'>luminis</span> <span class='ocrx_word' id='word_1_264' title='bbox 1523 2160 1617 2185; x_wconf 83' lang='lat' dir='ltr'>can·</span> 
     </span>
     <span class='ocr_line' id='line_1_31' title="bbox 136 2211 1620 2265; baseline -0.003 -10"><span class='ocrx_word' id='word_1_265' title='bbox 136 2234 151 2249; x_wconf 77' lang='lat' dir='ltr'>n</span> <span class='ocrx_word' id='word_1_266' title='bbox 171 2216 343 2255; x_wconf 85' lang='lat' dir='ltr'>delarum</span> <span class='ocrx_word' id='word_1_267' title='bbox 362 2230 406 2254; x_wconf 79' lang='lat' dir='ltr'>ac</span> <span class='ocrx_word' id='word_1_268' title='bbox 426 2229 598 2254; x_wconf 82' lang='lat' dir='ltr'>cerarum</span> <span class='ocrx_word' id='word_1_269' title='bbox 624 2228 735 2253; x_wconf 89' lang='lat' dir='ltr'>usum</span> <span class='ocrx_word' id='word_1_270' title='bbox 764 2214 878 2252; x_wconf 81' lang='lat' dir='ltr'>offert</span> <span class='ocrx_word' id='word_1_271' title='bbox 906 2227 977 2265; x_wconf 87' lang='lat' dir='ltr'>pro</span> <span class='ocrx_word' id='word_1_272' title='bbox 998 2215 1215 2252; x_wconf 57' lang='lat' dir='ltr'>munet-eit»</span> <span class='ocrx_word' id='word_1_273' title='bbox 1244 2214 1294 2252; x_wconf 83' lang='lat' dir='ltr'>Et</span> <span class='ocrx_word' id='word_1_274' title='bbox 1317 2222 1444 2251; x_wconf 81' lang='lat' dir='ltr'>cetera</span> <span class='ocrx_word' id='word_1_275' title='bbox 1463 2226 1484 2250; x_wconf 84' lang='lat' dir='ltr'>a</span> <span class='ocrx_word' id='word_1_276' title='bbox 1504 2211 1620 2251; x_wconf 86' lang='lat' dir='ltr'>nobis</span> 
     </span>
     <span class='ocr_line' id='line_1_32' title="bbox 135 2278 1617 2330; baseline -0.003 -10"><span class='ocrx_word' id='word_1_277' title='bbox 135 2283 252 2320; x_wconf 82' lang='lat' dir='ltr'>citata</span> <span class='ocrx_word' id='word_1_278' title='bbox 279 2283 317 2320; x_wconf 86' lang='lat' dir='ltr'>in</span> <span class='ocrx_word' id='word_1_279' title='bbox 350 2281 449 2319; x_wconf 89' lang='lat' dir='ltr'>notis</span> <span class='ocrx_word' id='word_1_280' title='bbox 467 2281 515 2319; x_wconf 86' lang='lat' dir='ltr'>ad</span> <span class='ocrx_word' id='word_1_281' title='bbox 536 2281 638 2318; x_wconf 88' lang='lat' dir='ltr'>hunc</span> <span class='ocrx_word' id='word_1_282' title='bbox 667 2280 754 2318; x_wconf 88' lang='lat' dir='ltr'>libri</span> <span class='ocrx_word' id='word_1_283' title='bbox 777 2280 903 2318; x_wconf 87' lang='lat' dir='ltr'>octavi</span> <span class='ocrx_word' id='word_1_284' title='bbox 937 2280 1078 2319; x_wconf 75' lang='lat' dir='ltr'>locuni.</span> <span class='ocrx_word' id='word_1_285' title='bbox 1111 2280 1205 2327; x_wconf 86' lang='lat' dir='ltr'>Quae</span> <span class='ocrx_word' id='word_1_286' title='bbox 1224 2278 1396 2330; x_wconf 78' lang='lat' dir='ltr'>quidem,</span> <span class='ocrx_word' id='word_1_287' title='bbox 1425 2286 1468 2316; x_wconf 90' lang='lat' dir='ltr'>ut</span> <span class='ocrx_word' id='word_1_288' title='bbox 1498 2278 1617 2316; x_wconf 75' lang='lat' dir='ltr'>multa</span> 
     </span>
     <span class='ocr_line' id='line_1_33' title="bbox 136 2341 1617 2396; baseline -0.003 -13"><span class='ocrx_word' id='word_1_289' title='bbox 136 2346 232 2393; x_wconf 81' lang='lat' dir='ltr'>alia,</span> <span class='ocrx_word' id='word_1_290' title='bbox 256 2345 457 2396; x_wconf 82' lang='lat' dir='ltr'>desumpta</span> <span class='ocrx_word' id='word_1_291' title='bbox 485 2352 573 2383; x_wconf 90' lang='lat' dir='ltr'>sunt</span> <span class='ocrx_word' id='word_1_292' title='bbox 596 2357 616 2382; x_wconf 89' lang='lat' dir='ltr'>e</span> <span class='ocrx_word' id='word_1_293' title='bbox 637 2344 833 2395; x_wconf 87' lang='lat' dir='ltr'>Sibyllinis</span> <span class='ocrx_word' id='word_1_294' title='bbox 862 2358 884 2382; x_wconf 87' lang='lat' dir='ltr'>a</span> <span class='ocrx_word' id='word_1_295' title='bbox 909 2343 1131 2392; x_wconf 80' lang='lat' dir='ltr'>Lactanti03</span> <span class='ocrx_word' id='word_1_296' title='bbox 1160 2357 1269 2381; x_wconf 88' lang='lat' dir='ltr'>usum</span> <span class='ocrx_word' id='word_1_297' title='bbox 1302 2351 1425 2381; x_wconf 80' lang='lat' dir='ltr'>tamen</span> <span class='ocrx_word' id='word_1_298' title='bbox 1447 2341 1617 2380; x_wconf 87' lang='lat' dir='ltr'>indicant</span> 
     </span>
     <span class='ocr_line' id='line_1_34' title="bbox 128 2407 1616 2460; baseline -0.002 -12"><span class='ocrx_word' id='word_1_299' title='bbox 128 2411 250 2448; x_wconf 81' lang='lat' dir='ltr'>&#39;etiam</span> <span class='ocrx_word' id='word_1_300' title='bbox 280 2419 359 2448; x_wconf 88' lang='lat' dir='ltr'>tum</span> <span class='ocrx_word' id='word_1_301' title='bbox 385 2410 424 2448; x_wconf 86' lang='lat' dir='ltr'>in</span> <span class='ocrx_word' id='word_1_302' title='bbox 450 2411 576 2448; x_wconf 87' lang='lat' dir='ltr'>multis</span> <span class='ocrx_word' id='word_1_303' title='bbox 595 2409 762 2448; x_wconf 83' lang='lat' dir='ltr'>ecclesiis</span> <span class='ocrx_word' id='word_1_304' title='bbox 784 2410 1029 2460; x_wconf 74' lang='lat' dir='ltr'>superstitem</span> <span class='ocrx_word' id='word_1_305' title='bbox 1050 2409 1232 2460; x_wconf 90' lang='lat' dir='ltr'>simplicis</span> <span class='ocrx_word' id='word_1_306' title='bbox 1250 2407 1458 2446; x_wconf 89' lang='lat' dir='ltr'>admodum</span> <span class='ocrx_word' id='word_1_307' title='bbox 1485 2415 1616 2445; x_wconf 78' lang='lat' dir='ltr'>auste-</span> 
     </span>
     <span class='ocr_line' id='line_1_35' title="bbox 135 2471 1615 2526; baseline -0.003 -13"><span class='ocrx_word' id='word_1_308' title='bbox 135 2477 245 2526; x_wconf 82' lang='lat' dir='ltr'>rique</span> <span class='ocrx_word' id='word_1_309' title='bbox 272 2476 410 2514; x_wconf 89' lang='lat' dir='ltr'>cultus.</span> <span class='ocrx_word' id='word_1_310' title='bbox 429 2477 596 2526; x_wconf 83' lang='lat' dir='ltr'>Tempus</span> <span class='ocrx_word' id='word_1_311' title='bbox 617 2488 706 2513; x_wconf 88' lang='lat' dir='ltr'>mox</span> <span class='ocrx_word' id='word_1_312' title='bbox 731 2474 860 2512; x_wconf 81' lang='lat' dir='ltr'>aderat</span> <span class='ocrx_word' id='word_1_313' title='bbox 879 2488 957 2524; x_wconf 87' lang='lat' dir='ltr'>quo</span> <span class='ocrx_word' id='word_1_314' title='bbox 977 2474 1115 2512; x_wconf 85' lang='lat' dir='ltr'>victrix</span> <span class='ocrx_word' id='word_1_315' title='bbox 1143 2483 1181 2512; x_wconf 84' lang='lat' dir='ltr'>et</span> <span class='ocrx_word' id='word_1_316' title='bbox 1210 2481 1428 2525; x_wconf 78' lang='lat' dir='ltr'>praepotens</span> <span class='ocrx_word' id='word_1_317' title='bbox 1449 2471 1615 2511; x_wconf 81' lang='lat' dir='ltr'>Ecclesia</span> 
     </span>
     <span class='ocr_line' id='line_1_36' title="bbox 135 2536 1613 2592; baseline -0.001 -15"><span class='ocrx_word' id='word_1_318' title='bbox 135 2553 258 2578; x_wconf 88' lang='lat' dir='ltr'>novos</span> <span class='ocrx_word' id='word_1_319' title='bbox 277 2553 402 2579; x_wconf 87' lang='lat' dir='ltr'>mores</span> <span class='ocrx_word' id='word_1_320' title='bbox 421 2553 464 2578; x_wconf 87' lang='lat' dir='ltr'>ac</span> <span class='ocrx_word' id='word_1_321' title='bbox 481 2540 659 2592; x_wconf 81' lang='lat' dir='ltr'>praesenti</span> <span class='ocrx_word' id='word_1_322' title='bbox 684 2540 845 2577; x_wconf 72' lang='lat' dir='ltr'>fortunae</span> <span class='ocrx_word' id='word_1_323' title='bbox 861 2551 938 2577; x_wconf 84' lang='lat' dir='ltr'>suae</span> <span class='ocrx_word' id='word_1_324' title='bbox 959 2539 1077 2590; x_wconf 81' lang='lat' dir='ltr'>magis</span> <span class='ocrx_word' id='word_1_325' title='bbox 1097 2538 1405 2577; x_wconf 82' lang='lat' dir='ltr'>accommodatos</span> <span class='ocrx_word' id='word_1_326' title='bbox 1422 2536 1613 2576; x_wconf 84' lang='lat' dir='ltr'>indueret.</span> 
     </span>
     <span class='ocr_line' id='line_1_37' title="bbox 135 2602 1616 2656; baseline -0.003 -14"><span class='ocrx_word' id='word_1_327' title='bbox 135 2604 247 2649; x_wconf 88' lang='lat' dir='ltr'>Quod</span> <span class='ocrx_word' id='word_1_328' title='bbox 259 2605 290 2642; x_wconf 88' lang='lat' dir='ltr'>si</span> <span class='ocrx_word' id='word_1_329' title='bbox 306 2606 393 2656; x_wconf 90' lang='lat' dir='ltr'>quis</span> <span class='ocrx_word' id='word_1_330' title='bbox 409 2605 494 2643; x_wconf 89' lang='lat' dir='ltr'>illos</span> <span class='ocrx_word' id='word_1_331' title='bbox 511 2612 658 2642; x_wconf 82' lang='lat' dir='ltr'>veteres</span> <span class='ocrx_word' id='word_1_332' title='bbox 672 2603 878 2654; x_wconf 85' lang='lat' dir='ltr'>desiderat,</span> <span class='ocrx_word' id='word_1_333' title='bbox 895 2602 1039 2641; x_wconf 78' lang='lat' dir='ltr'>laudari</span> <span class='ocrx_word' id='word_1_334' title='bbox 1061 2610 1205 2654; x_wconf 88' lang='lat' dir='ltr'>potest;</span> <span class='ocrx_word' id='word_1_335' title='bbox 1224 2604 1279 2641; x_wconf 85' lang='lat' dir='ltr'>sin</span> <span class='ocrx_word' id='word_1_336' title='bbox 1298 2602 1368 2640; x_wconf 75' lang='lat' dir='ltr'>lios·</span> <span class='ocrx_word' id='word_1_337' title='bbox 1384 2602 1616 2639; x_wconf 73' lang='lat' dir='ltr'>recentiores·</span> 
     </span>
     <span class='ocr_line' id='line_1_38' title="bbox 135 2658 1613 2719; baseline -0.003 -13"><span class='ocrx_word' id='word_1_338' title='bbox 135 2670 310 2718; x_wconf 83' lang='lat' dir='ltr'>damnat,</span> <span class='ocrx_word' id='word_1_339' title='bbox 334 2668 500 2707; x_wconf 80' lang='lat' dir='ltr'>durioris</span> <span class='ocrx_word' id='word_1_340' title='bbox 518 2668 673 2706; x_wconf 86' lang='lat' dir='ltr'>videtur</span> <span class='ocrx_word' id='word_1_341' title='bbox 691 2658 772 2706; x_wconf 78' lang='lat' dir='ltr'>esse</span> <span class='ocrx_word' id='word_1_342' title='bbox 792 2667 957 2719; x_wconf 81' lang='lat' dir='ltr'>ingenii,</span> <span class='ocrx_word' id='word_1_343' title='bbox 984 2667 1081 2715; x_wconf 85' lang='lat' dir='ltr'>imo,</span> <span class='ocrx_word' id='word_1_344' title='bbox 1104 2676 1147 2705; x_wconf 86' lang='lat' dir='ltr'>ut</span> <span class='ocrx_word' id='word_1_345' title='bbox 1176 2667 1288 2718; x_wconf 77' lang='lat' dir='ltr'>plane</span> <span class='ocrx_word' id='word_1_346' title='bbox 1307 2666 1478 2704; x_wconf 82' lang='lat' dir='ltr'>dicamus</span> <span class='ocrx_word' id='word_1_347' title='bbox 1507 2663 1613 2717; x_wconf 87' lang='lat' dir='ltr'>quod</span> 
     </span>
     <span class='ocr_line' id='line_1_39' title="bbox 133 2730 1637 2784; baseline -0.003 -13"><span class='ocrx_word' id='word_1_348' title='bbox 133 2734 331 2782; x_wconf 79' lang='lat' dir='ltr'>sentimus,</span> <span class='ocrx_word' id='word_1_349' title='bbox 352 2733 631 2772; x_wconf 81' lang='lat' dir='ltr'>inconsiderate</span> <span class='ocrx_word' id='word_1_350' title='bbox 650 2734 741 2784; x_wconf 81' lang='lat' dir='ltr'>agit,</span> <span class='ocrx_word' id='word_1_351' title='bbox 759 2732 850 2771; x_wconf 83' lang='lat' dir='ltr'>dum</span> <span class='ocrx_word' id='word_1_352' title='bbox 870 2733 909 2770; x_wconf 87' lang='lat' dir='ltr'>in</span> <span class='ocrx_word' id='word_1_353' title='bbox 931 2732 1045 2770; x_wconf 85' lang='lat' dir='ltr'>tantis</span> <span class='ocrx_word' id='word_1_354' title='bbox 1064 2732 1177 2771; x_wconf 81' lang='lat' dir='ltr'>rebus</span> <span class='ocrx_word' id='word_1_355' title='bbox 1196 2732 1296 2771; x_wconf 84' lang='lat' dir='ltr'>circa</span> <span class='ocrx_word' id='word_1_356' title='bbox 1317 2732 1459 2770; x_wconf 79' lang='lat' dir='ltr'>leviora</span> <span class='ocrx_word' id='word_1_357' title='bbox 1476 2730 1612 2782; x_wconf 76' lang='lat' dir='ltr'>litigat,</span> <span class='ocrx_word' id='word_1_358' title='bbox 1632 2765 1637 2771; x_wconf 82' lang='grc'>,</span> 
     </span>
     <span class='ocr_line' id='line_1_40' title="bbox 135 2797 1098 2849; baseline 0.002 -14"><span class='ocrx_word' id='word_1_359' title='bbox 135 2811 205 2836; x_wconf 80' lang='lat' dir='ltr'>nee</span> <span class='ocrx_word' id='word_1_360' title='bbox 224 2799 326 2847; x_wconf 81' lang='lat' dir='ltr'>satis,</span> <span class='ocrx_word' id='word_1_361' title='bbox 346 2807 386 2836; x_wconf 91' lang='lat' dir='ltr'>ut</span> <span class='ocrx_word' id='word_1_362' title='bbox 405 2799 524 2848; x_wconf 83' lang='lat' dir='ltr'>aiunt,</span> <span class='ocrx_word' id='word_1_363' title='bbox 542 2799 722 2837; x_wconf 86' lang='lat' dir='ltr'>corticem</span> <span class='ocrx_word' id='word_1_364' title='bbox 741 2813 762 2836; x_wconf 79' lang='lat' dir='ltr'>a</span> <span class='ocrx_word' id='word_1_365' title='bbox 783 2798 885 2849; x_wconf 77' lang='lat' dir='ltr'>liguo</span> <span class='ocrx_word' id='word_1_366' title='bbox 905 2797 1098 2837; x_wconf 83' lang='lat' dir='ltr'>disceruit.</span> 
     </span>
    </p>
   </div>
  </div>
 </body>
</html>
