1752 3495
146 202 239 248 286
326 236 329 239 .
371 192 451 248 An
484 204 832 250 sissYLmNos
867 203 1277 261 1ABROS,E'¹‘C.,
1313 204 1391 247 ιν.

141 315 157 332 ι
174 297 210 335 in
232 296 344 335 nullis
368 297 543 336 Ecclesiis
573 298 638 336 illa
671 298 840 346 recitari,
857 312 974 349 quum
992 297 1141 337 Hebraei
1158 297 1406 349 prophetaein
1428 298 1621 339 omnibus

141 379 155 394 ·
174 360 352 413 gentibus
381 361 567 408 clareant,
582 380 598 395 ι·
622 370 661 400 et
679 376 796 414 quum
825 363 946 412 infra,
969 375 1053 412 cap.
1090 362 1149 409 15,
1176 361 1252 398 haec
1273 360 1410 399 addit‘:
1427 379 1443 394 «
1464 361 1606 414 Sibylla

140 443 155 459 οι
170 438 287 476 porro
316 425 373 463 vel
391 425 546 477 Sibyllae
564 435 602 465 et
620 428 822 478 Orpbeus,
852 435 890 465 et
907 426 1035 463 nescio
1056 425 1140 476 quis
1157 427 1335 475 Hermes,
1350 433 1388 463 et
1409 425 1440 462 si
1458 427 1524 475 qui
1546 427 1607 466 ulii

137 507 155 532 ,α
171 497 273 528 vates
288 490 346 528 vel
359 490 527 542 theologi
546 492 608 530 vel
627 492 816 543 sapientes
836 491 894 528 vel
917 490 1141 541 philosophi
1162 490 1332 540 gentium
1355 489 1404 528 de
1425 490 1519 528 Filio
1537 492 1606 530 Dei

139 564 236 592 «aut
257 554 304 593 de
325 557 438 595 Patre
461 557 545 594 Deo
573 570 662 595 vera
697 556 919 607 praedixisse
951 568 1018 593 seu
1051 554 1192 592 dixisse
1219 553 1483 604 perhibentur,
1512 555 1608 593 valet

138 616 328 668 «quidem
358 619 504 670 aliquid
538 619 584 658 ad
623 633 804 671 paganam
827 619 1032 657 vanitatem
1052 618 1342 668 revincendam,
1378 631 1454 655 non
1484 626 1606 657 tamen

140 681 215 719 -ad
245 680 404 720 istorum
425 684 686 722 auctoritatem
715 683 1044 734 amplectendam3
1071 696 1188 733 quum
1211 683 1316 720 illum
1339 683 1458 720 Deum
1486 683 1608 722 colere

139 760 156 777 ι
170 757 239 782 nos
258 745 517 795 ostendimus,
539 747 585 784 de
605 760 682 798 quo
706 760 775 784 nec
793 746 847 784 illi
867 755 991 784 tacere
1009 753 1236 796 potuerunt,
1256 746 1322 797 qui
1338 759 1426 783 suos
1444 758 1609 797 congen-

140 823 155 841 ι
172 807 257 846 tiles
277 809 442 860 populos
470 809 572 848 idola
602 819 640 848 et
667 810 854 848 daemonia
873 810 1033 849 colenda
1058 812 1199 862 partim
1232 810 1372 848 docere
1392 809 1473 848 ausi
1495 819 1583 848 sunt
1597 840 1607 858 ,

140 889 156 905 n
172 873 309 922 partim
330 873 534 924 prohibere
555 887 632 911 non
652 875 734 913 ausi
750 883 850 914 sunt.
867 893 880 908 -

191 937 265 975 Sed
289 938 320 975 si
345 939 429 989 quis
451 939 637 987 attendat,
657 940 901 990 Augustinus,
920 953 1041 992 quum
1062 939 1142 978 haec
1164 940 1308 987 scribit,
1330 938 1606 978 causidicorum

140 1014 246 1039 more
265 1002 383 1039 utitur
410 1003 536 1040 omnia
556 1003 765 1042 adversarii
789 1004 1005 1042 testimonia
1025 1004 1345 1053 convellentium3
1365 1016 1434 1040 nec
1461 1011 1536 1040 tam
1563 1003 1608 1041 de

139 1066 292 1116 sibyllis
320 1081 434 1117 quam
463 1067 510 1105 de
537 1069 716 1120 Orpheo,
746 1070 942 1117 Hermete,
962 1069 1173 1120 ceterisque
1190 1068 1379 1119 loquitur,
1397 1080 1495 1118 quos
1514 1080 1603 1117 pro·

142 1131 242 1169 secto
274 1131 398 1170 minus
431 1146 544 1183 quam
576 1133 737 1185 Sibyllas
759 1134 908 1173 colebat
932 1148 1057 1186 neque
1090 1143 1162 1172 tam
1190 1122 1311 1171 *facile
1343 1133 1381 1170 in
1413 1132 1608 1170 Civitatem

141 1195 213 1234 Dei
229 1196 462 1234 admissurus
481 1207 580 1245 erat,
611 1199 756 1251 quippe
774 1201 905 1250 paucis
935 1200 1035 1237 veris
1062 1207 1099 1237 et
1118 1198 1347 1236 orthodoxis
1379 1197 1499 1234 multa
1520 1197 1609 1235 falsa

139 1269 178 1298 et
213 1261 341 1311 gentili
371 1263 632 1313 superstitioni
661 1264 824 1301 faventia
865 1264 1076 1302 miscentes.
1099 1264 1346 1302 Verissimum
1378 1262 1491 1300 etiam
1519 1261 1609 1300 illud

138 1333 213 1371 est,
240 1324 394 1363 minime
413 1339 500 1363 cum
524 1326 771 1365 Hebraeorum
796 1329 1074 1381 prophetarum
1102 1327 1327 1365 anctoritate
1356 1324 1609 1375 com-paranda

138 1401 219 1427 esse
245 1390 304 1427 vel
325 1390 486 1428 aliorum
518 1400 647 1429 vatum
680 1393 738 1430 vel
758 1392 924 1444 ipsarum
955 1392 1184 1442 Sibyllarum
1211 1390 1451 1437 testimonia,
1471 1398 1509 1427 et
1529 1389 1609 1440 plus

137 1453 265 1492 valere
295 1453 343 1493 ad
377 1455 572 1506 gentilium
604 1457 810 1495 vanitatem
849 1457 1121 1496 revincendam
1163 1470 1275 1508 qnam
1308 1456 1356 1494 ad
1392 1454 1608 1492 firmandam

139 1518 443 1558 Christianorum
470 1520 581 1560 fidem
602 1535 612 1561 τ
633 1522 738 1573 quod
760 1522 915 1573 quidem
933 1523 1013 1574 jam
1036 1521 1238 1560 monuerat
1266 1520 1500 1573 Augustinus
1521 1518 1609 1558 locis

139 1597 256 1635 supra
286 1585 421 1624 citatis.
439 1585 512 1624 Sed
536 1595 576 1624 ut
599 1587 679 1625 haec
700 1587 827 1625 omnia
850 1587 950 1626 ultro
983 1587 1237 1634 concesserit,
1270 1599 1457 1637 nusquam
1488 1593 1608 1622 tamen

139 1647 188 1686 ab
213 1661 258 1686 ea
279 1649 465 1687 sententia
487 1649 672 1698 discedit,
706 1665 819 1701 quam
846 1652 900 1689 illi
920 1651 1086 1690 diximus
1103 1665 1187 1689 cum
1221 1651 1414 1702 p'lerisque
1436 1647 1607 1687 Patribus

138 1725 220 1751 esse
238 1725 494 1763 communem,
511 1714 627 1753 fnisse
645 1716 827 1767 Sibyllam
845 1723 910 1755 a‘ut
930 1717 1093 1769 Sibyllas
1112 1718 1218 1765 inter,
1235 1716 1434 1767 gentilium
1461 1713 1606 1752 turbam

138 1778 296 1826 electas,
327 1792 431 1831 quae,
454 1780 501 1818 ad
520 1794 675 1819 suorum
696 1791 841 1821 mentes
862 1796 908 1821 ex
933 1783 1075 1821 erroris
1105 1781 1303 1821 foedissimi
1322 1793 1456 1819 somno
1492 1792 1603 1816 excu-

141 1841 306 1892 tiendas,
334 1844 529 1895 quoddam
561 1845 771 1884 diluculum
792 1846 962 1886 nondum
982 1856 1076 1885 ortae
1098 1846 1265 1885 veritatis
1281 1875 1292 1896 ,
1321 1846 1403 1883 Deo
1425 1844 1601 1896 jubente,

138 1909 529 1959 praemonstraverint.

191 1973 283 2012 Post
303 1981 448 2012 tantum
463 1983 658 2014 auctorem
674 1975 738 2015 vix
759 1989 914 2016 necesse
930 1985 986 2015 est
1000 1977 1146 2016 minora
1166 1977 1338 2027 proferre
1359 1975 1514 2013 nomina
1531 1973 1604 2011 divi

139 2037 342 2089 Prosperi,
367 2038 415 2076 de
443 2040 791 2089 promissionibus,
813 2041 879 2080 lib.
901 2042 973 2090 111,
1001 2055 1071 2094 per
1093 2042 1219 2080 omnia
1242 2054 1349 2092 paene
1374 2040 1499 2091 capita
1521 2051 1603 2089 pas-

138 2101 230 2149 sim;
257 2102 394 2141 Isidori
419 2103 674 2155 Hispalensis,
700 2105 764 2144 lib.
780 2107 890 2152 v111,
919 2120 1002 2158 cap.
1033 2108 1071 2156 8,
1102 2106 1343 2157 aliorumque
1363 2104 1429 2156 qui
1446 2103 1539 2141 nihil
1557 2102 1601 2140 de

137 2178 207 2203 suo
235 2166 467 2216 attulerunt,
492 2168 558 2206 sed
584 2169 773 2208 Lactantii
802 2179 945 2209 tantum
980 2171 1037 2209 vel
1058 2171 1259 2222 Augustini
1294 2169 1410 2208 verba
1434 2170 1473 2207 in
1501 2180 1602 2205 suam

139 2243 218 2267 rem
240 2239 434 2270 verterunt
454 2246 463 2269 ε
484 2232 588 2283 quod
614 2242 652 2272 et
670 2235 790 2273 serius
809 2249 852 2273 ac
872 2249 942 2287 per
962 2244 1081 2273 totum
1104 2235 1181 2273 sere
1204 2233 1369 2272 medium
1396 2245 1517 2271 aevum
1544 2244 1603 2268 re-

138 2303 252 2345 cepto
272 2308 377 2333 more
395 2296 535 2334 sactum
556 2307 611 2335 est
635 2312 656 2336 a
685 2299 872 2351 theologis
889 2308 927 2338 et
947 2298 1200 2350 scriptoribus
1230 2298 1343 2336 etiam
1364 2295 1599 2335 doctissimis,

139 2358 327 2404 Quoniam
343 2373 435 2398 vero
449 2362 528 2410 jam
550 2362 588 2400 in
610 2370 780 2414 tempora
800 2365 1014 2402 recentiora
1036 2373 1074 2403 et
1093 2377 1114 2402 a
1135 2371 1267 2401 nostro
1290 2363 1461 2400 instituto
1485 2361 1603 2399 aliena

139 2436 342 2463 excurrere
371 2425 559 2474 videmur,
581 2435 730 2480 tempus
750 2437 805 2466 est
834 2429 922 2468 huic
958 2429 1215 2467 dissertationi
1245 2428 1358 2466 fidem
1386 2427 1600 2478 imponere,

141 2488 290 2536 rejectis
307 2489 346 2527 in
364 2491 623 2542 Appendicem
640 2507 725 2544 quae
745 2492 792 2532 dc
813 2493 926 2532 medii
948 2494 1016 2532 aevi
1038 2493 1236 2544 Sibyllinis
1263 2506 1332 2531 nec
1355 2492 1512 2529 sortasse
1536 2502 1602 2526 ne-

140 2569 242 2596 cesse
260 2567 341 2597 erat
368 2560 526 2608 addere,
545 2575 615 2600 nec
635 2570 759 2601 tamen
787 2563 945 2601 omnino
971 2563 1258 2614 praetermittere
1275 2561 1514 2600 sustinemus.
