1686 3500
714 150 1020 198 EXCURSUS
1053 154 1113 200 V,
1200 169 1228 177 ³
1526 156 1618 201 355

164 249 267 301 gegis
281 248 505 299 plerumque
517 246 721 286 Christiani
738 244 1013 298 allegebantur,
1026 262 1188 300 quorum
1204 251 1342 290 multos
1353 251 1538 291 credibile
1550 260 1632 299 est(

165 315 275 351 limen
295 319 434 349 nostrae
461 302 652 361 religionis
683 310 892 361 ingressos,
921 323 995 349 non
1018 312 1065 349 ad
1094 307 1276 353 interiora
1301 323 1540 366 penetrasse3
1564 317 1622 355 vol

131 390 134 394 ·
165 376 402 426 antiquarum
432 386 584 412 suarum
614 373 839 425 opinionum
870 375 1070 425 profanam
1096 375 1259 426 aliquam
1294 379 1494 418 mixturam
1535 395 1621 419 cum

163 439 300 478 nostris
326 436 567 488 dogmatibus
594 436 744 484 fecisse;
765 437 824 475 vel
854 437 904 475 ab
921 438 1117 488 haereticis,
1141 439 1326 478 Ebionitis
1345 443 1535 494 praecipue
1562 445 1621 483 vel

165 502 368 561 Gnosticis,
390 510 625 540 transversos
653 515 733 540 esse
756 511 873 541 actos.
896 503 1112 541 Meminerit
1130 503 1244 542 etiam
1267 503 1306 541 in
1331 505 1493 558 AEgypto
1513 517 1626 560 atque

166 566 397 608 Alexandriae
417 580 498 604 eam
518 580 596 604 rem
613 567 693 618 agi,
720 565 787 604 ubi
808 567 903 604 mira
919 566 991 604 fuit
1009 567 1182 604 omnium
1198 580 1394 606 sacrorum
1413 579 1525 620 atque
1541 586 1624 611 sec-

165 642 285 669 tarum
305 631 503 668 confusio:
521 644 577 677 ac,
597 631 627 668 si
644 630 808 676 vacabit,
822 631 996 669 consulat
1010 630 1245 669 Hadrianum
1267 632 1390 683 ipsum
1402 633 1450 671 de
1466 636 1626 674 Alexan·

165 695 282 733 drinis
301 693 353 731 ita
368 693 594 732 scribentem
616 694 661 731 ad
679 695 904 734 Servianum
923 694 1134 745 consulem,
1151 695 1254 746 apud
1271 696 1420 747 Vopisc.
1444 698 1480 734 in
1501 699 1628 737 Satur·

165 758 241 796 nini
263 758 371 795 vita:
392 757 648 808 «AEgyptum,
674 758 818 809 inquit,
848 771 961 809 quam
988 758 1082 796 mihi
1105 758 1307 806 laudabas,
1338 768 1456 798 totam
1484 761 1624 812 didici,

166 824 335 870 devem,
356 822 580 873 pendulam,
607 830 645 860 et
666 822 711 860 ad
733 822 860 861 omnia
885 823 992 861 samae
1011 832 1200 861 momenta
1221 824 1456 866 volitantem.
1485 826 1542 864 Illi
1563 828 1630 878 qui

166 888 352 940 abSerapin
367 887 514 933 colunt,
531 886 734 924 Christiani
753 895 864 934 sunt3
887 895 925 924 et
945 887 1071 925 devoti
1088 895 1179 926 sunt
1194 889 1341 939 Serapi,
1356 890 1423 940 qui
1439 902 1478 928 se
1491 890 1631 929 Christi

167 970 180 988 ι
198 951 396 1003 episcopos
420 939 551 988 dicun-t
561 978 678 988 .....
701 950 842 989 Civitas
872 950 1076 1002 opulenta,
1111 951 1240 998 dives,
1275 952 1460 1000 secunda,
1490 953 1526 991 in
1556 967 1631 1006 qua

167 1034 180 1049 «
198 1028 309 1053 nemo
338 1014 441 1053 vivat
471 1013 630 1052 otiosus.
656 1013 728 1052 Alii
756 1013 897 1052 vitrum
924 1016 1110 1062 conflant,
1138 1015 1188 1053 ab
1208 1016 1291 1054 aliis
1319 1016 1451 1056 charta
1476 1019 1631 1056 confici-

166 1099 180 1114 «
197 1088 272 1126 tur,
295 1086 393 1129 etc.;
415 1091 511 1116 unus
538 1078 612 1115 illis
632 1078 733 1116 Deus
762 1087 820 1115 est
846 1077 1027 1129 [quaestus
1054 1078 1255 1128 nimirum,
1274 1080 1346 1118 nisi
1367 1094 1434 1119 nos
1454 1082 1634 1129 fallimur,

167 1162 180 1177 ιι
198 1157 270 1181 non
284 1171 294 1190 ‚
308 1151 350 1181 ut
367 1142 537 1194 plerique
559 1142 763 1180 voluerunt
776 1170 786 1190 ‚
804 1141 991 1194 Serapis];
1013 1143 1116 1180 huuc
1139 1142 1356 1192 Christiani,
1373 1144 1476 1183 hunc
1494 1146 1630 1193 Judaei,

168 1229 181 1243 ‹-
197 1211 297 1247 hunc
316 1222 446 1247 omnes
467 1217 699 1247 venerantur
718 1217 756 1246 et
774 1217 915 1259 gente&
928 1227 944 1242 ι·

295 1471 405 1510 CAP.
425 1470 531 1510 Vlll.
552 1473 610 1509 De
630 1469 718 1508 libre·
740 1473 958 1520 (εν-εὕραντο
976 1472 997 1517 S
1017 1470 1053 1518 3,
1074 1481 1274 1519 rursusque
1291 1471 1337 1507 de
1359 1468 1451 1507 libro
1469 1471 1515 1508 V.

219 1595 295 1633 Cur
311 1593 413 1631 hanc
433 1592 523 1630 libri
543 1593 643 1631 tertii
663 1600 811 1644 partem
835 1591 991 1630 seorsim
1022 1590 1302 1630 discutiendam
1337 1604 1646 1640 reservaremus,-

167 1665 203 1696 ct
221 1671 289 1696 cur
305 1670 324 1695 a
340 1656 504 1696 secunda
535 1666 571 1695 et
591 1666 729 1708 quarta
749 1664 824 1694 tam
841 1655 954 1707 longe
972 1668 1056 1694 eam
1077 1668 1382 1702 removeremus,
1402 1669 1553 1694 causam
1574 1664 1636 1694 at-

168 1722 341 1770 tulimus,
357 1721 460 1772 quod
480 1720 635 1759 dubiam
659 1734 727 1759 seu
751 1720 879 1772 potius
898 1720 1041 1758 nullam
1067 1720 1334 1769 cognationem
1361 1718 1521 1758 haberet
1546 1734 1632 1758 cum

168 1785 312 1824 duabus
331 1785 512 1837 utrinque
537 1785 632 1833 sitis,
653 1793 692 1823 et
717 1783 821 1835 quod
838 1797 916 1821 non
948 1783 1063 1822 modo
1080 1783 1270 1821 recentior
1286 1812 1297 1831 ,
1319 1783 1383 1821 sed
1403 1797 1558 1835 prorsus
1576 1784 1638 1823 dl-

168 1864 273 1890 versa
296 1850 344 1888 ab
365 1851 409 1888 iis
433 1849 857 1901 alienaquc'videretur.
875 1848 994 1899 Cujus
1012 1848 1240 1899 suspicionis
1255 1848 1355 1886 ratio
1373 1861 1448 1886 non
1467 1862 1543 1887 una
1557 1858 1635 1901 est3

168 1917 285 1968 prima
299 1923 424 1954 autem
447 1914 636 1961 omnium,
649 1912 754 1964 quod
773 1912 900 1950 nullus
919 1925 966 1950 ex
984 1911 1056 1950 hac
1077 1920 1182 1962 parte
1201 1925 1330 1949 versus
1345 1911 1541 1962 afferatur,
1557 1913 1638 1952 sive

167 1981 212 2019 ab
228 1980 394 2031 antiquis
424 1977 600 2018 Ecclesiae
633 1976 836 2027 Patribus,
856 1976 935 2015 sive
955 1975 1004 2013 ab
1025 1976 1109 2026 ipso
1145 1976 1339 2014 Lactantio
1371 1983 1426 2013 tot
1451 1989 1473 2014 e
1491 1976 1639 2015 duabus

170 2046 254 2084 ltine
272 2054 309 2083 et
328 2044 417 2082 inde
433 2042 607 2094 partibus
628 2041 846 2080 testimonia
867 2043 964 2079 ultra
981 2041 1193 2079 satietatem
1213 2041 1442 2080 adducente.

218 2111 350 2161 Itaque
381 2108 543 2147 multum
574 2106 682 2146 abest
712 2116 756 2145 ut
785 2107 904 2158 ipsam
934 2114 1043 2144 aetate
1071 2114 1147 2143 tam
1177 2105 1434 2144 venerabilem
1461 2114 1638 2158 putemus

169 2189 278 2226 quam
294 2183 439 2213 ceteras
456 2174 566 2212 duas.
583 2172 655 2212 Sed
678 2186 837 2225 prorsus
853 2182 970 2217 erret,
991 2171 1057 2223 qui
1072 2171 1172 2209 illam
1189 2171 1334 2209 idcirco
1355 2171 1550 2222 antiquam
1572 2186 1640 2210 ne-

168 2240 327 2290 gaverit;
345 2240 501 2290 antiqua
523 2246 603 2287 est,
628 2251 697 2276 nec
719 2245 823 2275 certe
844 2236 982 2275 saeculo
1008 2236 1060 2274 lll
1085 2244 1173 2287 post
1194 2236 1387 2275 Christum
1417 2235 1545 2274 medio
1578 2250 1636 2275 re·

171 2305 325 2354 centior,
349 2305 529 2356 quoniam
550 2303 752 2341 translatos
778 2316 826 2340 ex
853 2315 895 2339 ea
916 2314 1048 2339 versus
1065 2300 1246 2351 quosdam
1265 2301 1301 2338 in
1323 2300 1430 2338 libris
1455 2301 1469 2339 1
1491 2309 1529 2338 et
1549 2301 1637 2350 Vll,

169 2371 232 2420 qui
259 2370 359 2407 circa
388 2368 482 2407 illud
501 2377 649 2418 tempus
675 2367 806 2417 scripti
839 2374 947 2416 sunt,
964 2374 1001 2403 et
1020 2366 1056 2403 in
1078 2365 1186 2403 libris
1208 2365 1372 2412 xl-le,
1391 2364 1492 2403 haud
1520 2366 1640 2404 multo

170 2432 464 2484 posterioribus,
483 2432 584 2470 infra
610 2432 857 2470 monstraturi
887 2444 1031 2468 sumus.
1059 2430 1213 2468 interim
1239 2429 1287 2468 ‹le
1314 2431 1394 2480 ipsa
1420 2443 1464 2467 ac
1484 2429 1532 2467 ‹le
1560 2431 1640 2482 ejus

170 2506 273 2535 aetate
293 2497 384 2548 quid
403 2497 452 2534 sit
470 2495 710 2534 sentiendum
732 2508 778 2532 eo
797 2493 1279 2544 diligentiusinquiremus,
1295 2493 1399 2544 quod
1414 2505 1484 2530 nos
1513 2493 1551 2530 in
1570 2493 1640 2532 hac

173 2574 209 2598 re
224 2575 244 2599 a
261 2562 450 2612 plerisque
469 2561 688 2611 discrepare
708 2559 848 2611 pigeat.
866 2557 969 2596 Talis
989 2566 1114 2596 autem
1131 2566 1187 2595 est
1204 2558 1381 2595 carminis.
1398 2567 1534 2595 tenor:

223 2627 429 2665 Exordium
456 2626 574 2665 breve
600 2625 857 2676 praemittitur,
888 2638 927 2663 v.
958 2625 1046 2675 295,
1073 2637 1182 2675 sqq.‚
1211 2625 1274 2662 vix
1303 2624 1350 2662 ab
1376 2638 1421 2662 eo
1447 2625 1638 2664 diversum

170 2692 283 2740 quod,
300 2705 412 2742 supra
425 2691 504 2742 jam
523 2692 662 2728 lectum
679 2691 717 2728 in
731 2690 859 2741 priore
874 2698 995 2740 parte,
1014 2703 1048 2726 ν.
1069 2690 1158 2739 162,
1175 2702 1269 2740 sqq.‚
1283 2699 1452 2727 recurret
1468 2691 1505 2727 in
1525 2692 1640 2742 partis
1657 2720 1662 2725 .

172 2757 361 2806 sequentis
380 2756 511 2803 initio,
537 2768 574 2793 v.
593 2756 683 2805 489,
704 2768 786 2805 sqq.
811 2754 897 2799 Quo
925 2754 961 2790 in
982 2753 1142 2791 exordio
1171 2753 1263 2791 dicit
1283 2767 1322 2791 se
1339 2753 1504 2804 Sibylla,
1523 2768 1639 2806 quum
1675 2746 1679 2750 ¹

172 2834 190 2856 a
210 2829 320 2858 cantu
340 2821 495 2858 fatidico
514 2820 702 2871 respirare
723 2820 854 2866 vellet,
875 2833 1004 2857 rursus
1024 2833 1043 2856 a
1068 2820 1148 2857 Deo
1169 2819 1311 2870 jussam
1332 2833 1412 2858 esse
1428 2834 1495 2870 per
1511 2829 1642 2870 gentes

1405 2889 1478 2935 23.
