1686 3500
673 53 977 128 exconsus
1017 81 1114 127 vn.
1288 44 1291 47 ’
1535 78 1621 125 591

215 182 393 223 Solemne
411 191 502 218 vero
520 184 575 217 est
593 175 818 228 Sibyllistis,
839 175 885 214 ad
908 176 1156 215 imitationem
1182 173 1452 226 antiquorum,
1480 173 1634 223 sutura,

163 261 250 300 quae
275 247 391 285 attice
418 243 588 283 medium
613 247 773 287 sonant,
796 240 916 279 activa
938 240 1061 279 forma
1080 239 1246 288 efferre,
1272 247 1314 277 ut
1334 237 1493 285 ἀκουσιι,
1514 238 1632 284 vm,

168 317 261 360 ιο4,
287 310 490 364 βαδίσουσι,
516 308 547 355 1,
567 306 664 345 353·
654 304 865 357 ,βλέψουσι,
886 305 989 352 VIII,
1010 318 1106 353 2073
1127 303 1259 356 βοήσω,
1275 303 1366 351 ΠΡ,
1386 315 1479 350 212,
1506 301 1635 353 γελάσ·

164 390 254 422 σετε,
284 376 315 422 1,
339 374 433 420 1823
453 369 675 418 κλαύσουσιν,
697 368 787 415 ΗΓ,
819 367 915 419 531,
937 376 975 406 et
998 365 1249 416 κατακλαύσει,
1270 368 1320 415 V,
1359 380 1451 415 ¹2¹3
1482 365 1638 418 οἰμώξει,

163 439 212 487 V,
234 439 334 489 295,
363 437 536 491 ῥεύσουσι,
559 435 652 483 111‘,
673 433 771 477 683;
794 429 943 482 σιγήσει,
965 432 1067 481 VIII,
1089 445 1177 481 292.

218 502 348 541 Simile
369 499 471 538 aliud
489 505 666 549 peccant,
688 493 794 547 quod
813 495 954 544 sutura,
967 508 1050 545 quae
1067 495 1181 533 attice
1200 494 1364 546 etvulgo
1375 494 1550 533 contrahi
1569 507 1634 532 so-

164 565 260 609 lent,
285 563 358 615 ipsi
380 562 569 612 barytona
587 557 781 596 interdum
799 556 969 603 faciunt,
997 566 1038 593 ut
1063 556 1221 608 πέσεται,
1243 557 1311 605 III,
1336 557 1400 606 83,
1419 557 1489 605 IV,
1512 571 1577 607 99,
1598 565 1637 595 et

165 626 395 674 καππέσεται,
418 627 451 673 Ι,
468 626 561 675 394,
578 631 615 661 et
639 623 758 660 multo
778 620 976 667 audacius,
999 620 1164 673 φύγονται
1185 622 1278 671 (pro
1294 619 1519 674 φεύξονται),
1537 623 1613 661 III*
1627 649 1638 668 ,

168 692 255 732 265.
277 693 369 731 Nam
390 689 537 736 ἔδονται,
553 688 642 735 ΙΙΙ·,
667 691 755 735 787,
774 695 813 724 et
839 684 1001 738 φάγεται,
1026 685 1099 733 III,
1128 698 1220 735 790,
1240 685 1416 739 φάγονται,
1435 687 1522 735 VII,
1546 693 1640 738 149,

165 755 304 795 Atticis
323 755 435 792 etiam
457 753 611 790 fuerunt
627 752 665 789 in
688 764 770 788 usu.
789 750 934 788 Contra
949 749 1139 786 interdum
1161 748 1288 786 sutura
1305 751 1538 789 contrahunt
1555 764 1641 802 quae

165 818 355 870 barytona
366 818 500 856 melius
510 824 646 866 essent,
662 815 842 853 ιιῖέσεῖται
860 817 946 865 (pro
960 812 1076 851 ἔσεται
1088 813 1166 851 sive
1183 811 1310 863 ἔσται),
1328 814 1435 863 VIII,
1448 817 1537 867 208,
1549 825 1641 864 ete„

167 884 274 936 quod
295 892 332 921 et
350 881 491 921 alieubi
515 882 668 919 ἐσσεῖται
685 880 874 931 scriptum
892 879 1107 917 meminisse
1127 876 1239 915 nobis
1254 877 1444 919 videmur.

221 948 420 985 Diversum
441 953 512 994 est,
530 944 597 982 sed
616 957 694 981 non
713 944 836 981 minus
853 956 874 980 a
894 952 996 980 recta
1011 941 1279 992 conjugatione
1297 941 1523 990 abhorrens,
1537 944 1640 995 quod

165 1011 345 1064 praesenti
364 1023 464 1061 saepe
485 1022 557 1060 pro
586 1008 716 1056 futuro
740 1016 914 1054 utuntur,
934 1006 972 1044 in
995 1007 1039 1044 iis
1060 1006 1273 1057 praesertim
1297 1006 1424 1045 verbis
1443 1009 1508 1058 qui
1529 1009 1643 1060 liqui-

166 1079 253 1116 dam
280 1078 319 1115 in
351 1077 423 1114 {ine
451 1083 612 1127 gerunt,
634 1082 674 1111 ut
692 1072 866 1125 ἀείρονται
886 1072 980 1122 (pro
1001 1071 1268 1124 ἀερθήσονται),
1291 1073 1340 1120 V,
1364 1075 1461 1123 2513
1481 1074 1645 1126 ἀνεγείρει

167 1145 260 1195 (pro
283 1142 476 1196 ἀνεγερεῖ),
510 1142 576 1187 III,
606 1140 701 1184 3613
720 1138 854 1192 γίνεται
879 1138 973 1190 (pro
1000 1138 1220 1190 γενήσεται),
1240 1137 1304 1183 IV,
1329 1152 1397 1189 ¹93
1419 1138 1526 1191 κείρει
1548 1137 1645 1192 (pro

167 1209 291 1262 χερεῖ),
309 1208 378 1250 III,
399 1208 498 1256 359,
516 1204 623 1256 κρίνει
644 1204 738 1255 (pro
763 1205 905 1255 κρινεῖ),
934 1202 1027 1253 ΗΓ,
1050 1204 1149 1253 689,
1171 1201 1326 1255 περαίνει
1351 1205 1441 1254 (pro
1459 1206 1618 1255 περανεῖ)
1633 1232 1645 1250 ,

166 1274 218 1321 V,
242 1274 330 1316 431.
358 1270 434 1309 Sed
449 1270 560 1308 etiam
582 1269 621 1306 in
642 1268 724 1306 aliis
746 1267 976 1319 quibusdam
996 1276 1038 1305 ut
1057 1267 1146 1320 αἱρεῖ
1168 1267 1258 1318 (pro
1277 1266 1449 1319 αἱρήσει),
1468 1269 1518 1315 V,
1545 1269 1643 1314 336;

168 1336 320 1376 δείκνυσι
348 1336 442 1388 (pro
463 1334 598 1386 δείξει),
617 1333 718 1381 VIII,
736 1333 806 1380 57,
823 1330 967 1370 εἷσίεται
988 1335 1075 1385 (pro
1097 1330 1358 1383 εἰσελεύσεται),
1378 1333 1466 1380 VII,
1487 1334 1550 1378 52,
1568 1332 1644 1371 ‹lu-

168 1402 276 1441 bitlm
294 1410 418 1439 tamen
436 1413 447 1450 3
471 1401 616 1437 ἱκνεῖται
645 1398 735 1449 (pro
754 1396 905 1447 ἵξεται),
923 1397 1012 1445 ΗΓ,
1035 1410 1122 1446 779,
1136 1397 1209 1443 III,
1231 1397 1329 1442 304,
1349 1395 1533 1435 κατέδουσι
1552 1399 1647 1449 (pr-o

168 1464 373 1505 κατέδονται
396 1478 463 1503 seu
498 1462 825 1516 καταὸρώσονται),
854 1462 913 1511 V.,
944 1461 1018 1509 467
1032 1490 1042 1508 ,
1080 1461 1168 1511 469,
1207 1466 1305 1512 470,
1342 1460 1522 1501 ὀλέκονται
1555 1463 1649 1515 (pru

169 1530 363 1583 ὀλοῦνται),
383 1530 471 1577 VII,
494 1534 586 1579 124,
605 1533 697 1566 ποιεῖ
714 1528 811 1579 (pro
827 1525 1010 1578 ποιήσει),
1034 1526 1085 1574 V,
1112 1526 1199 1577 195,
1221 1525 1411 1564 incertum
1430 1535 1568 1566 tamen.

222 1598 331 1643 Item,
354 1594 460 1646 quod
483 1593 532 1631 ud
552 1592 862 1644 conjugationem
892 1584 1023 1642 magis'
1045 1591 1202 1629 fortasse
1233 1604 1347 1642 quam
1380 1591 1429 1630 ad
1459 1588 1649 1644 syntaxim

172 1659 416 1700 referendum
438 1658 568 1713 (fuisse
588 1657 688 1696 enirn
703 1657 781 1709 jam
807 1656 899 1695 olim
930 1656 1047 1708 vulgo
1067 1655 1176 1694 tritus
1196 1655 1346 1694 videtur
1364 1656 1485 1695 maius
1504 1658 1574 1698 Iste
1593 1658 1650 1696 10-

172 1725 313 1778 quendi
335 1738 444 1769 usus,
466 1737 580 1776 quem
610 1723 818 1773 Sibyllistae
837 1735 924 1760 cum
952 1721 1184 1765 neo-Graecis
1210 1734 1448 1759 communem
1474 1722 1647 1770 habent),

172 1791 311 1843 passim
329 1790 446 1828 futuri
466 1802 580 1828 sensu
600 1788 782 1826 aoristum
802 1785 1036 1837 subjunctivi
1054 1785 1158 1824 modi
1175 1785 1356 1824 adhibent
1376 1801 1385 1824 ε
1403 1785 1546 1838 γένηται
1567 1788 1651 1839 (pro

171 1855 389 1909 γενήσεται),
421 1855 482 1902 II,
512 1854 574 1900 28,
608 1852 791 1891 εἰσέλθωσι
819 1852 913 1902 (pro
934 1850 1225 1903 εἰσελεύσονται),
1245 1851 1298 1901 ΙΙ,
1327 1851 1417 1898 153,
1440 1852 1526 1904 ὀφθῇ
1554 1855 1651 1904 (pt-o

172 1919 390 1975 ὀφθήσεται),
409 1920 516 1967 VIII,
535 1919 634 1966 318;
656 1919 783 1970 σχισθῇ
807 1919 900 1967 (pro
918 1915 1189 1968 σχισθήσεται),
1209 1917 1319 1962 VIII,
1345 1916 1444 1966 305,
1464 1919 1651 1970 φωραθῶσι

172 1988 266 2039 (pro
292 1983 580 2039 φωραθήσονται)
597 2013 608 2033 ,
630 1984 683 2034 ΙΙ,
710 1996 795 2033 ι9ι.
817 1983 873 2020 De
893 1989 1081 2033 praesente
1094 1979 1331 2031 subjunctivi
1360 1982 1477 2032 magis
1493 1981 1652 2021 dubita·

173 2063 283 2090 mus:
303 2049 438 2089 confer
453 2058 579 2087 tamen
608 2049 698 2100 ἀλγῇ
722 2048 812 2100 (pro
829 2045 1006 2097 ἀλγήσει),
1039 2046 1113 2094 ΙΙΙ,
1136 2046 1233 2090 450,
1262 2044 1327 2084 ubi
1355 2059 1458 2085 nunc
1477 2048 1651 2086 malimus

171 2117 270 2167 ἀλγεῖ
291 2113 463 2153 rescribi.

224 2181 298 2221 Sed
319 2181 439 2219 multo
455 2179 593 2231 saepius
611 2192 682 2231 pro
697 2179 826 2217 futuro
842 2177 1001 2230 ponitur
1015 2176 1052 2215 in
1069 2175 1266 2228 Sibyllinis
1285 2177 1446 2229 optativi
1469 2180 1648 2225 norimus,

172 2239 383 2298 'praesertim
403 2246 443 2283 in
469 2260 516 2283 ειε
543 2244 719 2283 desinens
742 2261 751 2284 ε
773 2242 879 2281 τίσειε
899 2246 992 2294 (pro
1010 2241 1138 2292 τίσει),
1160 2242 1251 2288 ΠΡ,
1274 2243 1368 2293 259,
1392 2242 1536 2282 παύσειε
1555 2244 1651 2296 (pro

174 2310 342 2362 παύσει),
363 2311 480 2356 VIII,
501 2310 589 2357 273,
610 2306 748 2355 στήσειε
770 2307 864 2359 (pro
889 2306 1054 2356 στήσει),
1079 2307 1139 2356 11,
1172 2306 1270 2354 238,
1299 2306 1574 2360 προσπελάσειε,
1599 2309 1648 2357 II,

176 2376 271 2423 286,
292 2375 384 2426 quin
411 2382 448 2412 et
467 2373 503 2411 in
526 2372 652 2411 verbis
680 2365 915 2410 talilaoristo
942 2370 1173 2417 carentibus,
1196 2380 1239 2409 ut
1266 2369 1386 2410 δώσειε
1407 2373 1494 2424 (pro
1517 2372 1650 2428 δώσει),

174 2441 219 2488 V,
247 2454 334 2479 222.
352 2439 547 2478 Nescimus
569 2452 614 2476 an
637 2437 683 2476 ad
700 2437 800 2475 hanc
822 2450 979 2488 pravam
999 2435 1317 2475 consuetudinem
1341 2437 1585 2478 referendum
1601 2440 1650 2479 sit

175 2503 259 2544 καΟέ
245 2506 334 2543 εδοιο
351 2504 446 2556 (pro
465 2506 548 2543 καθε
535 2505 612 2555 εδ7,,
626 2501 806 2553 sedebis),
822 2503 870 2549 V,
896 2502 980 2552 169.

230 2571 402 2615 Rectius,
431 2568 496 2606 sed
515 2582 591 2605 non
616 2568 706 2605 satis
733 2567 941 2618 eleganter,
968 2567 1097 2604 fututa
1121 2566 1316 2605 interdum
1341 2566 1491 2606 duobus
1523 2569 1651 2609 verbis

175 2635 410 2681 efferuntur,
431 2642 472 2671 ut
490 2632 727 2686 προσοχῡιζων
755 2631 854 2671 ἔσται
872 2632 965 2684 (pro
984 2632 1233 2684 προσοχθιεῖ),
1254 2632 1350 2684 111*‚
1379 2645 1478 2682 272,
1499 2633 1564 2687 ἔσῃ
1582 2649 1651 2672 κα-

177 2714 289 2751 μουσα
316 2700 406 2751 (pro
437 2701 555 2750 καμῇ,
586 2697 688 2750 quod
716 2698 827 2736 nimis
847 2710 939 2736 sane
968 2697 1108 2735 durum
1135 2697 1311 2749 fuisset),
1344 2698 1392 2746 V,
1421 2711 1526 2750 973
1511 2697 1650 2738 ἔσσεται

176 2767 329 2805 κελαδῶν
350 2765 436 2817 (pro
465 2763 687 2815 κελαδήσει),
708 2765 755 2813 V,
786 2777 875 2804 200.
901 2764 995 2802 Item
1018 2762 1133 2802 semel
1163 2763 1200 2802 in
1225 2764 1378 2812 aoristo,
1403 2757 1444 2810 ’ἦν
1467 2762 1650 2816 κοποίσαν,
