1686 3500
112 214 202 259 550
481 213 561 258 ΑΙ)
596 214 942 261 SIBYLLINOS
977 215 1186 260 LIBROS

327 394 329 397 Ι
368 341 479 383 CAP.
499 341 630 382 xxxl.
660 342 720 382 De
736 352 878 382 sancta·
903 343 1027 382 Crucis
1052 345 1305 382 veneratione.
1348 313 1351 316 ·
1402 312 1405 315 Α

145 439 309 479 -nitibus
342 452 496 491 quoquc
527 440 771 479 annumerari
801 449 926 493 potest
955 440 1080 478 cultus
1114 438 1404 490 antiquissimus
1429 446 1569 476 sanctae

105 503 252 555 Crucis,
264 502 371 555 cujus
386 503 510 555 ipsum
529 516 668 542 nomen
686 504 786 543 inter
804 504 1041 544 Christianos
1055 503 1239 554 religione
1258 501 1421 553 quadam
1439 514 1570 540 sacra-

108 577 186 605 tum
204 568 315 607 fuisse
331 576 478 606 constat
493 568 550 606 vel
567 568 653 607 ideo
668 569 772 620 quod
787 570 826 607 in
841 567 1094 607 acrostichide
1108 566 1369 615 celeberrima,
1384 564 1449 604 lib.
1466 566 1571 615 VIII,

105 644 145 670 ν.
165 645 257 680 217,
277 645 360 684 sqq.
378 632 450 684 ipsi
469 631 736 684 Redemptoris
756 632 901 671 nomini
916 645 960 670 nc
976 631 1116 670 divinis
1131 632 1213 680 ejus
1233 629 1428 668 attributis
1441 630 1569 668 statim

103 694 357 747 subjungatur
374 710 383 734 :

207 760 397 799 ΙΗΣΟΥΣ
413 759 669 800 ΧΡΕῙΣΤΟΣ
687 760 825 800 ΘΕΟΥ
843 759 962 798 ΥΙΟΣ
981 758 1153 797 ΣΩΤΗΡ
1173 757 1413 804 ΣΤΑΥΡΟΣ,

101 832 138 861 et
169 824 273 875 quod
302 823 457 862 summis
489 824 663 862 laudibus
684 823 800 862 bisin
822 824 960 861 uostris
986 822 1094 861 libris
1112 822 1295 860 efferatur
1313 821 1455 860 ciarum
1477 821 1573 861 illud

102 886 232 926 salutis
256 887 570 935 instrumentum,
588 888 751 939 primum
777 888 815 925 in
838 889 918 939 ipsa
948 886 1216 935 acrostichide,
1240 900 1274 926 v.
1296 891 1385 935 244,
1402 898 1487 939 sqq.
1506 899 1516 926 t

259 952 367 1003 Σῆμα
390 950 428 989 δέ
444 967 497 991 τοι
514 951 591 990 τότε
608 958 694 991 πᾶσι
716 954 850 1005 βροτοῖς
865 952 1011 1006 σφρηγὶς
1026 951 1218 1001 ἐπίσημος,

259 1016 312 1054 Τὸ
332 1016 427 1060 ξύλον
445 1017 479 1054 ἐν
499 1022 652 1064 πιστοῖς,
670 1016 710 1055 τὸ
725 1016 828 1069 κέρας
842 1017 881 1056 τὸ
899 1015 1108 1068 ποθούμενον
1126 1015 1244 1066 ἔσται,

259 1080 408 1132 Ἀνδρῶν
431 1080 598 1119 εὖσείῗέων
614 1081 703 1129 ζωὴ,
723 1080 935 1135 πρόσκομμα
953 1096 990 1120 τε
1009 1080 1142 1131 κόσμου
1155 1109 1167 1131 ,

257 1144 387 1185 ιι’Υδοιςιι
405 1146 550 1198 φωτίζον
569 1145 715 1192 κλητοὺς
733 1147 768 1184 ἐν
787 1145 920 1185 δώδεκα
939 1152 1066 1198 πηγαῖς
1080 1176 1090 1194 ,

260 1208 406 1252 Ῥοίὸὃος
422 1209 653 1260 ποιμαίνουσα
669 1210 824 1263 σιδηρείη
839 1226 877 1249 τε
894 1210 1075 1265 κρατήσει.

104 1273 248 1313 Deinde
267 1274 331 1312 lib.
354 1275 418 1322 VI,
439 1287 473 1312 v.
495 1275 557 1322 26,
580 1288 666 1327 sqq.
690 1287 700 1315 :

255 1331 307 1378 ’Ὦ
324 1339 420 1384 ξύλον
438 1332 468 1378 ὦ
484 1339 715 1393 μακαριστὸν,
735 1339 787 1392 ἐφ’
802 1334 832 1395 ᾧ
850 1339 938 1383 Θεὸς
958 1339 1163 1387 ἐξετανύσθη
1176 1372 1187 1389 ,

257 1406 338 1457 Οὐχ
355 1403 420 1449 ἕξει
435 1419 473 1442 σε
492 1403 606 1457 χθὼν,
627 1405 703 1442 ἀλλ’
721 1403 863 1456 οὐρανὸν
885 1402 984 1456 εὐρὺν
1003 1402 1140 1457 ἐσόψει,

261 1468 386 1508 ‘nvem
402 1469 562 1522 ἀστράψῃ
577 1469 616 1507 τὸ
632 1468 705 1507 νέον
722 1471 813 1508 Θεοῦ
829 1469 983 1522 ἔμπυρον
1002 1469 1116 1520 ὄμμα.
1162 1468 1164 1470 ’

103 1535 223 1580 Quem
247 1533 422 1571 ultimum
449 1534 572 1571 iocum
589 1563 599 1582 ,
626 1548 669 1572 ac
691 1535 897 1585 praesertim
920 1548 1070 1573 versum
1099 1535 1148 1572 26
1168 1548 1177 1572 ε
1196 1526 1251 1572 Ὦ
1282 1531 1379 1578 ξύλον
1404 1525 1434 1571 ὦ
1454 1548 1576 1583 μακα-

99 1596 230 1649 ριστόν,
250 1612 282 1636 κ.
299 1613 331 1637 τ.
349 1599 397 1641 λ..
424 1611 500 1636 non
522 1598 741 1637 dubitamus
768 1599 954 1651 Gregorio
981 1599 1223 1637 Nazianzeno
1243 1597 1358 1637 fuisse
1384 1598 1423 1635 in
1446 1605 1572 1636 mente

99 1676 216 1714 quum
232 1662 426 1711 scriberet,
444 1663 578 1702 citatus
592 1663 672 1714 jam
695 1678 715 1702 a
736 1663 845 1702 nobis
868 1666 906 1702 in
934 1665 1023 1703 Exc.
1043 1664 1103 1710 lV,
1125 1677 1211 1716 pag.
1233 1664 1309 1702 280
1328 1677 1337 1701 t

495 1726 650 1781 Σταυρὸν
670 1727 706 1767 δὲ
724 1727 821 1767 σε’ὅοι
839 1728 994 1782 μέτροισι
1014 1728 1183 1768 Σίῦυλλα.

103 1794 212 1832 Hunc
236 1793 337 1831 enim
355 1793 509 1844 Sibyllae
536 1807 688 1833 versum
715 1794 1007 1833 celeberrimum
1029 1802 1143 1845 utque
1162 1793 1254 1844 ipsis
1277 1790 1482 1844 gentilibus
1507 1804 1573 1830 co-

100 1859 248 1908 gnitum
268 1859 382 1897 fuisse
394 1860 890 1898 testaturlaudatusibidem
904 1862 1154 1912 Sozomenus,
1172 1860 1267 1899 IIist.
1293 1859 1395 1898 Eccl.
1417 1861 1465 1907 11,
1485 1861 1504 1905 S
1525 1871 1539 1896 1
1559 1872 1568 1896 τ

103 1923 173 1962 Καὶ
192 1923 388 1974 θαυμαστὸν
407 1924 504 1963 οὔπω
517 1928 694 1974 τοσοῦτον,
711 1924 796 1964 ὅπου
815 1941 854 1974 γε
872 1925 932 1963 καὶ
947 1924 1030 1978 πρὸς
1047 1925 1158 1963 αὐτῶν
1177 1925 1246 1962 τῶν
1264 1921 1446 1969 Ἑλλήνων
1465 1936 1575 1960 συνω-

102 1988 294 2039 μολόγηται
323 1989 497 2037 Σιῧύλλης
522 1984 609 2028 εἶναι
632 1993 744 2029 τοῦτο.
1285 1982 1287 1984 ¹

153 2054 347 2092 Alluditur
365 2069 519 2106 quoque
541 2056 588 2094 ad
601 2056 734 2094 Crucis
754 2056 897 2107 liguum
920 2055 1019 2094 libro
1039 2054 1072 2093 V
1091 2052 1380 2104 Sibyllinorum,
1402 2064 1438 2090 v.
1461 2049 1534 2088 256
1558 2060 1571 2090 Ζ

258 2116 325 2162 εῸς
343 2118 510 2170 παλάμας
524 2119 687 2166 ἥπλωσεν
706 2119 761 2158 ἐπὶ
785 2120 882 2164 Ξύλου
902 2119 1144 2173 πολυκάρπου.

99 2181 224 2220 Moses
241 2183 341 2220 enim
367 2184 531 2221 extensis
551 2184 727 2222 manibus
746 2184 783 2221 in
807 2193 936 2222 monte
950 2197 1062 2222 orans
1083 2183 1154 2220 fuit
1171 2194 1322 2232 semper
1340 2178 1443 2231 apud
1458 2177 1571 2217 Chri-

99 2248 241 2285 stianos
265 2248 438 2287 crucifixi
459 2250 528 2287 Dei
547 2249 667 2301 figura
681 2278 692 2296 ,
723 2248 821 2287 unde
840 2249 908 2290 lib.
937 2250 1040 2297 VIII,
1060 2248 1174 2301 pauIO
1191 2255 1278 2299 post
1310 2246 1434 2284 locum
1453 2257 1573 2295 supra

102 2312 183 2358 cit„
207 2325 245 2351 v.
268 2313 357 2359 251,
377 2327 462 2365 sqq.
487 2328 495 2351 z

254 2373 322 2415 Ὃν
341 2377 475 2423 Μωσῆς
493 2375 649 2416 ἐτύπωσε
664 2377 845 2431 προτείνας
865 2377 995 2421 ὠλένας
1014 2376 1140 2430 ἆγνοίς,

255 2441 370 2478 Νικῶν
389 2440 447 2480 τὸν
468 2440 621 2492 Ἀμαλὲκ
636 2442 776 2487 πίστει,
795 2457 828 2481 κ.
849 2458 880 2481 τ.
899 2444 933 2483 λ.

101 2508 126 2542 Α
135 2512 223 2554 tque
235 2505 334 2543 inam
345 2507 477 2545 Crucis
488 2508 691 2559 imaginem
704 2521 856 2559 semper
871 2507 1176 2547 Christianorum
1192 2503 1389 2543 mentibus
1401 2512 1438 2540 et
1453 2501 1573 2540 oculis

98 2567 337 2606 obversatam
359 2571 491 2619 fuisse,
514 2581 626 2610 testes
646 2581 733 2610 sunt
750 2586 827 2610 non
846 2572 959 2610 modo
980 2580 1037 2610 tot
1064 2579 1210 2609 veteres
1229 2568 1491 2620 sepulcrorum
1510 2566 1574 2603 in-

98 2632 342 2683 scriptiones,
360 2647 492 2672 verum
514 2636 632 2687 ipsius
653 2638 796 2674 inimici
816 2637 1045 2683 declaratio,
1074 2635 1174 2674 Celsi
1194 2646 1332 2684 nempe
1361 2630 1462 2682 apud
1483 2630 1573 2669 Ori-

97 2710 246 2747 genem,
277 2697 346 2736 lib.
378 2699 440 2746 VI,
470 2703 490 2746 S
520 2701 583 2745 31,
619 2700 786 2738 secundo
812 2702 892 2752 jam
924 2700 1061 2738 saeculo
1079 2699 1226 2737 ironice
1253 2697 1328 2735 iliis
1353 2694 1577 2746 objicientis

99 2760 255 2799 obvium
273 2761 418 2813 ubique
439 2763 526 2801 vitae
546 2764 688 2815 lignum
711 2777 720 2803 ε
743 2766 931 2816 Πανταχοῧ
948 2764 978 2801 δ’
997 2766 1067 2802 ἐκεῖ
1081 2765 1142 2809 τ’ἧς
1159 2765 1247 2809 ζωῆς
1267 2760 1378 2806 ξύλον,
1395 2774 1427 2797 κ.
1444 2775 1476 2797 τ.
1497 2760 1530 2797 λ.

151 2825 207 2863 Ex
228 2825 289 2863 illa
304 2828 425 2866 suncti
450 2828 539 2878 ligni
558 2829 799 2867 veneratione
817 2829 1001 2880 prodiisse
1015 2829 1109 2866 scias
1134 2829 1248 2866 etiam
1269 2825 1403 2864 Crucis
1420 2823 1576 2874 signum.

98 2885 159 2932 τὴν
182 2889 367 2941 σφραγῖδα,
391 2891 491 2942 apud
519 2893 671 2930 Graecos
698 2892 903 2932 admodum
931 2893 1008 2942 jan·
1039 2901 1176 2944 quarto
1208 2890 1347 2931 saeculo
1369 2888 1565 2935 usitatum,
