1737 3495
597 207 682 252 AD
715 206 1049 251 EXCURSUM
1087 207 1162 251 tV.
1412 248 1420 259 ,
1517 208 1611 254 ’305

202 307 341 356 Utique
359 303 458 355 piam
476 303 522 341 de
540 303 607 341 illo
619 303 728 341 altari
747 301 986 340 traditionem
1005 310 1149 340 eertum
1170 311 1226 351 est
1247 311 1334 342 ante
1350 303 1590 342 Timotheum
1604 331 1615 350 ,

155 373 312 422 ideoque
329 377 417 408 ante
436 377 584 407 sextum
601 368 794 414 saeculnm,
817 369 945 407 Romae
962 367 1155 418 vulgatam
1174 367 1306 418 fuisse,
1324 382 1410 419 quae
1425 382 1515 406 sane
1535 382 1614 406 non

154 435 299 475 modica
331 441 387 471 est
407 433 643 484 antiquitatis
662 433 772 470 ratio.
790 433 923 482 Neque
943 432 1043 469 illum
1076 431 1318 469 traditionem
1336 446 1490 482 prorsus
1511 434 1615 471 omni

153 500 396 541 fundamento
413 498 580 535 carnisse
604 510 750 543 remur,
771 497 836 535 sed
865 496 1033 546 antiquae
1052 495 1212 545 alicujus
1231 509 1306 533 arae
1330 496 1614 547 inscriptionem
1668 499 1671 501 ’

154 565 244 603 male
263 562 494 601 intellectam
523 575 569 600 eo
598 561 827 612 pertraxisse
859 569 1002 598 mentes
1025 559 1221 596 hominnm
1238 589 1248 607 ,
1266 562 1364 597 sicut
1406 557 1505 598 illam
1527 561 1615 599 olim

151 636 306 666 statuam
322 625 509 664 StiMONt
538 626 699 664 SANCO
724 625 826 663 DEO
845 625 1008 662 dicatam
1031 623 1204 662 Justinus
1225 631 1382 673 martyr,
1398 624 1512 662 nimia
1532 639 1617 663 cre-

152 690 261 730 dendi
284 690 534 736 festinatione,
553 689 699 727 Simoni
715 688 956 726 Samaritano
973 687 1194 739 inscriptam
1218 696 1429 738 putaverat,
1450 689 1563 738 Apol.
1585 679 1651 735 l:

151 755 248 806 526.
282 753 407 790 Fuerit
436 752 549 803 igitur
582 755 710 789 Romae
739 751 778 788 in
804 751 998 801 Capitolio
1025 759 1236 796 servatum,
1267 760 1354 801 post
1379 751 1617 790 Constantini

153 817 269 869 magni
292 826 484 868 tempora,
513 817 631 854 altare
650 816 804 866 aliquod
831 828 988 866 paganae
1010 815 1067 852 vel
1100 815 1253 852 ineertae
1271 815 1428 865 originis
1452 828 1538 853 cnm
1560 816 1619 853 in·

150 882 350 932 scriptione
382 880 729 919 PMMOGENJTO
760 880 877 925 0¹50,
903 879 969 928 qui
999 878 1159 916 sortasse
1191 879 1263 915 snit
1289 879 1557 929 Orphistarum
1581 889 1620 917 et

150 945 564 996 Neopythagoricorum
583 945 826 995 Protogonns
848 944 910 981 ille
925 957 991 981 seu
1009 943 1184 994 princeps
1200 945 1321 990 Deus,
1341 943 1519 994 Orphieis
1535 957 1620 982 car-

152 1009 311 1048 minibus
330 1007 556 1054 celebratus,
574 1007 708 1058 hymn.
731 1009 750 1045 5
771 1007 848 1059 (etl.
867 1005 1117 1058 normanum),
1137 1008 1352 1058 passimque
1374 1020 1439 1058 per
1454 1008 1619 1058 reliquos

151 1075 321 1125 hymnos.
351 1074 396 1111 Et
417 1072 508 1110 illud
529 1072 661 1121 altare,
685 1073 832 1122 vulgata
863 1072 983 1109 serius
1005 1070 1107 1122 apud
1127 1070 1364 1109 Christianos
1395 1072 1514 1120 sama,
1536 1081 1620 1110 tan-

150 1151 254 1189 quam
273 1137 437 1188 positum
460 1136 507 1173 al)
529 1138 700 1186 Augusto
721 1138 867 1174 Caesare
883 1135 1138 1186 primogenito
1154 1144 1192 1173 et
1209 1136 1403 1186 unigenito
1422 1137 1492 1175 Dei
1510 1137 1620 1186 Filio,

151 1209 392 1239 monstratum
415 1199 530 1237 suerit.
551 1199 795 1250 hospitibus:
819 1212 894 1235 non
918 1208 976 1236 est
997 1199 1058 1236 hic
1079 1199 1288 1250 quidquam
1308 1199 1380 1236 tide
1396 1199 1617 1251 indignum:

150 1279 220 1304 non
263 1278 462 1315 negatnus3
498 1277 575 1301 non
614 1264 808 1301 miramur.
848 1264 1062 1314 suppresso
1098 1262 1235 1301 deinde
1271 1263 1381 1301 altari
1433 1264 1619 1302 incertum

149 1328 301 1381 quando
318 1331 375 1366 vel
395 1343 472 1379 quo
488 1341 575 1365 casu
589 1356 600 1377 ,
618 1327 750 1378 religio
766 1326 842 1364 loci
859 1327 1115 1378 superfuerit,
1136 1337 1249 1377 atque
1268 1327 1305 1364 in
1328 1328 1413 1378 ipso
1436 1329 1503 1366 illo
1522 1329 1620 1376 loeo,

151 1394 356 1444 priscorum
389 1392 582 1429 hominum
603 1392 784 1428 memoria
801 1399 965 1443 *sacrato
983 1419 993 1437 ,
1026 1392 1126 1429 tedes
1155 1390 1292 1429 deinde
1317 1401 1461 1429 strtwta
1491 1393 1618 1438 suerit,

149 1472 228 1509 qum
246 1459 392 1495 Sanctae
420 1457 549 1494 Mariae
573 1456 610 1492 in
631 1455 822 1506 Capitolio
838 1456 936 1493 dicta
965 1464 1020 1493 est
1040 1470 1048 1492 ε
1081 1455 1190 1493 facile
1209 1455 1245 1493 id
1267 1456 1470 1497 eredimus.
1498 1457 1618 1495 Etiam

150 1521 333 1558 cres'crnte
351 1520 582 1571 populorum
604 1532 690 1569 erga
713 1519 903 1570 Virginem
929 1528 1086 1556 matrem
1114 1520 1175 1570 pia
1201 1519 1294 1565 lide,
1322 1533 1514 1558 rumorem
1535 1521 1615 1571 jam

150 1585 349 1635 antiquitus
381 1584 645 1634 percrebuisse
678 1584 871 1622 credimus
901 1584 948 1622 de
982 1584 1101 1622 Maria
1128 1585 1164 1621 in
1191 1585 1335 1622 somnis
1359 1584 1418 1622 vel
1449 1585 1616 1623 interdiu

151 1655 314 1699 Augusto
332 1649 410 1685 visa
428 1648 609 1686 infantem
633 1661 764 1685 recens
784 1656 913 1685 natum
939 1647 1139 1685 ostendere
1154 1676 1165 1694 ‚
1184 1656 1363 1698 tanquam
1387 1649 1616 1700 primogeni-

150 1722 223 1751 tum
260 1713 325 1750 Dei
353 1713 484 1750 lilium.
515 1716 567 1750 Ac
602 1712 716 1762 vulgo
745 1712 844 1748 eirca
875 1712 1015 1749 divinae
1051 1712 1182 1749 Matris
1209 1713 1372 1763 effigiem
1403 1712 1617 1751 addebatur

149 1790 277 1814 aureus
292 1775 447 1827 quidam
470 1776 687 1814 nimborum
705 1777 762 1814 vel
779 1776 970 1813 stellarum
990 1776 1174 1823 circulus,
1194 1789 1413 1827 quanquam
1435 1777 1531 1815 ovali
1545 1791 1616 1827 sae·

150 1842 226 1893 pius
245 1841 362 1878 forma
375 1870 384 1886 ,
399 1840 549 1890 qualem
571 1840 700 1877 videre
723 1848 778 1877 est
796 1842 831 1876 in
850 1840 959 1877 altari
977 1840 1235 1877 vetustissimo
1257 1840 1358 1877 infra
1382 1841 1559 1886 citando,-
1576 1849 1615 1880 et

150 1908 183 1943 in
207 1907 329 1958 effigie
350 1904 598 1945 Ambianensi
625 1904 839 1942 Tiburtinae
866 1903 1044 1954 Sibyllae,
1067 1913 1103 1940 et
1132 1905 1269 1954 passim
1298 1905 1336 1941 in
1368 1903 1613 1943 ecclesiarum

149 1971 263 2019 vitris,
285 1979 400 2021 atque
423 1970 462 2008 in
484 1968 678 2020 impressis
702 1968 828 2005 multis
847 1968 1001 2018 Sibyltae
1028 1967 1143 2019 hujus
1164 1968 1316 2019 liguris:
1344 1969 1454 2020 cuju-i
1484 1967 1536 2007 rei
1560 1965 1616 2008 vsi-

150 2034 329 2084 gnificatio
350 2048 424 2071 non
449 2033 602 2070 aliunde
618 2032 822 2082 quaerenda
841 2041 895 2070 est
914 2046 1028 2082 quam
1045 2046 1066 2070 e
1086 2033 1194 2070 Pauli
1215 2033 1372 2083 Diaconi
1393 2034 1496 2086 loco,
1518 2035 1613 2075 llist.

151 2099 249 2137 misc.
270 2098 336 2138 lib.
359 2098 444 2145 th,
464 2098 501 2135 in
522 2097 680 2148 Augusti
702 2097 794 2136 vita.
825 2096 936 2139 Nam,
956 2097 1021 2135 illo
1053 2105 1161 2143 teste,
1182 2114 1197 2131 α
1214 2111 1309 2134 cunr
1325 2098 1472 2149 primo,
1493 2099 1615 2150 Apol-

151 2179 164 2194 ·
184 2163 278 2200 tonia
298 2162 450 2202 rediens
466 2190 476 2208 ,
500 2162 626 2200 Caesar
644 2163 836 2212 Augustus
866 2160 1001 2199 urbem
1032 2161 1313 2212 ingrederetur,
1344 2162 1437 2217 hora
1451 2163 1618 2215 „circiter

150 2228 303 2273 «tertia,
327 2235 506 2277 repente,
526 2240 624 2277 puro
640 2239 684 2263 ac
703 2225 848 2276 liquido
864 2238 1010 2270 sereno,
1025 2226 1190 2263 circulus
1211 2225 1257 2263 ad
1278 2215 1440 2278 speciem
1459 2216 1617 2266 caelestis

150 2308 163 2322 ι
184 2304 286 2328 arcus
307 2291 440 2329 orbem
469 2291 558 2328 solis
583 2289 735 2333 ambiit,
762 2289 868 2340 quasi
903 2304 988 2327 eum
1015 2303 1131 2327 unum
1160 2281 1204 2328 ac
1236 2291 1540 2340 potentissimum
1575 2292 1614 2330 in

149 2373 162 2387 «
182 2355 252 2392 hoc
266 2356 407 2393 mundo
421 2355 882 2405 solumqueclarissimum
902 2354 937 2391 in
955 2354 1050 2392 orbe
1066 2364 1306 2402 monstraret,
1323 2357 1430 2407 cnjus
1445 2365 1616 2408 temporo

151 2436 165 2451 ι
185 2428 359 2458 venturus
373 2428 470 2457 esset
487 2419 552 2469 qui
570 2419 693 2470 ipsum
720 2422 838 2457 solem
856 2419 957 2456 solus
982 2419 1244 2470 mundumque
1265 2428 1386 2457 totum
1415 2429 1452 2458 et
1468 2420 1616 2459 fecisset

152 2498 166 2514 ι
184 2491 219 2520 et
238 2493 396 2534 regeret.
414 2502 428 2516 υ
448 2484 500 2522 tin
532 2482 598 2520 tibi
618 2483 750 2520 circuli
776 2483 932 2520 caelestis
949 2483 1080 2533 origo,
1110 2497 1188 2533 qno
1211 2492 1339 2534 postea
1363 2484 1519 2521 Mariam
1542 2486 1616 2521 vir·

151 2547 267 2597 ginem
287 2562 402 2599 super
430 2552 541 2587 Aram
573 2549 663 2586 eceli
694 2554 854 2586 stantem
876 2548 1030 2585 inclusit
1052 2549 1199 2597 portica
1229 2549 1343 2586 [ictio.
1364 2550 1436 2587 Sed
1462 2550 1543 2601 ipsa
1565 2549 1615 2588 de

149 2610 295 2662 Virgine
324 2616 493 2664 Augusto
508 2612 587 2650 visa
611 2625 724 2662 quam
751 2612 800 2650 sit
827 2612 983 2662 antiqua
1008 2612 1181 2658 traditio,
1203 2613 1290 2649 satis
1310 2614 1477 2650 ostendit
1495 2627 1614 2665 quum

151 2685 283 2712 sanetae
307 2677 435 2714 Maria:
451 2689 587 2713 nomen
614 2676 702 2714 huic
727 2676 800 2713 aedi
834 2677 1012 2722 affixum,
1046 2684 1123 2713 tum
1143 2690 1239 2725 quae,
1268 2677 1498 2729 saecttlnjam
1516 2678 1615 2716 duo·

153 2737 319 2790 decimo,
341 2744 424 2779 Arae
441 2740 546 2786 Caeli,
566 2740 620 2778 sic
643 2739 808 2790 jamtum
827 2749 983 2785 vocatae,
1000 2739 1211 2778 adhoeserat
1231 2753 1305 2778 non
1325 2741 1428 2792 vulgi
1451 2744 1616 2788 tanttun,'

154 2803 212 2841 sed
239 2813 275 2842 et
302 2819 534 2843 summorum
557 2805 777 2856 pontificum
800 2806 1006 2843 veneratio.
1033 2808 1038 2814 '

201 2868 355 2907 Constat
380 2870 525 2908 ordinis
564 2869 798 2908 ssenetlicnni
819 2870 1040 2917 monachis,
1060 2869 1143 2907 illos
1174 2877 1264 2907 tnnc
1289 2870 1394 2908 locos
1414 2871 1613 2909 incolenti·

309 2940 377 2985 llI.
1182 2982 1187 2987 .
1266 2993 1270 3000 ,
1395 2958 1453 2986 20
