1752 3495
697 209 1004 254 EXCURSUS
1040 202 1080 255 1.'
1558 211 1608 257 ll

157 308 283 347 omnia
294 321 368 347 non
386 309 496 346 aliter
512 309 612 343 inter
628 317 667 343 sc
683 305 890 343 conciliare
907 313 1027 344 tentat
1039 306 1257 354 Pausanias,
1272 318 1384 358 quam
1404 307 1494 346 dum
1516 308 1617 345 illam

156 372 329 411 sensibus
356 380 516 412 emotum
549 368 732 407 divinitus
766 369 933 407 insanire
962 370 1052 408 faci't
1082 387 1090 410 ι
1121 371 1247 424 ιΤαῧτιιι
1271 370 1332 420 μὲν
1360 370 1402 419 δὴ
1427 369 1619 423 μαινομένη

156 452 194 475 τε
223 436 282 475 καὶ
308 438 346 476 ἐκ
377 438 454 474 θεοῦ
474 433 621 484 κάτοχος
649 432 854 480 πεποίηκεν.
882 433 1103 472 Heraclides
1133 447 1288 484 quoque
1310 435 1489 474 Ponticus
1516 435 1620 486 apud

157 502 402 546 Clementem,
419 500 442 536 l.
458 499 536 545 cit.,
553 497 752 535 exordium
771 498 877 546 illud,
892 491 920 537 ὦ
939 497 1080 551 Δελφοί,
1100 498 1238 537 diserte
1253 490 1426 549 Phry'giae
1443 514 1507 539 seu
1521 501 1622 539 Mer-

159 566 318 613 messiae,
333 577 418 616 quae
441 563 524 601 aliis
542 570 599 600 est
626 562 823 612 Erythraea
837 593 847 610 ,
868 562 1011 604 tribuit,
1042 563 1185 601 Rursus
1203 575 1295 600 vero
1314 564 1467 602 Pmclus
1493 565 1530 602 in
1557 564 1622 603 Ti-

158 644 313 677 maeum,
342 629 468 675 lib.V,
491 641 532 677 p.
554 641 644 677 791,
664 626 727 667 ed.
747 627 946 673 Schneid„
967 640 1118 665 versum
1135 627 1268 664 illum:

369 691 455 743 Εἰμὶ
476 690 504 729 δ’
523 690 590 742 ἐγὼ
609 691 721 742 μέσση
739 707 776 730 τε
803 693 886 730 θεῶν
907 690 1019 742 μέσση
1038 694 1068 729 τ’
1088 690 1290 744 ἀνθρώπων,

156 759 226 810 (sic
241 757 338 796 enim
360 755 479 807 legit),
499 755 623 793 eidem
642 754 793 807 Sibyllae
809 754 941 793 tribuit
956 768 1067 807 quam
1089 757 1227 806 passim
1250 755 1480 806 Erytliraeam
1496 765 1622 804 vocat,

157 836 242 874 quae
261 834 396 872 nempe
418 820 465 858 de
484 834 552 858 sua
572 829 694 858 morte
723 833 766 858 ac
788 820 835 858 de
856 821 1045 858 vaticiniis
1062 829 1146 871 post
1159 829 1319 858 mortem
1337 833 1413 858 non
1429 820 1625 858 cessaturis

157 888 349 938 epilogum
373 886 484 933 liujus
512 886 690 923 carminis
707 886 902 941 cecinerit.
925 879 1182 925 Nec'Pmclus
1199 885 1327 937 igitur,
1344 898 1416 923 nec
1429 872 1601 924 Clemens
1616 915 1625 930 ,

157 965 226 989 nec
246 949 471 1000 Pausanias,
490 949 568 987 duo
585 950 751 987 carmina
775 950 832 987 vel
851 949 945 988 duas
963 950 1128 1000 Sibyllas
1149 958 1401 1000 agnoverunt,
1418 958 1461 987 ut
1477 962 1627 987 necesse

156 1019 203 1055 sit
225 1017 305 1054 haec
325 1016 453 1054 omnia
476 1014 522 1052 ad
545 1029 661 1053 unum
682 1029 833 1053 carmen
859 1016 1096 1066 Erythraeum
1118 1016 1282 1061 referre,
1308 1024 1422 1066 atque
1442 1015 1489 1053 ad
1511 1028 1625 1053 unani

157 1080 339 1131 Sibyllam
351 1109 361 1127 ‚
377 1093 489 1129 quam
510 1079 623 1131 vulgo
645 1080 877 1130 Erythraeam
889 1079 1080 1118 'vocabant
1097 1094 1139 1118 ac
1155 1080 1373 1118 credebant.
1390 1080 1530 1118 Confer
1542 1093 1627 1130 quae

158 1146 204 1183 de
223 1158 309 1182 vera
330 1145 410 1194 ejus
426 1145 592 1182 mulieris
611 1145 759 1196 origiue
779 1145 1077 1195 disputabuntur
1094 1145 1204 1191 infra,
1223 1159 1308 1195 cap.
1329 1146 1363 1183 3.

213 1209 305 1246 llinc
337 1208 500 1245 maxima
534 1209 763 1259 Erytliraeae‚
794 1209 907 1246 etiam
942 1217 1143 1260 postquam
1177 1222 1356 1247 numerus
1395 1208 1626 1259 Sibyllarum

158 1273 298 1319 crevit,
319 1272 421 1310 inter
437 1281 580 1310 ceteras
598 1273 707 1310 sama.
726 1275 836 1319 Nam,
861 1281 900 1310 ut
921 1262 999 1311 lieri
1017 1274 1135 1319 solet,
1155 1283 1272 1324 utque
1292 1274 1368 1311 suis
1387 1274 1481 1311 locis
1501 1282 1629 1310 osten-

159 1337 316 1384 demus,
338 1337 465 1387 plures
493 1337 633 1375 deinde
653 1337 768 1375 urbes
793 1351 862 1388 per
884 1338 1161 1376 aemulationem
1191 1346 1256 1375 aut
1285 1338 1488 1389 quamdam
1522 1337 1627 1375 loco·

159 1415 243 1438 rum
265 1401 614 1451 opportunitatem,
640 1415 686 1439 eo
711 1401 879 1439 inductae
908 1410 994 1439 sunt
1024 1411 1067 1439 ut
1087 1415 1173 1440 suas
1195 1397 1350 1456 quoque
1374 1394 1629 1452 Sibyllasvsibi

160 1464 301 1503 habere
332 1464 485 1503 vellent.
518 1465 742 1515 Praecipuus
780 1473 905 1503 tan‘ten
946 1465 1151 1515 Erytliraeae
1181 1465 1317 1502 mansit
1350 1465 1494 1510 honor,
1525 1463 1629 1514 quod

160 1528 394 1580 apertissime
429 1529 637 1578 proclamat
662 1529 904 1576 Lactantius,
942 1529 1027 1566 loco
1054 1522 1151 1580 jam*
1169 1528 1322 1566 laudato
1347 1541 1524 1579 saepeque
1552 1528 1632 1565 lau-

160 1594 309 1643 dando,
328 1594 393 1633 lib.
414 1596 429 1633 l
448 1625 457 1642 ‚
479 1608 561 1645 cap.
586 1596 609 1632 6
625 1625 635 1641 ‚
660 1594 719 1631 his
742 1594 868 1632 verbis
888 1609 896 1632 :
926 1613 941 1628 «
963 1595 1185 1644 Erythraea,
1209 1592 1294 1645 ‹11¹ae
1323 1594 1510 1633 celebrior
1531 1594 1633 1632 inter

160 1678 175 1694 «
204 1669 368 1708 ceteras,
402 1673 444 1698 ac
464 1659 630 1697 nobilior
649 1659 826 1706 liabetur,
839 1677 855 1692 »
877 1667 915 1697 et
947 1659 1046 1697 idem
1068 1659 1116 1698 de
1136 1660 1194 1698 lra
1216 1659 1304 1705 Dei,
1324 1673 1407 1710 cap.
1430 1672 1505 1696 υτ
1534 1676 1550 1692 ι
1573 1658 1632 1697 Si-

161 1742 176 1757 «
205 1723 343 1775 byllas‚
359 1725 492 1775 inquit,
514 1724 668 1775 plurimi
684 1733 721 1762 et
736 1724 889 1762 maximi
908 1732 1083 1762 auctores
1101 1724 1362 1762 tradiderunt.
1379 1752 1388 1762 .
1405 1751 1414 1762 .
1436 1723 1483 1762 ni
1502 1736 1634 1761 omnes

160 1805 177 1822 σι
207 1788 437 1839 praecipuam
462 1797 499 1826 et
526 1788 695 1826 nobilem
725 1798 864 1839 praeter
886 1798 1033 1827 ceteras
1055 1790 1290 1839 Erytliraeam
1323 1789 1436 1826 fuisse
1464 1801 1632 1826 comme-

161 1871 176 1886 «
205 1862 368 1893 morant.
387 1870 403 1886 »ι
439 1854 518 1892 Nec
549 1853 674 1891 minus
694 1867 871 1904 expresse
892 1854 1105 1892 Scholiasta
1135 1854 1304 1892 Platonis
1331 1853 1377 1890 ad
1404 1851 1632 1892 Phaedrum:

162 1918 282 1956 Πᾶσαι
303 1917 365 1967 μὲν
385 1912 442 1956 οῧν
474 1918 652 1968 μαντικαί·
672 1921 694 1965 ἡ
718 1918 751 1956 δὲ
770 1917 977 1971 Ἰζρυοραία,
998 1922 1020 1966 ἡ
1053 1919 1111 1956 καὶ
1134 1918 1314 1971 Ἰζρωφίλη
1336 1918 1404 1970 [sic
1433 1930 1503 1968 pro
1522 1916 1633 1970 ‘lipo-

162 1981 266 2034 φίλη]
286 1980 497 2033 καλουμένη,
517 1984 586 2020 τῶν
607 1982 721 2019 ἄλλων
741 1981 922 2034 ἐξαίρετος.
946 1984 1077 2033 ltaque
1097 1983 1192 2020 nihil
1210 1983 1349 2020 mirum
1371 1982 1402 2020 si
1421 1990 1634 2020 ceterarum

162 2058 316 2097 quoque
339 2045 569 2097 Sibyllarum
595 2047 732 2084 famam
752 2046 842 2084 huic
861 2047 926 2084 uni
946 2048 1095 2085 seminae
1120 2047 1315 2085 vindicare
1332 2046 1486 2098 quidam
1509 2048 1635 2085 conati

161 2120 270 2157 sunt,
285 2120 399 2162 atque
418 2111 505 2149 ideo
524 2125 610 2149 cum
627 2112 710 2162 ipsa
731 2112 899 2160 diversas
918 2113 1103 2163 quasdam
1127 2112 1408 2159 confuderunt,
1430 2121 1470 2150 ut
1488 2112 1636 2150 Aristo-

162 2182 254 2219 teles
273 2190 405 2232 aperte
430 2181 656 2228 Cumanam,
678 2182 749 2220 loc.
772 2182 854 2230 cit.‚
875 2183 1081 2221 Pausanias
1101 2183 1349 2234 Marpessiam
1370 2196 1435 2221 seu
1454 2182 1635 2222 Mermes-

142 2247 257 2295 *siam
289 2260 396 2285 suam
432 2248 600 2298 aliasque
621 2247 845 2296 nonnullas,
873 2262 985 2286 nemo
1012 2263 1102 2287 vero
1139 2250 1266 2300 plures
1285 2262 1398 2300 quam
1420 2248 1556 2287 Suidas
1574 2249 1635 2286 vel

163 2311 334 2362 quisquis
365 2312 492 2350 Suidae
528 2312 600 2350 suit
631 2320 768 2350 auctor
805 2313 856 2351 ita
889 2313 1117 2352 scribendi':
1154 2313 1384 2364 Etcunm..
1426 2312 1633 2366 Ἐρυθραῖοι.

163 2375 264 2418 Τινὲς
290 2375 326 2413 δὲ
359 2374 464 2422 αὐτὴν
489 2375 666 2423 Σικελὴν,
688 2376 786 2414 ἄλλοι
810 2376 994 2430 Σαρδανὴν
1014 2378 1094 2429 [seu
1125 2378 1253 2429 potius
1279 2374 1515 2430 Σαρδιανὴν],
1538 2376 1637 2415 ἄλλοι

165 2439 361 2493 Γεργιθίαν,
387 2440 485 2478 ἄλλοι
505 2440 539 2479 δὲ
557 2440 712 2488 Ῥοδίαν,
741 2441 841 2479 ἄλλοι
870 2440 906 2480 δὲ
938 2442 1127 2488 Χίὸυσσαν,
1156 2443 1256 2480 ἄλλοι
1281 2440 1462 2488 Λευκανήν
1489 2441 1543 2493 [id
1567 2451 1636 2489 est,

162 2504 370 2543 Cumanam
395 2519 415 2542 e
444 2505 626 2556 Lucania]
640 2534 652 2551 ,
673 2505 772 2543 ἄλλοι
792 2505 933 2557 Σαμίαν
954 2505 1133 2550 ἐδόξασαν.

217 2572 257 2609 In
279 2571 356 2623 illa'
374 2570 570 2608 nominum
595 2579 633 2609 et
654 2571 829 2608 locorum
851 2570 1076 2608 confusione
1097 2570 1251 2609 difficile
1269 2582 1369 2621 saepe
1397 2575 1453 2607 est
1478 2567 1636 2606 definire

162 2635 256 2685 quid
282 2635 487 2685 Erythraeae
516 2635 741 2686 proprium,
762 2635 855 2685 quid
889 2635 936 2673 ad
956 2635 1075 2685 ipsam
1103 2634 1151 2672 ab
1182 2626 1265 2672 aliis
1288 2634 1385 2671 male
1410 2632 1634 2671 translatum

163 2699 224 2736 sit.
255 2699 369 2746 Quod
393 2699 422 2737 si
456 2707 642 2750 praeterea
668 2708 823 2751 reputes
852 2713 985 2738 eorum
1019 2713 1104 2752 quae
1133 2699 1181 2739 de
1212 2699 1408 2750 Erythraea
1431 2703 1636 2736 narrantur

168 2764 292 2801 fontes
315 2764 428 2801 fuisse
458 2763 757 2809 diversissimos,
779 2766 944 2817 primum
964 2767 1086 2817 ipsius
1112 2765 1299 2817 Erythraei
1320 2763 1499 2803 carminis
1516 2775 1638 2817 pauca

165 2835 202 2862 et
238 2827 414 2880 ambigua
451 2829 684 2876 testimonia,
717 2830 855 2870 deinde
883 2832 1122 2883 Cyclicorum
1159 2831 1394 2882 aliorumque
1424 2835 1633 2867 commenta

169 2900 376 2941 poetarum,
396 2903 498 2931 ortas
529 2894 694 2945 deniquo
725 2895 902 2945 Erythris
929 2905 965 2934 et
1001 2897 1037 2934 in
1063 2885 1145 2934 aliis
1165 2896 1309 2934 aemulis
1341 2893 1499 2933 urbibus
1517 2891 1634 2930 tradi·
