1737 3495
487 250 496 271 2
542 228 936 273 -··‘13xcunsus
973 229 1025 273 v.
1070 239 1073 245 ·
1449 229 1575 292 ι315

112 330 246 367 fractos
259 323 414 375 Sibyllae
431 330 564 360 cautus
583 321 768 363 imitante.
797 322 938 374 incipit
964 335 986 360 a
1011 322 1197 361 Babelicae
1224 322 1340 362 turris
1363 322 1575 369 eversione,
1632 341 1636 346 -

110 406 146 433 v.
167 391 232 441 98,
250 402 346 439 sqq„
370 386 472 425 uude
494 387 620 425 statim
650 388 691 425 iit
715 387 896 425 transitus
913 387 960 424 ad
983 387 1165 425 Titanum
1188 382 1427 438 deorumque
1445 389 1580 425 Satur-

109 456 255 494 niorum
276 451 487 497 historiam,
503 451 593 489 satis
613 451 694 489 fuse
708 459 899 489 narratam
913 480 923 496 ,
944 464 981 490 v.
1001 464 1014 488 ι
1029 451 1196 498 10-1573
1221 450 1473 491 indenomine
1489 460 1577 489 tan-

107 530 181 558 tum
203 523 447 556 recensentur
461 516 585 566 prima
604 516 641 553 iu
668 516 778 553 terris
800 516 928 552 sutura
950 514 1111 566 imperia
1131 514 1419 564 AEgyptiorum,
1437 517 1576 555 Persa·

109 596 202 628 rum,
224 579 422 619 Medorum
437 608 447 625 ,
467 577 716 630 'AEtliiopuim
746 579 987 629 Assyriorum
1002 606 1012 624 ,
1031 577 1122 616 inde
1143 577 1396 616 Macedonum
1413 606 1424 623 ,
1447 593 1578 617 rursus

108 643 388 696 AEgyptiorum,
421 655 464 680 ac
491 642 655 693 denique
684 644 942 682 Romanorum
969 641 1082 693 (uota
1098 642 1259 693 jamtum
1290 641 1363 679 late
1385 650 1576 692 patentem

108 710 256 749 illorum
281 707 419 744 samam
441 715 477 745 et
497 707 747 758 potentiam),
767 720 804 748 v.
833 707 1019 747 158-161,

158 775 347 812 Hactenus
363 772 491 809 omnia
512 780 663 809 narrata
687 780 796 820 sunt3
815 772 880 810 sod
908 771 1055 822 reliqua
1079 770 1281 822 ‹leincepS‚
1310 778 1492 821 tauquam
1515 771 1577 808 su-

110 847 204 887 tura,
224 835 495 887 praedicentur.
519 836 648 885 ltaque
674 835 747 872 sibi
772 835 818 872 ad
838 849 977 873 novum
1001 835 1101 873 liunc
1122 847 1251 872 rerum
1275 834 1449 872 ordinem
1473 842 1579 872 tran-

108 902 240 941 sitione
262 899 427 950 quadam
449 913 546 950 opus
564 914 644 938 esse
667 899 832 937 credidit
853 908 988 951 pocta,
1007 913 1042 938 v.
1068 900 1153 947 162,
1171 912 1280 950 sqq.:
1525 887 1528 891 ’

261 963 331 1002 Καὶ
347 963 425 1002 τότε
444 979 503 1015 μοι
521 963 689 1014 μεγάλοιο
708 964 822 1009 Θεοῦ,
843 979 876 1002 κ.
896 979 930 1001 τ.
950 965 984 1002 λ.

109 1029 233 1080 Pergit
261 1028 350 1066 inde.
377 1028 580 1065 vaticinari
610 1042 618 1065 :
646 1028 710 1065 sed
732 1029 897 1079 primum
919 1028 1046 1079 regnis
1068 1026 1248 1065 omuibus
1269 1027 1497 1078 praeitur-um
1518 1040 1580 1064 ca·

106 1092 382 1132 nitSalomouis
400 1106 557 1143 regnum
571 1122 582 1139 ‚
601 1092 710 1144 cujus
725 1092 936 1144 potentiam
956 1106 1048 1131 sane
1066 1093 1165 1130 ultra
1183 1091 1338 1130 modum
1354 1091 1576 1143 amplificat,

107 1173 142 1198 v.
168 1159 348 1206 167·170.
365 1158 481 1196 Addit
500 1171 620 1208 pauca
641 1159 687 1196 dc
710 1159 932 1196 Graecorum
950 1166 990 1195 et
1007 1157 1265 1196 Macedonum
1284 1157 1548 1195 dominatione
1567 1188 1576 1203 ,

105 1238 141 1262 v.
164 1229 347 1270 171·17l‚;
365 1222 473 1274 plura
492 1223 540 1260 de
560 1223 761 1268 Romanis,
785 1236 882 1273 quos
911 1223 1041 1260 multis
1062 1221 1237 1260 versibus
1256 1222 1448 1272 increpat,
1468 1221 1580 1259 saevi·

105 1298 204 1326 turos
223 1287 261 1324 in
287 1288 381 1324 orbe
402 1296 609 1334 terrarum,
635 1287 700 1324 sed
727 1287 765 1325 in
787 1286 1012 1325 Macedonia
1034 1286 1251 1338 praecipue,
1275 1286 1399 1324 donec
1415 1285 1580 1336 AEgypto

105 1365 169 1390 rex
187 1351 352 1402 imperet
376 1364 397 1388 a
427 1352 561 1390 Graeca
581 1351 732 1400 origine
754 1352 939 1402 septimus
964 1351 1207 1401 (Ptolemaeus
1231 1351 1334 1388 haud
1355 1349 1472 1388 dubie
1491 1349 1580 1389 Phi·

106 1417 296 1466 lometor),
319 1429 358 1455 v.
387 1415 569 1465 175-193.
595 1415 694 1454 Tum
727 1429 842 1463 vero,
863 1416 1008 1467 inquit,
1032 1429 1125 1468 gens
1146 1415 1218 1454 Dei
1243 1423 1379 1466 potens
1401 1415 1578 1461 exsistet,

106 1494 185 1532 quae
202 1479 427 1518 mortalibus
454 1480 632 1518 omnibus
652 1481 729 1519 dux
759 1481 845 1518 vitae
867 1481 993 1518 futura
1023 1488 1100 1529 est,
1124 1494 1157 1518 v.
1182 1487 1272 1532 194,
1291 1493 1347 1531 sq.
1369 1481 1447 1519 Nec
1469 1478 1596 1530 plura.

106 1544 250 1583 interim
268 1543 316 1581 de
338 1543 503 1591 Judaeis;
522 1543 588 1581 sed
607 1543 733 1582 statim
751 1544 887 1582 transit
907 1543 954 1582 ud
981 1543 1129 1582 suturas
1148 1544 1322 1595 gentium
1347 1543 1579 1582 calamitates

109 1609 177 1647 lioc
198 1608 329 1655 modo,
347 1621 384 1646 v.
409 1609 498 1658 196,
523 1621 605 1660 sqq.
624 1621 634 1648 ε

260 1670 369 1711 Ἀλλὰ
386 1673 421 1711 τί
439 1687 496 1723 μοι
519 1673 578 1710 καὶ
600 1676 700 1711 τοῦτο
719 1673 808 1715 Θεὸς
823 1672 892 1726 νόῳ
911 1672 1024 1712 ἔνθετο
1039 1672 1157 1718 λέξαι,

257 1738 305 1777 Τί
323 1740 480 1791 πρῶτον,
503 1736 536 1777 τί
556 1738 586 1776 δ’
610 1737 732 1777 ἔπειτα
746 1768 756 1787 ,
775 1738 809 1777 τί
827 1738 856 1777 δ’
875 1738 1035 1778 ὑστάτιον
1056 1737 1162 1777 κακὸν
1183 1737 1284 1778 ἔσται

258 1801 400 1845 Πάντας
415 1803 470 1840 ἐπ’
493 1801 717 1856 ἀνθρώπους
737 1803 788 1846 τίς
803 1802 935 1841 τούτων
952 1802 1092 1842 ἔσσεται
1111 1802 1202 1857 ἀρχή
1218 1816 1228 1850 ;

105 1870 213 1916 Tum,
230 1869 352 1916 sacto,
372 1877 415 1905 ut
438 1881 566 1919 supra,
587 1881 611 1906 a
629 1868 832 1907 Titanibus
851 1869 973 1916 initio,
991 1868 1161 1906 breviter
1178 1877 1216 1907 et
1230 1868 1391 1920 carptim
1409 1877 1579 1907 recenset

103 1934 309 1986 primorum
331 1933 581 1984 imperiorum
615 1933 714 1970 vices
729 1962 739 1980 ,
762 1947 796 1972 v.
829 1947 1010 1984 199-212,
1030 1943 1288 1985 properatque
1307 1933 1354 1971 ad
1377 1946 1460 1972 eam
1488 1945 1578 1984 gen·

106 2008 189 2048 tem,
216 2011 322 2050 quae,
343 2006 384 2035 ut
415 1998 495 2048 ipsc
515 1998 594 2048 ait,
624 1998 724 2036 circa
747 2011 928 2050 magnum
954 1998 1171 2037 Salomonis
1198 1999 1381 2050 templum
1409 1996 1578 2046 habitat,

106 2079 139 2106 v.
159 2068 251 2113 213,
274 2079 378 2118 sqq.‚
397 2066 506 2116 cujus
521 2064 662 2104 deinde
683 2066 758 2104 sata
777 2066 890 2104 canit.

150 2130 251 2171 Urbs
271 2140 349 2178 est,
369 2131 516 2182 inquit,
535 2130 572 2168 in
594 2138 694 2169 terra
716 2131 879 2170 Uchaldi
901 2131 981 2181 (scu
1002 2131 1133 2182 potius
1157 2131 1215 2171 Ur
1231 2129 1438 2175 Chaldaeae,
1463 2143 1576 2182 quam

104 2209 229 2236 omnes
245 2197 372 2236 sciunt
389 2194 597 2233 Abrahami
620 2195 737 2234 fuisse
759 2195 934 2248 patriam)
952 2223 962 2243 ,
982 2195 1086 2234 unde
1105 2208 1227 2247 genus
1249 2203 1304 2233 est
1322 2195 1396 2246 (vel
1418 2203 1459 2233 ut
1486 2195 1579 2246 qui-

105 2262 186 2300 dam
207 2262 340 2300 volunt
355 2260 509 2300 codices
522 2291 532 2308 ‚
557 2260 661 2298 unde.
679 2273 800 2311 genus
820 2261 912 2299 milii
927 2269 1005 2306 est,
1027 2259 1215 2311 prodente
1231 2259 1284 2297 sic
1299 2258 1446 2309 Sibylla
1462 2258 1577 2310 origi·

105 2339 184 2365 nem
205 2328 325 2370 suam)
341 2327 542 2365 homiuum
559 2325 861 2377 justissimorum
885 2324 920 2377 (J
930 2324 1126 2362 udaeorum
1147 2323 1340 2372 videlicet)
1355 2338 1364 2360 ε
1382 2337 1426 2361 ac
1450 2324 1576 2374 proti-

105 2405 168 2429 nus
194 2404 318 2430 mores
337 2405 471 2430 eorum
491 2390 675 2430 describit
695 2389 946 2436 rectissimos,
961 2389 1142 2439 utquivis
1164 2389 1254 2426 iude
1271 2388 1419 2426 discere
1442 2388 1575 2439 possit,

106 2464 236 2508 atque,
269 2464 312 2493 ut
337 2456 418 2507 ipse
445 2464 576 2494 monet
593 2454 804 2505 Sibyllista,
836 2454 1084 2505 profanarum
1109 2453 1277 2504 gentium
1296 2452 1396 2490 vitiis
1419 2452 1574 2501 alienos,

105 2532 137 2558 v.
165 2523 347 2569 ²¹8-2s07·
373 2520 467 2559 Inde
492 2520 627 2572 paucis
643 2518 831 2565 versibus,
852 2532 1014 2570 prorsus
1028 2518 1075 2556 ad
1098 2518 1267 2556 historIae
1288 2517 1414 2566 fidem,
1438 2531 1572 2572 eor-um

107 2584 176 2622 sata
195 2584 473 2636 praedicuntur,
499 2599 535 2624 v.
555 2585 648 2634 248,
665 2596 765 2634 sqq..
787 2583 876 2634 suga
901 2596 949 2621 ex
969 2583 1146 2634 AEgypto‚
1173 2582 1231 2620 lex
1254 2581 1290 2619 in
1314 2590 1443 2620 moute
1462 2581 1571 2628 data,

105 2650 295 2699 captivitas
315 2650 456 2687 deinde
481 2651 616 2701 populi
635 2658 672 2686 et
695 2650 775 2699 agri
794 2648 948 2685 vastitas
972 2657 1130 2699 propter
1149 2647 1342 2697 impensos
1368 2646 1470 2684 falsis
1496 2659 1575 2684 nu-

106 2713 263 2751 minibus
284 2714 474 2764 liouores;
494 2714 659 2764 denique
679 2721 765 2763 post
779 2725 902 2750 annos
920 2713 1062 2750 multos
1080 2711 1262 2749 redivivae
1278 2711 1400 2762 gentis
1420 2711 1575 2749 instau-

106 2780 196 2816 ratio
224 2788 262 2818 et
290 2779 336 2817 ad
359 2791 454 2817 nova
476 2780 551 2817 sata
576 2778 734 2824 reditus,
759 2792 790 2816 v.
816 2779 905 2823 286,
938 2791 1044 2829 sqq.‚
1064 2777 1227 2826 jubente
1246 2790 1384 2829 magno
1404 2776 1572 2828 quodam

106 2855 186 2893 rege
206 2844 347 2881 caelitus
363 2844 477 2881 misso
500 2844 612 2893 {Cyro
631 2842 843 2895 videlicet),
860 2841 1156 2893 faventibusque
1179 2844 1381 2882 Persarum
1398 2841 1571 2893 regibus,

104 2918 260 2954 quorum
282 2907 459 2958 praesidio
478 2916 512 2945 et
538 2906 677 2958 opibus
699 2907 883 2957 templum
908 2907 1036 2945 deuuo
1054 2915 1181 2958 surget
1201 2921 1208 2945 ε
