<?xml version="1.0" encoding="UTF-8"?>
<!DOCTYPE html PUBLIC "-//W3C//DTD XHTML 1.0 Transitional//EN"
    "http://www.w3.org/TR/xhtml1/DTD/xhtml1-transitional.dtd">
<html xmlns="http://www.w3.org/1999/xhtml" xml:lang="en" lang="en">
 <head>
  <title>
</title>
<meta http-equiv="Content-Type" content="text/html;charset=utf-8" />
  <meta name='ocr-system' content='tesseract 3.04.00' />
  <meta name='ocr-capabilities' content='ocr_page ocr_carea ocr_par ocr_line ocrx_word'/>
</head>
<body>
  <div class='ocr_page' id='page_1' title='image "./excursusadsibyll00alexuoft_0444.png"; bbox 0 0 1686 3500; ppageno 0'>
   <div class='ocr_carea' id='block_1_1' title="bbox 627 173 1557 249">
    <p class='ocr_par' dir='ltr' id='par_1_1' title="bbox 627 173 1557 249">
     <span class='ocr_line' id='line_1_1' title="bbox 627 173 1557 249; baseline 0.012 -32"><span class='ocrx_word' id='word_1_1' title='bbox 627 173 930 220; x_wconf 73' lang='lat' dir='ltr'>Excuasus</span> <span class='ocrx_word' id='word_1_2' title='bbox 964 177 1018 222; x_wconf 80' lang='grc' dir='ltr'>ν.</span> <span class='ocrx_word' id='word_1_3' title='bbox 1346 209 1352 215; x_wconf 75' lang='grc'><em>.</em></span> <span class='ocrx_word' id='word_1_4' title='bbox 1377 238 1385 249; x_wconf 34' lang='grc'>,</span> <span class='ocrx_word' id='word_1_5' title='bbox 1462 181 1557 228; x_wconf 75' lang='grc'>435</span> 
     </span>
    </p>
   </div>
   <div class='ocr_carea' id='block_1_2' title="bbox 47 266 1566 706">
    <p class='ocr_par' dir='ltr' id='par_1_2' title="bbox 47 266 1566 706">
     <span class='ocr_line' id='line_1_2' title="bbox 88 266 1560 327; baseline 0.005 -21"><span class='ocrx_word' id='word_1_6' title='bbox 88 281 155 307; x_wconf 84' lang='lat' dir='ltr'>nee</span> <span class='ocrx_word' id='word_1_7' title='bbox 177 267 284 306; x_wconf 76' lang='lat' dir='ltr'>facile</span> <span class='ocrx_word' id='word_1_8' title='bbox 303 267 510 319; x_wconf 76' lang='lat' dir='ltr'><strong>procedere</strong></span> <span class='ocrx_word' id='word_1_9' title='bbox 528 266 742 326; x_wconf 76' lang='lat' dir='ltr'>videbatur,</span> <span class='ocrx_word' id='word_1_10' title='bbox 762 268 951 308; x_wconf 74' lang='lat' dir='ltr'>destitisse</span> <span class='ocrx_word' id='word_1_11' title='bbox 972 270 1151 310; x_wconf 81' lang='lat' dir='ltr'>Nostrum</span> <span class='ocrx_word' id='word_1_12' title='bbox 1176 276 1197 312; x_wconf 74' lang='lat' dir='ltr'>a</span> <span class='ocrx_word' id='word_1_13' title='bbox 1213 274 1502 327; x_wconf 81' lang='lat' dir='ltr'>compingendis</span> <span class='ocrx_word' id='word_1_14' title='bbox 1519 276 1560 314; x_wconf 90' lang='lat' dir='ltr'>in</span> 
     </span>
     <span class='ocr_line' id='line_1_3' title="bbox 88 331 1562 387; baseline 0.007 -18"><span class='ocrx_word' id='word_1_15' title='bbox 88 346 203 370; x_wconf 81' lang='lat' dir='ltr'>unum</span> <span class='ocrx_word' id='word_1_16' title='bbox 232 344 373 383; x_wconf 81' lang='lat' dir='ltr'>corpus</span> <span class='ocrx_word' id='word_1_17' title='bbox 395 331 594 381; x_wconf 70' lang='lat' dir='ltr'>Sibyllinis</span> <span class='ocrx_word' id='word_1_18' title='bbox 621 332 749 380; x_wconf 87' lang='lat' dir='ltr'>libris,</span> <span class='ocrx_word' id='word_1_19' title='bbox 778 345 921 385; x_wconf 78' lang='lat' dir='ltr'>eosque</span> <span class='ocrx_word' id='word_1_20' title='bbox 948 343 1117 383; x_wconf 83' lang='lat' dir='ltr'>tantum,</span> <span class='ocrx_word' id='word_1_21' title='bbox 1141 338 1276 387; x_wconf 82' lang='lat' dir='ltr'>&#39;quales</span> <span class='ocrx_word' id='word_1_22' title='bbox 1295 348 1426 387; x_wconf 83' lang='lat' dir='ltr'>erant,</span> <span class='ocrx_word' id='word_1_23' title='bbox 1452 348 1562 378; x_wconf 86' lang='lat' dir='ltr'>tran·-</span> 
     </span>
     <span class='ocr_line' id='line_1_4' title="bbox 87 395 1562 451; baseline 0.007 -19"><span class='ocrx_word' id='word_1_24' title='bbox 87 395 282 446; x_wconf 83' lang='lat' dir='ltr'>scripsisse</span> <span class='ocrx_word' id='word_1_25' title='bbox 301 409 346 433; x_wconf 87' lang='lat' dir='ltr'>eo</span> <span class='ocrx_word' id='word_1_26' title='bbox 376 395 535 442; x_wconf 78' lang='lat' dir='ltr'><strong>ordine,</strong></span> <span class='ocrx_word' id='word_1_27' title='bbox 559 396 627 446; x_wconf 84' lang='lat' dir='ltr'>qui</span> <span class='ocrx_word' id='word_1_28' title='bbox 655 396 823 451; x_wconf 78' lang='lat' dir='ltr'>optimus</span> <span class='ocrx_word' id='word_1_29' title='bbox 845 397 1010 448; x_wconf 88' lang='lat' dir='ltr'>primum</span> <span class='ocrx_word' id='word_1_30' title='bbox 1031 399 1193 438; x_wconf 86' lang='lat' dir='ltr'>intuenti</span> <span class='ocrx_word' id='word_1_31' title='bbox 1225 401 1326 441; x_wconf 77' lang='lat' dir='ltr'>visus</span> <span class='ocrx_word' id='word_1_32' title='bbox 1351 412 1421 444; x_wconf 84' lang='lat' dir='ltr'>est.</span> <span class='ocrx_word' id='word_1_33' title='bbox 1447 403 1562 451; x_wconf 85' lang='lat' dir='ltr'>Quod</span> 
     </span>
     <span class='ocr_line' id='line_1_5' title="bbox 86 458 1564 516; baseline 0.006 -20"><span class='ocrx_word' id='word_1_34' title='bbox 86 472 155 496; x_wconf 84' lang='lat' dir='ltr'>nos</span> <span class='ocrx_word' id='word_1_35' title='bbox 190 458 224 496; x_wconf 87' lang='lat' dir='ltr'>ei</span> <span class='ocrx_word' id='word_1_36' title='bbox 260 472 499 510; x_wconf 73' lang='lat' dir='ltr'>nequaquam</span> <span class='ocrx_word' id='word_1_37' title='bbox 533 459 628 496; x_wconf 84' lang='lat' dir='ltr'>vitio</span> <span class='ocrx_word' id='word_1_38' title='bbox 656 459 810 506; x_wconf 81' lang='lat' dir='ltr'>damus3</span> <span class='ocrx_word' id='word_1_39' title='bbox 843 460 909 498; x_wconf 88' lang='lat' dir='ltr'>sed</span> <span class='ocrx_word' id='word_1_40' title='bbox 940 461 1059 512; x_wconf 82' lang='lat' dir='ltr'>magis</span> <span class='ocrx_word' id='word_1_41' title='bbox 1095 462 1352 513; x_wconf 78' lang='lat' dir='ltr'><strong>gratulamur,</strong></span> <span class='ocrx_word' id='word_1_42' title='bbox 1382 466 1485 516; x_wconf 86' lang='lat' dir='ltr'>quod</span> <span class='ocrx_word' id='word_1_43' title='bbox 1511 466 1564 505; x_wconf 85' lang='lat' dir='ltr'>sic</span> 
     </span>
     <span class='ocr_line' id='line_1_6' title="bbox 90 523 1563 575; baseline 0.005 -15"><span class='ocrx_word' id='word_1_44' title='bbox 90 523 224 572; x_wconf 78' lang='lat' dir='ltr'>integri</span> <span class='ocrx_word' id='word_1_45' title='bbox 245 524 322 562; x_wconf 82' lang='lat' dir='ltr'>sere</span> <span class='ocrx_word' id='word_1_46' title='bbox 344 524 390 561; x_wconf 88' lang='lat' dir='ltr'>ad</span> <span class='ocrx_word' id='word_1_47' title='bbox 415 537 484 562; x_wconf 91' lang='lat' dir='ltr'>nos</span> <span class='ocrx_word' id='word_1_48' title='bbox 512 525 758 575; x_wconf 76' lang='lat' dir='ltr'>pervenerint</span> <span class='ocrx_word' id='word_1_49' title='bbox 787 524 968 575; x_wconf 79' lang='lat' dir='ltr'>Sibyllini</span> <span class='ocrx_word' id='word_1_50' title='bbox 999 525 1104 566; x_wconf 87' lang='lat' dir='ltr'>libri.</span> <span class='ocrx_word' id='word_1_51' title='bbox 1133 527 1188 565; x_wconf 84' lang='lat' dir='ltr'>Ea</span> <span class='ocrx_word' id='word_1_52' title='bbox 1213 526 1326 565; x_wconf 90' lang='lat' dir='ltr'>nobis</span> <span class='ocrx_word' id='word_1_53' title='bbox 1353 529 1468 568; x_wconf 84' lang='lat' dir='ltr'>totius</span> <span class='ocrx_word' id='word_1_54' title='bbox 1488 530 1563 568; x_wconf 88' lang='lat' dir='ltr'>ho-</span> 
     </span>
     <span class='ocr_line' id='line_1_7' title="bbox 47 583 1566 642; baseline 0.005 -17"><span class='ocrx_word' id='word_1_55' title='bbox 47 583 51 586; x_wconf 34' lang='lat'><em>*</em></span> <span class='ocrx_word' id='word_1_56' title='bbox 86 588 229 626; x_wconf 83' lang='lat' dir='ltr'>diernae</span> <span class='ocrx_word' id='word_1_57' title='bbox 247 588 484 626; x_wconf 73' lang='lat' dir='ltr'>collectionis</span> <span class='ocrx_word' id='word_1_58' title='bbox 509 588 618 639; x_wconf 76' lang='lat' dir='ltr'>origo</span> <span class='ocrx_word' id='word_1_59' title='bbox 640 602 729 626; x_wconf 82' lang='lat' dir='ltr'>vera</span> <span class='ocrx_word' id='word_1_60' title='bbox 747 599 822 628; x_wconf 90' lang='lat' dir='ltr'>est:</span> <span class='ocrx_word' id='word_1_61' title='bbox 843 603 958 641; x_wconf 82' lang='lat' dir='ltr'>quam</span> <span class='ocrx_word' id='word_1_62' title='bbox 978 590 1133 641; x_wconf 86' lang='lat' dir='ltr'>quidem</span> <span class='ocrx_word' id='word_1_63' title='bbox 1158 591 1403 642; x_wconf 87' lang='lat' dir='ltr'>epitomatori</span> <span class='ocrx_word' id='word_1_64' title='bbox 1432 602 1566 632; x_wconf 83' lang='lat' dir='ltr'>nostro</span> 
     </span>
     <span class='ocr_line' id='line_1_8' title="bbox 86 652 1379 706; baseline 0.005 -16"><span class='ocrx_word' id='word_1_65' title='bbox 86 662 202 691; x_wconf 85' lang='lat' dir='ltr'>totam</span> <span class='ocrx_word' id='word_1_66' title='bbox 226 666 334 703; x_wconf 83' lang='lat' dir='ltr'>paene</span> <span class='ocrx_word' id='word_1_67' title='bbox 354 652 511 699; x_wconf 86' lang='lat' dir='ltr'>deberi,</span> <span class='ocrx_word' id='word_1_68' title='bbox 532 654 645 691; x_wconf 84' lang='lat' dir='ltr'>etiam</span> <span class='ocrx_word' id='word_1_69' title='bbox 668 668 688 691; x_wconf 89' lang='lat' dir='ltr'>e</span> <span class='ocrx_word' id='word_1_70' title='bbox 709 655 886 704; x_wconf 80' lang='lat' dir='ltr'>proximo</span> <span class='ocrx_word' id='word_1_71' title='bbox 908 656 1033 706; x_wconf 85' lang='lat' dir='ltr'>capite</span> <span class='ocrx_word' id='word_1_72' title='bbox 1059 656 1176 706; x_wconf 82' lang='lat' dir='ltr'>magis</span> <span class='ocrx_word' id='word_1_73' title='bbox 1198 656 1379 696; x_wconf 84' lang='lat' dir='ltr'>elucebit.</span> 
     </span>
    </p>
   </div>
   <div class='ocr_carea' id='block_1_3' title="bbox 782 790 868 799">
    <p class='ocr_par' dir='ltr' id='par_1_3' title="bbox 782 790 868 799">
     <span class='ocr_line' id='line_1_9' title="bbox 782 790 868 799; baseline 0.023 -2"><span class='ocrx_word' id='word_1_74' title='bbox 782 790 868 799; x_wconf 73' lang='lat'>—-.</span> 
     </span>
    </p>
   </div>
   <div class='ocr_carea' id='block_1_4' title="bbox 83 880 1574 985">
    <p class='ocr_par' dir='ltr' id='par_1_4' title="bbox 83 880 1574 985">
     <span class='ocr_line' id='line_1_10' title="bbox 83 880 1574 935; baseline 0.003 -17"><span class='ocrx_word' id='word_1_75' title='bbox 83 881 190 918; x_wconf 78' lang='lat' dir='ltr'><strong>CAP.</strong></span> <span class='ocrx_word' id='word_1_76' title='bbox 223 881 340 919; x_wconf 83' lang='lat' dir='ltr'>XVll.</span> <span class='ocrx_word' id='word_1_77' title='bbox 371 883 428 918; x_wconf 85' lang='lat' dir='ltr'>De</span> <span class='ocrx_word' id='word_1_78' title='bbox 458 883 578 918; x_wconf 76' lang='lat' dir='ltr'>variis</span> <span class='ocrx_word' id='word_1_79' title='bbox 614 880 878 930; x_wconf 76' lang='lat' dir='ltr'>Sibyllinorum</span> <span class='ocrx_word' id='word_1_80' title='bbox 920 882 1099 920; x_wconf 82' lang='lat' dir='ltr'>librorum</span> <span class='ocrx_word' id='word_1_81' title='bbox 1132 883 1425 932; x_wconf 73' lang='lat' dir='ltr'>collectionibus,</span> <span class='ocrx_word' id='word_1_82' title='bbox 1455 886 1574 935; x_wconf 79' lang='lat' dir='ltr'>deque</span> 
     </span>
     <span class='ocr_line' id='line_1_11' title="bbox 572 948 1079 985; baseline 0.006 -3"><span class='ocrx_word' id='word_1_83' title='bbox 572 959 696 982; x_wconf 82' lang='lat' dir='ltr'>eorum</span> <span class='ocrx_word' id='word_1_84' title='bbox 718 960 868 984; x_wconf 76' lang='lat' dir='ltr'>munem</span> <span class='ocrx_word' id='word_1_85' title='bbox 888 956 924 984; x_wconf 71' lang='lat' dir='ltr'>et</span> <span class='ocrx_word' id='word_1_86' title='bbox 941 948 1079 985; x_wconf 76' lang='lat' dir='ltr'>ordine.</span> 
     </span>
    </p>
   </div>
   <div class='ocr_carea' id='block_1_5' title="bbox 77 1065 1608 2942">
    <p class='ocr_par' dir='ltr' id='par_1_5' title="bbox 83 1065 1572 1248">
     <span class='ocr_line' id='line_1_12' title="bbox 136 1065 1570 1120; baseline 0.002 -16"><span class='ocrx_word' id='word_1_87' title='bbox 136 1066 177 1104; x_wconf 91' lang='lat' dir='ltr'>ln</span> <span class='ocrx_word' id='word_1_88' title='bbox 195 1066 266 1104; x_wconf 84' lang='lat' dir='ltr'>hac</span> <span class='ocrx_word' id='word_1_89' title='bbox 283 1079 375 1117; x_wconf 76' lang='lat' dir='ltr'>ergo</span> <span class='ocrx_word' id='word_1_90' title='bbox 392 1065 579 1116; x_wconf 89' lang='lat' dir='ltr'>Sibyllina</span> <span class='ocrx_word' id='word_1_91' title='bbox 594 1066 821 1104; x_wconf 67' lang='lat' dir='ltr'>collectione</span> <span class='ocrx_word' id='word_1_92' title='bbox 839 1066 1052 1105; x_wconf 84' lang='lat' dir='ltr'>ordinanda</span> <span class='ocrx_word' id='word_1_93' title='bbox 1069 1068 1162 1118; x_wconf 87' lang='lat' dir='ltr'>quid</span> <span class='ocrx_word' id='word_1_94' title='bbox 1180 1068 1295 1107; x_wconf 83' lang='lat' dir='ltr'>suerit</span> <span class='ocrx_word' id='word_1_95' title='bbox 1314 1069 1570 1120; x_wconf 80' lang='lat' dir='ltr'>praestandum</span> 
     </span>
     <span class='ocr_line' id='line_1_13' title="bbox 83 1131 1572 1187; baseline 0.002 -17"><span class='ocrx_word' id='word_1_96' title='bbox 83 1132 220 1170; x_wconf 88' lang='lat' dir='ltr'>editori</span> <span class='ocrx_word' id='word_1_97' title='bbox 244 1131 402 1183; x_wconf 80' lang='lat' dir='ltr'>antiquo</span> <span class='ocrx_word' id='word_1_98' title='bbox 426 1132 553 1170; x_wconf 77' lang='lat' dir='ltr'>saeculi</span> <span class='ocrx_word' id='word_1_99' title='bbox 574 1132 620 1170; x_wconf 86' lang='lat' dir='ltr'>Vl</span> <span class='ocrx_word' id='word_1_100' title='bbox 639 1160 649 1178; x_wconf 92' lang='lat'>,</span> <span class='ocrx_word' id='word_1_101' title='bbox 671 1140 737 1169; x_wconf 85' lang='lat' dir='ltr'>aut</span> <span class='ocrx_word' id='word_1_102' title='bbox 757 1131 850 1183; x_wconf 83' lang='lat' dir='ltr'>quid</span> <span class='ocrx_word' id='word_1_103' title='bbox 882 1132 995 1184; x_wconf 85' lang='lat' dir='ltr'>hujus</span> <span class='ocrx_word' id='word_1_104' title='bbox 1018 1133 1122 1171; x_wconf 91' lang='lat' dir='ltr'>modi</span> <span class='ocrx_word' id='word_1_105' title='bbox 1143 1146 1220 1185; x_wconf 85' lang='lat' dir='ltr'>prae</span> <span class='ocrx_word' id='word_1_106' title='bbox 1246 1148 1286 1171; x_wconf 90' lang='lat' dir='ltr'>se</span> <span class='ocrx_word' id='word_1_107' title='bbox 1312 1143 1487 1187; x_wconf 82' lang='lat' dir='ltr'>paratum</span> <span class='ocrx_word' id='word_1_108' title='bbox 1514 1135 1572 1173; x_wconf 92' lang='lat' dir='ltr'>in-</span> 
     </span>
     <span class='ocr_line' id='line_1_14' title="bbox 84 1197 994 1248; baseline 0.001 -13"><span class='ocrx_word' id='word_1_109' title='bbox 84 1197 248 1247; x_wconf 86' lang='lat' dir='ltr'>venerit,</span> <span class='ocrx_word' id='word_1_110' title='bbox 267 1210 370 1236; x_wconf 88' lang='lat' dir='ltr'>nunc</span> <span class='ocrx_word' id='word_1_111' title='bbox 396 1205 452 1235; x_wconf 87' lang='lat' dir='ltr'>est</span> <span class='ocrx_word' id='word_1_112' title='bbox 476 1197 690 1235; x_wconf 78' lang='lat' dir='ltr'>accuratius</span> <span class='ocrx_word' id='word_1_113' title='bbox 711 1197 994 1248; x_wconf 85' lang='lat' dir='ltr'>inquirendum.</span> 
     </span>
    </p>

    <p class='ocr_par' dir='ltr' id='par_1_6' title="bbox 77 1261 1573 2746">
     <span class='ocr_line' id='line_1_15' title="bbox 135 1261 1573 1313; baseline 0.003 -13"><span class='ocrx_word' id='word_1_114' title='bbox 135 1263 295 1302; x_wconf 85' lang='lat' dir='ltr'>Constat</span> <span class='ocrx_word' id='word_1_115' title='bbox 316 1262 352 1301; x_wconf 90' lang='lat' dir='ltr'>id</span> <span class='ocrx_word' id='word_1_116' title='bbox 382 1262 488 1313; x_wconf 86' lang='lat' dir='ltr'>quod</span> <span class='ocrx_word' id='word_1_117' title='bbox 507 1263 586 1312; x_wconf 82' lang='lat' dir='ltr'>jam</span> <span class='ocrx_word' id='word_1_118' title='bbox 623 1261 714 1300; x_wconf 89' lang='lat' dir='ltr'>olim</span> <span class='ocrx_word' id='word_1_119' title='bbox 742 1262 834 1301; x_wconf 84' lang='lat' dir='ltr'>alias</span> <span class='ocrx_word' id='word_1_120' title='bbox 858 1273 896 1301; x_wconf 90' lang='lat' dir='ltr'>et</span> <span class='ocrx_word' id='word_1_121' title='bbox 916 1264 953 1301; x_wconf 92' lang='lat' dir='ltr'>in</span> <span class='ocrx_word' id='word_1_122' title='bbox 976 1263 1076 1302; x_wconf 90' lang='lat' dir='ltr'>notis</span> <span class='ocrx_word' id='word_1_123' title='bbox 1098 1263 1144 1302; x_wconf 89' lang='lat' dir='ltr'>ad</span> <span class='ocrx_word' id='word_1_124' title='bbox 1169 1263 1440 1303; x_wconf 83' lang='lat' dir='ltr'>Praefationem</span> <span class='ocrx_word' id='word_1_125' title='bbox 1468 1266 1573 1304; x_wconf 78' lang='lat' dir='ltr'>Ano·</span> 
     </span>
     <span class='ocr_line' id='line_1_16' title="bbox 83 1327 1572 1379; baseline 0 -12"><span class='ocrx_word' id='word_1_126' title='bbox 83 1329 187 1379; x_wconf 87' lang='lat' dir='ltr'>nymi</span> <span class='ocrx_word' id='word_1_127' title='bbox 207 1328 437 1372; x_wconf 87' lang='lat' dir='ltr'>monuimus,</span> <span class='ocrx_word' id='word_1_128' title='bbox 459 1327 649 1366; x_wconf 86' lang='lat' dir='ltr'>Lactantii</span> <span class='ocrx_word' id='word_1_129' title='bbox 677 1337 850 1379; x_wconf 81' lang='lat' dir='ltr'>tempore</span> <span class='ocrx_word' id='word_1_130' title='bbox 865 1327 1053 1379; x_wconf 85' lang='lat' dir='ltr'>Sibyllina</span> <span class='ocrx_word' id='word_1_131' title='bbox 1072 1328 1380 1368; x_wconf 87' lang='lat' dir='ltr'>Christianorum</span> <span class='ocrx_word' id='word_1_132' title='bbox 1403 1329 1572 1367; x_wconf 80' lang='lat' dir='ltr'>carmina</span> 
     </span>
     <span class='ocr_line' id='line_1_17' title="bbox 83 1382 1573 1444; baseline 0.001 -13"><span class='ocrx_word' id='word_1_133' title='bbox 83 1394 229 1444; x_wconf 74' lang='lat' dir='ltr'>singula</span> <span class='ocrx_word' id='word_1_134' title='bbox 253 1393 413 1431; x_wconf 84' lang='lat' dir='ltr'>seorsim</span> <span class='ocrx_word' id='word_1_135' title='bbox 434 1407 478 1432; x_wconf 88' lang='lat' dir='ltr'>ac</span> <span class='ocrx_word' id='word_1_136' title='bbox 498 1393 606 1431; x_wconf 88' lang='lat' dir='ltr'>nullo</span> <span class='ocrx_word' id='word_1_137' title='bbox 627 1392 765 1431; x_wconf 87' lang='lat' dir='ltr'>ordine</span> <span class='ocrx_word' id='word_1_138' title='bbox 792 1382 862 1444; x_wconf 78' lang='lat' dir='ltr'>legi</span> <span class='ocrx_word' id='word_1_139' title='bbox 881 1394 990 1431; x_wconf 87' lang='lat' dir='ltr'>solita</span> <span class='ocrx_word' id='word_1_140' title='bbox 1012 1407 1115 1442; x_wconf 85' lang='lat' dir='ltr'>esse,</span> <span class='ocrx_word' id='word_1_141' title='bbox 1145 1394 1335 1432; x_wconf 82' lang='lat' dir='ltr'>distinctis</span> <span class='ocrx_word' id='word_1_142' title='bbox 1358 1403 1507 1433; x_wconf 81' lang='lat' dir='ltr'>tantum</span> <span class='ocrx_word' id='word_1_143' title='bbox 1536 1404 1573 1434; x_wconf 89' lang='lat' dir='ltr'>et</span> 
     </span>
     <span class='ocr_line' id='line_1_18' title="bbox 84 1457 1572 1511; baseline 0.001 -15"><span class='ocrx_word' id='word_1_144' title='bbox 84 1457 246 1511; x_wconf 87' lang='lat' dir='ltr'>proprio</span> <span class='ocrx_word' id='word_1_145' title='bbox 265 1458 376 1496; x_wconf 89' lang='lat' dir='ltr'>titulo</span> <span class='ocrx_word' id='word_1_146' title='bbox 397 1457 608 1510; x_wconf 76' lang='lat' dir='ltr'>designatis</span> <span class='ocrx_word' id='word_1_147' title='bbox 632 1471 717 1509; x_wconf 79' lang='lat' dir='ltr'>quae</span> <span class='ocrx_word' id='word_1_148' title='bbox 742 1470 821 1509; x_wconf 80' lang='lat' dir='ltr'>prae</span> <span class='ocrx_word' id='word_1_149' title='bbox 840 1457 980 1496; x_wconf 85' lang='lat' dir='ltr'>ceteris</span> <span class='ocrx_word' id='word_1_150' title='bbox 1003 1457 1212 1509; x_wconf 80' lang='lat' dir='ltr'>Erythraeae</span> <span class='ocrx_word' id='word_1_151' title='bbox 1237 1458 1394 1510; x_wconf 83' lang='lat' dir='ltr'>Sibyllae</span> <span class='ocrx_word' id='word_1_152' title='bbox 1422 1458 1572 1497; x_wconf 83' lang='lat' dir='ltr'>tribue-</span> 
     </span>
     <span class='ocr_line' id='line_1_19' title="bbox 83 1522 1570 1574; baseline 0.001 -14"><span class='ocrx_word' id='word_1_153' title='bbox 83 1523 235 1561; x_wconf 82' lang='lat' dir='ltr'>bantur.</span> <span class='ocrx_word' id='word_1_154' title='bbox 268 1523 326 1561; x_wconf 89' lang='lat' dir='ltr'>De</span> <span class='ocrx_word' id='word_1_155' title='bbox 350 1535 429 1574; x_wconf 90' lang='lat' dir='ltr'>quo</span> <span class='ocrx_word' id='word_1_156' title='bbox 447 1531 572 1561; x_wconf 83' lang='lat' dir='ltr'>tamen</span> <span class='ocrx_word' id='word_1_157' title='bbox 599 1522 840 1561; x_wconf 80' lang='lat' dir='ltr'>Lactantium</span> <span class='ocrx_word' id='word_1_158' title='bbox 869 1523 994 1573; x_wconf 81' lang='lat' dir='ltr'>ipsum</span> <span class='ocrx_word' id='word_1_159' title='bbox 1025 1535 1157 1560; x_wconf 86' lang='lat' dir='ltr'>rursus</span> <span class='ocrx_word' id='word_1_160' title='bbox 1179 1522 1314 1561; x_wconf 84' lang='lat' dir='ltr'>audire</span> <span class='ocrx_word' id='word_1_161' title='bbox 1329 1523 1460 1574; x_wconf 88' lang='lat' dir='ltr'>juvet,</span> <span class='ocrx_word' id='word_1_162' title='bbox 1483 1523 1570 1562; x_wconf 87' lang='lat' dir='ltr'>Div.</span> 
     </span>
     <span class='ocr_line' id='line_1_20' title="bbox 83 1586 1570 1639; baseline 0 -12"><span class='ocrx_word' id='word_1_163' title='bbox 83 1589 169 1627; x_wconf 89' lang='lat' dir='ltr'>lnst.</span> <span class='ocrx_word' id='word_1_164' title='bbox 190 1587 261 1628; x_wconf 88' lang='lat' dir='ltr'>lib.</span> <span class='ocrx_word' id='word_1_165' title='bbox 280 1588 314 1635; x_wconf 87' lang='lat' dir='ltr'>l,</span> <span class='ocrx_word' id='word_1_166' title='bbox 339 1601 422 1639; x_wconf 79' lang='lat' dir='ltr'>cap.</span> <span class='ocrx_word' id='word_1_167' title='bbox 442 1588 680 1626; x_wconf 70' lang='lat' dir='ltr'>6:1‹llarum</span> <span class='ocrx_word' id='word_1_168' title='bbox 696 1619 704 1635; x_wconf 89' lang='lat'><em>‚</em></span> <span class='ocrx_word' id='word_1_169' title='bbox 727 1587 877 1638; x_wconf 87' lang='lat' dir='ltr'>inquit,</span> <span class='ocrx_word' id='word_1_170' title='bbox 895 1589 1069 1625; x_wconf 87' lang='lat' dir='ltr'>omnium</span> <span class='ocrx_word' id='word_1_171' title='bbox 1087 1586 1320 1639; x_wconf 82' lang='lat' dir='ltr'>Sibyllarum</span> <span class='ocrx_word' id='word_1_172' title='bbox 1346 1588 1516 1627; x_wconf 87' lang='lat' dir='ltr'>carmina</span> <span class='ocrx_word' id='word_1_173' title='bbox 1533 1596 1570 1627; x_wconf 84' lang='lat' dir='ltr'>et</span> 
     </span>
     <span class='ocr_line' id='line_1_21' title="bbox 81 1652 1570 1704; baseline -0.001 -12"><span class='ocrx_word' id='word_1_174' title='bbox 81 1672 95 1687; x_wconf 74' lang='lat' dir='ltr'><em>u</em></span> <span class='ocrx_word' id='word_1_175' title='bbox 112 1654 288 1692; x_wconf 85' lang='lat' dir='ltr'>feruntur</span> <span class='ocrx_word' id='word_1_176' title='bbox 320 1662 358 1692; x_wconf 89' lang='lat' dir='ltr'>et</span> <span class='ocrx_word' id='word_1_177' title='bbox 381 1652 587 1699; x_wconf 84' lang='lat' dir='ltr'>habentur,</span> <span class='ocrx_word' id='word_1_178' title='bbox 614 1662 867 1704; x_wconf 58' lang='lat' dir='ltr'>praeterquam</span> <span class='ocrx_word' id='word_1_179' title='bbox 895 1654 1077 1700; x_wconf 79' lang='lat' dir='ltr'>Cumaeae,</span> <span class='ocrx_word' id='word_1_180' title='bbox 1098 1652 1208 1704; x_wconf 87' lang='lat' dir='ltr'>cujus</span> <span class='ocrx_word' id='word_1_181' title='bbox 1231 1652 1319 1691; x_wconf 85' lang='lat' dir='ltr'>libri</span> <span class='ocrx_word' id='word_1_182' title='bbox 1346 1666 1366 1691; x_wconf 91' lang='lat' dir='ltr'>a</span> <span class='ocrx_word' id='word_1_183' title='bbox 1387 1652 1570 1692; x_wconf 82' lang='lat' dir='ltr'>Romanis</span> 
     </span>
     <span class='ocr_line' id='line_1_22' title="bbox 81 1717 1569 1770; baseline -0.001 -13"><span class='ocrx_word' id='word_1_184' title='bbox 81 1738 94 1753; x_wconf 87' lang='lat'>«</span> <span class='ocrx_word' id='word_1_185' title='bbox 114 1721 346 1758; x_wconf 89' lang='lat' dir='ltr'>occuluntur</span> <span class='ocrx_word' id='word_1_186' title='bbox 361 1748 371 1758; x_wconf 88' lang='lat'>.</span> <span class='ocrx_word' id='word_1_187' title='bbox 389 1748 398 1757; x_wconf 93' lang='lat'>.</span> <span class='ocrx_word' id='word_1_188' title='bbox 417 1748 425 1757; x_wconf 93' lang='lat'><em>.</em></span> <span class='ocrx_word' id='word_1_189' title='bbox 444 1719 491 1758; x_wconf 85' lang='lat' dir='ltr'>Et</span> <span class='ocrx_word' id='word_1_190' title='bbox 511 1728 602 1757; x_wconf 91' lang='lat' dir='ltr'>sunt</span> <span class='ocrx_word' id='word_1_191' title='bbox 636 1718 876 1770; x_wconf 78' lang='lat' dir='ltr'>singularum</span> <span class='ocrx_word' id='word_1_192' title='bbox 898 1718 1038 1769; x_wconf 76' lang='lat' dir='ltr'>singuli</span> <span class='ocrx_word' id='word_1_193' title='bbox 1068 1717 1178 1767; x_wconf 87' lang='lat' dir='ltr'>libri,</span> <span class='ocrx_word' id='word_1_194' title='bbox 1206 1719 1273 1769; x_wconf 85' lang='lat' dir='ltr'>qui</span> <span class='ocrx_word' id='word_1_195' title='bbox 1303 1719 1391 1770; x_wconf 86' lang='lat' dir='ltr'>quia</span> <span class='ocrx_word' id='word_1_196' title='bbox 1416 1717 1569 1770; x_wconf 75' lang='lat' dir='ltr'>Sibyllae</span> 
     </span>
     <span class='ocr_line' id='line_1_23' title="bbox 79 1783 1567 1835; baseline -0.001 -12"><span class='ocrx_word' id='word_1_197' title='bbox 79 1803 92 1819; x_wconf 71' lang='lat' dir='ltr'>a</span> <span class='ocrx_word' id='word_1_198' title='bbox 110 1785 271 1831; x_wconf 15' lang='lat' dir='ltr'>nomine,</span> <span class='ocrx_word' id='word_1_199' title='bbox 291 1783 570 1833; x_wconf 87' lang='lat' dir='ltr'>inscribuntur,</span> <span class='ocrx_word' id='word_1_200' title='bbox 600 1784 713 1822; x_wconf 89' lang='lat' dir='ltr'>unius</span> <span class='ocrx_word' id='word_1_201' title='bbox 741 1797 823 1823; x_wconf 85' lang='lat' dir='ltr'>esse</span> <span class='ocrx_word' id='word_1_202' title='bbox 848 1783 1082 1831; x_wconf 72' lang='lat' dir='ltr'>credunmr3</span> <span class='ocrx_word' id='word_1_203' title='bbox 1102 1793 1269 1835; x_wconf 72' lang='lat' dir='ltr'>suntque</span> <span class='ocrx_word' id='word_1_204' title='bbox 1296 1783 1469 1831; x_wconf 80' lang='lat' dir='ltr'>confusi,</span> <span class='ocrx_word' id='word_1_205' title='bbox 1497 1796 1567 1822; x_wconf 83' lang='lat' dir='ltr'>nec</span> 
     </span>
     <span class='ocr_line' id='line_1_24' title="bbox 80 1849 1564 1901; baseline -0.002 -12"><span class='ocrx_word' id='word_1_206' title='bbox 80 1851 276 1889; x_wconf 80' lang='lat' dir='ltr'>«discerni</span> <span class='ocrx_word' id='word_1_207' title='bbox 307 1865 350 1889; x_wconf 84' lang='lat' dir='ltr'>ac</span> <span class='ocrx_word' id='word_1_208' title='bbox 381 1863 491 1888; x_wconf 87' lang='lat' dir='ltr'>suum</span> <span class='ocrx_word' id='word_1_209' title='bbox 517 1850 657 1900; x_wconf 88' lang='lat' dir='ltr'>cuique</span> <span class='ocrx_word' id='word_1_210' title='bbox 676 1850 860 1900; x_wconf 73' lang='lat' dir='ltr'>assignari</span> <span class='ocrx_word' id='word_1_211' title='bbox 889 1858 1038 1900; x_wconf 85' lang='lat' dir='ltr'>potest,</span> <span class='ocrx_word' id='word_1_212' title='bbox 1073 1849 1144 1886; x_wconf 87' lang='lat' dir='ltr'>nisi</span> <span class='ocrx_word' id='word_1_213' title='bbox 1169 1849 1389 1899; x_wconf 65' lang='lat' dir='ltr'>Erythraeae,</span> <span class='ocrx_word' id='word_1_214' title='bbox 1421 1862 1507 1901; x_wconf 80' lang='lat' dir='ltr'>quae</span> <span class='ocrx_word' id='word_1_215' title='bbox 1527 1857 1564 1887; x_wconf 89' lang='lat' dir='ltr'>et</span> 
     </span>
     <span class='ocr_line' id='line_1_25' title="bbox 80 1914 1565 1960; baseline -0.001 -8"><span class='ocrx_word' id='word_1_216' title='bbox 80 1934 94 1950; x_wconf 81' lang='grc' dir='ltr'>ι</span> <span class='ocrx_word' id='word_1_217' title='bbox 113 1929 251 1954; x_wconf 87' lang='lat' dir='ltr'>nomen</span> <span class='ocrx_word' id='word_1_218' title='bbox 269 1928 380 1953; x_wconf 86' lang='lat' dir='ltr'>suum</span> <span class='ocrx_word' id='word_1_219' title='bbox 402 1928 537 1953; x_wconf 92' lang='lat' dir='ltr'>verum</span> <span class='ocrx_word' id='word_1_220' title='bbox 562 1914 724 1953; x_wconf 83' lang='lat' dir='ltr'>carmini</span> <span class='ocrx_word' id='word_1_221' title='bbox 752 1914 961 1954; x_wconf 73' lang='lat' dir='ltr'>inseruit».</span> <span class='ocrx_word' id='word_1_222' title='bbox 981 1916 1105 1953; x_wconf 86' lang='lat' dir='ltr'>Porro</span> <span class='ocrx_word' id='word_1_223' title='bbox 1128 1914 1222 1952; x_wconf 80' lang='lat' dir='ltr'>illud</span> <span class='ocrx_word' id='word_1_224' title='bbox 1250 1928 1380 1952; x_wconf 87' lang='lat' dir='ltr'>revera</span> <span class='ocrx_word' id='word_1_225' title='bbox 1410 1927 1565 1960; x_wconf 85' lang='lat' dir='ltr'>nomen,</span> 
     </span>
     <span class='ocr_line' id='line_1_26' title="bbox 79 1972 1561 2032; baseline -0.003 -12"><span class='ocrx_word' id='word_1_226' title='bbox 79 1982 110 2020; x_wconf 92' lang='lat' dir='ltr'>si</span> <span class='ocrx_word' id='word_1_227' title='bbox 136 1995 211 2020; x_wconf 90' lang='lat' dir='ltr'>non</span> <span class='ocrx_word' id='word_1_228' title='bbox 239 1980 448 2032; x_wconf 81' lang='lat' dir='ltr'>Erythraeae</span> <span class='ocrx_word' id='word_1_229' title='bbox 474 1979 642 2030; x_wconf 79' lang='lat' dir='ltr'>Sibyllae,</span> <span class='ocrx_word' id='word_1_230' title='bbox 674 1979 805 2017; x_wconf 76' lang='lat' dir='ltr'>saltem</span> <span class='ocrx_word' id='word_1_231' title='bbox 835 1979 1091 2030; x_wconf 77' lang='lat' dir='ltr'>Erythrarum</span> <span class='ocrx_word' id='word_1_232' title='bbox 1109 1979 1191 2030; x_wconf 89' lang='lat' dir='ltr'>ejus</span> <span class='ocrx_word' id='word_1_233' title='bbox 1214 1978 1360 2029; x_wconf 61' lang='lat' dir='ltr'>patriae,</span> <span class='ocrx_word' id='word_1_234' title='bbox 1379 1972 1561 2018; x_wconf 63' lang='lat' dir='ltr'>insci-tuin</span> 
     </span>
     <span class='ocr_line' id='line_1_27' title="bbox 82 2044 1560 2099; baseline -0.003 -14"><span class='ocrx_word' id='word_1_235' title='bbox 82 2047 219 2099; x_wconf 81' lang='lat' dir='ltr'>legitur</span> <span class='ocrx_word' id='word_1_236' title='bbox 235 2078 243 2094; x_wconf 88' lang='lat'>‚</span> <span class='ocrx_word' id='word_1_237' title='bbox 264 2047 320 2085; x_wconf 89' lang='lat' dir='ltr'>uti</span> <span class='ocrx_word' id='word_1_238' title='bbox 346 2046 426 2097; x_wconf 77' lang='lat' dir='ltr'>jam</span> <span class='ocrx_word' id='word_1_239' title='bbox 450 2046 541 2083; x_wconf 90' lang='lat' dir='ltr'>olim</span> <span class='ocrx_word' id='word_1_240' title='bbox 568 2045 805 2090; x_wconf 88' lang='lat' dir='ltr'>notavimus,</span> <span class='ocrx_word' id='word_1_241' title='bbox 825 2045 938 2082; x_wconf 90' lang='lat' dir='ltr'>tertio</span> <span class='ocrx_word' id='word_1_242' title='bbox 961 2044 1087 2092; x_wconf 88' lang='lat' dir='ltr'>libro,</span> <span class='ocrx_word' id='word_1_243' title='bbox 1115 2044 1185 2082; x_wconf 90' lang='lat' dir='ltr'>sub</span> <span class='ocrx_word' id='word_1_244' title='bbox 1207 2045 1331 2082; x_wconf 83' lang='lat' dir='ltr'>finem.</span> <span class='ocrx_word' id='word_1_245' title='bbox 1349 2044 1457 2082; x_wconf 87' lang='lat' dir='ltr'>Nunc</span> <span class='ocrx_word' id='word_1_246' title='bbox 1479 2044 1560 2082; x_wconf 88' lang='lat' dir='ltr'>isne</span> 
     </span>
     <span class='ocr_line' id='line_1_28' title="bbox 78 2109 1561 2161; baseline -0.001 -13"><span class='ocrx_word' id='word_1_247' title='bbox 78 2110 173 2150; x_wconf 89' lang='lat' dir='ltr'>liber</span> <span class='ocrx_word' id='word_1_248' title='bbox 187 2111 303 2159; x_wconf 87' lang='lat' dir='ltr'>solus,</span> <span class='ocrx_word' id='word_1_249' title='bbox 321 2124 368 2148; x_wconf 89' lang='lat' dir='ltr'>an</span> <span class='ocrx_word' id='word_1_250' title='bbox 383 2110 446 2148; x_wconf 86' lang='lat' dir='ltr'>alii</span> <span class='ocrx_word' id='word_1_251' title='bbox 464 2124 550 2148; x_wconf 88' lang='lat' dir='ltr'>enm</span> <span class='ocrx_word' id='word_1_252' title='bbox 568 2123 614 2148; x_wconf 87' lang='lat' dir='ltr'>eo</span> <span class='ocrx_word' id='word_1_253' title='bbox 627 2110 700 2149; x_wconf 91' lang='lat' dir='ltr'>sub</span> <span class='ocrx_word' id='word_1_254' title='bbox 719 2110 929 2161; x_wconf 80' lang='lat' dir='ltr'>Erythraeae</span> <span class='ocrx_word' id='word_1_255' title='bbox 943 2111 1098 2148; x_wconf 88' lang='lat' dir='ltr'>nomine</span> <span class='ocrx_word' id='word_1_256' title='bbox 1111 2109 1387 2161; x_wconf 84' lang='lat' dir='ltr'>comprehendi</span> <span class='ocrx_word' id='word_1_257' title='bbox 1402 2118 1481 2147; x_wconf 91' lang='lat' dir='ltr'>tum</span> <span class='ocrx_word' id='word_1_258' title='bbox 1501 2123 1561 2147; x_wconf 88' lang='lat' dir='ltr'>so-</span> 
     </span>
     <span class='ocr_line' id='line_1_29' title="bbox 78 2174 1558 2227; baseline -0.001 -14"><span class='ocrx_word' id='word_1_259' title='bbox 78 2177 220 2223; x_wconf 88' lang='lat' dir='ltr'>lerent,</span> <span class='ocrx_word' id='word_1_260' title='bbox 245 2189 446 2227; x_wconf 85' lang='lat' dir='ltr'>possumus</span> <span class='ocrx_word' id='word_1_261' title='bbox 465 2174 513 2213; x_wconf 86' lang='lat' dir='ltr'>ab</span> <span class='ocrx_word' id='word_1_262' title='bbox 542 2174 678 2213; x_wconf 84' lang='lat' dir='ltr'>eodem</span> <span class='ocrx_word' id='word_1_263' title='bbox 709 2175 907 2213; x_wconf 83' lang='lat' dir='ltr'>Lactantio</span> <span class='ocrx_word' id='word_1_264' title='bbox 926 2175 1092 2222; x_wconf 89' lang='lat' dir='ltr'>discere,</span> <span class='ocrx_word' id='word_1_265' title='bbox 1113 2175 1178 2226; x_wconf 84' lang='lat' dir='ltr'>qui</span> <span class='ocrx_word' id='word_1_266' title='bbox 1203 2188 1320 2226; x_wconf 86' lang='lat' dir='ltr'>quum</span> <span class='ocrx_word' id='word_1_267' title='bbox 1349 2174 1558 2226; x_wconf 85' lang='lat' dir='ltr'>Sibyllinos</span> 
     </span>
     <span class='ocr_line' id='line_1_30' title="bbox 77 2239 1556 2293; baseline -0.002 -14"><span class='ocrx_word' id='word_1_268' title='bbox 77 2256 209 2281; x_wconf 85' lang='lat' dir='ltr'>versus</span> <span class='ocrx_word' id='word_1_269' title='bbox 234 2242 372 2280; x_wconf 86' lang='lat' dir='ltr'>multos</span> <span class='ocrx_word' id='word_1_270' title='bbox 402 2241 608 2292; x_wconf 84' lang='lat' dir='ltr'>multisque</span> <span class='ocrx_word' id='word_1_271' title='bbox 640 2241 733 2279; x_wconf 85' lang='lat' dir='ltr'>locis</span> <span class='ocrx_word' id='word_1_272' title='bbox 761 2242 951 2293; x_wconf 80' lang='lat' dir='ltr'>proferat,</span> <span class='ocrx_word' id='word_1_273' title='bbox 983 2254 1049 2279; x_wconf 87' lang='lat' dir='ltr'>eos</span> <span class='ocrx_word' id='word_1_274' title='bbox 1076 2249 1221 2279; x_wconf 86' lang='lat' dir='ltr'>tantum</span> <span class='ocrx_word' id='word_1_275' title='bbox 1252 2253 1323 2292; x_wconf 88' lang='lat' dir='ltr'>pro</span> <span class='ocrx_word' id='word_1_276' title='bbox 1349 2239 1556 2290; x_wconf 79' lang='lat' dir='ltr'>Erythraeis</span> 
     </span>
     <span class='ocr_line' id='line_1_31' title="bbox 77 2305 1556 2359; baseline -0.001 -14"><span class='ocrx_word' id='word_1_277' title='bbox 77 2308 211 2355; x_wconf 84' lang='lat' dir='ltr'>affert,</span> <span class='ocrx_word' id='word_1_278' title='bbox 232 2320 331 2359; x_wconf 80' lang='lat' dir='ltr'>quos</span> <span class='ocrx_word' id='word_1_279' title='bbox 346 2321 367 2345; x_wconf 89' lang='lat' dir='ltr'>e</span> <span class='ocrx_word' id='word_1_280' title='bbox 385 2306 560 2358; x_wconf 85' lang='lat' dir='ltr'>partibus</span> <span class='ocrx_word' id='word_1_281' title='bbox 576 2305 724 2344; x_wconf 80' lang='lat' dir='ltr'>duabus</span> <span class='ocrx_word' id='word_1_282' title='bbox 740 2306 828 2344; x_wconf 90' lang='lat' dir='ltr'>libri</span> <span class='ocrx_word' id='word_1_283' title='bbox 847 2306 968 2355; x_wconf 86' lang='lat' dir='ltr'>tertii,</span> <span class='ocrx_word' id='word_1_284' title='bbox 984 2307 1005 2357; x_wconf 84' lang='lat'>§</span> <span class='ocrx_word' id='word_1_285' title='bbox 1022 2320 1043 2344; x_wconf 82' lang='lat'><em>2</em></span> <span class='ocrx_word' id='word_1_286' title='bbox 1065 2315 1102 2344; x_wconf 90' lang='lat' dir='ltr'>et</span> <span class='ocrx_word' id='word_1_287' title='bbox 1127 2313 1163 2356; x_wconf 70' lang='grc'>4,</span> <span class='ocrx_word' id='word_1_288' title='bbox 1190 2306 1250 2344; x_wconf 89' lang='lat' dir='ltr'>vel</span> <span class='ocrx_word' id='word_1_289' title='bbox 1269 2318 1366 2357; x_wconf 89' lang='lat' dir='ltr'>quos</span> <span class='ocrx_word' id='word_1_290' title='bbox 1387 2319 1406 2342; x_wconf 84' lang='lat' dir='ltr'>c</span> <span class='ocrx_word' id='word_1_291' title='bbox 1429 2306 1556 2344; x_wconf 81' lang='lat' dir='ltr'>l‘rooe·</span> 
     </span>
     <span class='ocr_line' id='line_1_32' title="bbox 79 2370 1555 2423; baseline -0.001 -14"><span class='ocrx_word' id='word_1_292' title='bbox 79 2373 154 2410; x_wconf 88' lang='lat' dir='ltr'>mio</span> <span class='ocrx_word' id='word_1_293' title='bbox 182 2372 373 2423; x_wconf 79' lang='lat' dir='ltr'>excerpsit</span> <span class='ocrx_word' id='word_1_294' title='bbox 393 2372 498 2423; x_wconf 84' lang='lat' dir='ltr'>(Div.</span> <span class='ocrx_word' id='word_1_295' title='bbox 521 2372 611 2410; x_wconf 85' lang='lat' dir='ltr'>lust.</span> <span class='ocrx_word' id='word_1_296' title='bbox 632 2372 679 2417; x_wconf 83' lang='lat' dir='ltr'>lt,</span> <span class='ocrx_word' id='word_1_297' title='bbox 710 2373 773 2418; x_wconf 76' lang='lat'>133</span> <span class='ocrx_word' id='word_1_298' title='bbox 799 2372 862 2421; x_wconf 82' lang='lat' dir='ltr'>lv,</span> <span class='ocrx_word' id='word_1_299' title='bbox 887 2373 926 2418; x_wconf 89' lang='lat'>6,</span> <span class='ocrx_word' id='word_1_300' title='bbox 953 2371 1020 2421; x_wconf 78' lang='lat'>¹53</span> <span class='ocrx_word' id='word_1_301' title='bbox 1047 2372 1135 2418; x_wconf 81' lang='lat' dir='ltr'>vlt,</span> <span class='ocrx_word' id='word_1_302' title='bbox 1169 2385 1226 2421; x_wconf 82' lang='lat'>19,</span> <span class='ocrx_word' id='word_1_303' title='bbox 1252 2385 1314 2419; x_wconf 83' lang='lat'>20,</span> <span class='ocrx_word' id='word_1_304' title='bbox 1336 2376 1404 2418; x_wconf 68' lang='lat'>243</span> <span class='ocrx_word' id='word_1_305' title='bbox 1423 2370 1471 2408; x_wconf 89' lang='lat' dir='ltr'>de</span> <span class='ocrx_word' id='word_1_306' title='bbox 1496 2370 1555 2408; x_wconf 84' lang='lat' dir='ltr'>ira</span> 
     </span>
     <span class='ocr_line' id='line_1_33' title="bbox 79 2436 1556 2488; baseline 0 -12"><span class='ocrx_word' id='word_1_307' title='bbox 79 2438 162 2486; x_wconf 87' lang='lat' dir='ltr'>Dei,</span> <span class='ocrx_word' id='word_1_308' title='bbox 185 2439 246 2488; x_wconf 75' lang='lat'>22)</span> <span class='ocrx_word' id='word_1_309' title='bbox 265 2452 274 2475; x_wconf 75' lang='lat' dir='ltr'><strong><em>z</em></strong></span> <span class='ocrx_word' id='word_1_310' title='bbox 292 2451 313 2475; x_wconf 85' lang='lat' dir='ltr'>a</span> <span class='ocrx_word' id='word_1_311' title='bbox 333 2436 474 2488; x_wconf 84' lang='lat' dir='ltr'>quibus</span> <span class='ocrx_word' id='word_1_312' title='bbox 501 2449 620 2487; x_wconf 89' lang='lat' dir='ltr'>quum</span> <span class='ocrx_word' id='word_1_313' title='bbox 645 2436 692 2474; x_wconf 79' lang='lat' dir='ltr'>ad</span> <span class='ocrx_word' id='word_1_314' title='bbox 724 2437 895 2474; x_wconf 87' lang='lat' dir='ltr'>diversos</span> <span class='ocrx_word' id='word_1_315' title='bbox 919 2436 1071 2480; x_wconf 83' lang='lat' dir='ltr'>transit,</span> <span class='ocrx_word' id='word_1_316' title='bbox 1096 2436 1154 2474; x_wconf 87' lang='lat' dir='ltr'>his</span> <span class='ocrx_word' id='word_1_317' title='bbox 1179 2438 1408 2487; x_wconf 85' lang='lat' dir='ltr'>plerumque</span> <span class='ocrx_word' id='word_1_318' title='bbox 1426 2436 1556 2476; x_wconf 83' lang='lat' dir='ltr'>verbis</span> 
     </span>
     <span class='ocr_line' id='line_1_34' title="bbox 79 2483 1556 2553; baseline 0.001 -15"><span class='ocrx_word' id='word_1_319' title='bbox 79 2501 197 2538; x_wconf 90' lang='lat' dir='ltr'>utitur</span> <span class='ocrx_word' id='word_1_320' title='bbox 222 2516 230 2538; x_wconf 91' lang='lat'>:</span> <span class='ocrx_word' id='word_1_321' title='bbox 269 2518 285 2534; x_wconf 75' lang='grc' dir='ltr'>ι</span> <span class='ocrx_word' id='word_1_322' title='bbox 314 2499 409 2538; x_wconf 86' lang='lat' dir='ltr'>Item</span> <span class='ocrx_word' id='word_1_323' title='bbox 443 2499 515 2537; x_wconf 79' lang='lat' dir='ltr'>alia</span> <span class='ocrx_word' id='word_1_324' title='bbox 543 2498 689 2550; x_wconf 85' lang='lat' dir='ltr'>Sibylla</span> <span class='ocrx_word' id='word_1_325' title='bbox 715 2516 752 2547; x_wconf 82' lang='grc' dir='ltr'>υ,</span> <span class='ocrx_word' id='word_1_326' title='bbox 787 2500 846 2537; x_wconf 85' lang='lat' dir='ltr'>vel</span> <span class='ocrx_word' id='word_1_327' title='bbox 877 2517 892 2533; x_wconf 87' lang='lat'>«</span> <span class='ocrx_word' id='word_1_328' title='bbox 918 2513 1051 2537; x_wconf 87' lang='lat' dir='ltr'>rursus</span> <span class='ocrx_word' id='word_1_329' title='bbox 1080 2483 1153 2537; x_wconf 73' lang='lat' dir='ltr'>alia</span> <span class='ocrx_word' id='word_1_330' title='bbox 1183 2499 1330 2550; x_wconf 85' lang='lat' dir='ltr'>Sibylla</span> <span class='ocrx_word' id='word_1_331' title='bbox 1349 2517 1364 2533; x_wconf 72' lang='grc' dir='ltr'>ι»</span> <span class='ocrx_word' id='word_1_332' title='bbox 1395 2501 1556 2553; x_wconf 83' lang='lat' dir='ltr'>(confer</span> 
     </span>
     <span class='ocr_line' id='line_1_35' title="bbox 77 2564 1557 2617; baseline 0.001 -13"><span class='ocrx_word' id='word_1_333' title='bbox 77 2566 167 2604; x_wconf 83' lang='lat' dir='ltr'>Exc.</span> <span class='ocrx_word' id='word_1_334' title='bbox 187 2566 250 2613; x_wconf 83' lang='lat' dir='ltr'>lv,</span> <span class='ocrx_word' id='word_1_335' title='bbox 277 2578 363 2616; x_wconf 81' lang='lat' dir='ltr'>pag.</span> <span class='ocrx_word' id='word_1_336' title='bbox 388 2579 479 2614; x_wconf 81' lang='lat'>272,</span> <span class='ocrx_word' id='word_1_337' title='bbox 511 2565 596 2615; x_wconf 81' lang='lat' dir='ltr'>sq.).</span> <span class='ocrx_word' id='word_1_338' title='bbox 625 2566 768 2616; x_wconf 79' lang='lat' dir='ltr'>Aperte</span> <span class='ocrx_word' id='word_1_339' title='bbox 797 2577 888 2616; x_wconf 74' lang='lat' dir='ltr'>ergo</span> <span class='ocrx_word' id='word_1_340' title='bbox 919 2565 1139 2603; x_wconf 76' lang='lat' dir='ltr'>Lactantius</span> <span class='ocrx_word' id='word_1_341' title='bbox 1168 2573 1296 2616; x_wconf 80' lang='lat' dir='ltr'>partes</span> <span class='ocrx_word' id='word_1_342' title='bbox 1316 2564 1428 2612; x_wconf 84' lang='lat' dir='ltr'>istas,</span> <span class='ocrx_word' id='word_1_343' title='bbox 1457 2578 1557 2617; x_wconf 87' lang='lat' dir='ltr'>quas</span> 
     </span>
     <span class='ocr_line' id='line_1_36' title="bbox 77 2629 1554 2681; baseline 0.001 -13"><span class='ocrx_word' id='word_1_344' title='bbox 77 2631 284 2681; x_wconf 81' lang='lat' dir='ltr'>Erythraeae</span> <span class='ocrx_word' id='word_1_345' title='bbox 315 2629 470 2677; x_wconf 87' lang='lat' dir='ltr'>tribuit,</span> <span class='ocrx_word' id='word_1_346' title='bbox 500 2630 686 2667; x_wconf 87' lang='lat' dir='ltr'>discretas</span> <span class='ocrx_word' id='word_1_347' title='bbox 712 2644 733 2668; x_wconf 89' lang='lat' dir='ltr'>a</span> <span class='ocrx_word' id='word_1_348' title='bbox 761 2630 898 2667; x_wconf 86' lang='lat' dir='ltr'>ceteris</span> <span class='ocrx_word' id='word_1_349' title='bbox 931 2630 1055 2681; x_wconf 82' lang='lat' dir='ltr'>legere</span> <span class='ocrx_word' id='word_1_350' title='bbox 1076 2638 1358 2681; x_wconf 84' lang='lat' dir='ltr'>consueverat,</span> <span class='ocrx_word' id='word_1_351' title='bbox 1377 2630 1554 2681; x_wconf 90' lang='lat' dir='ltr'>solasque</span> 
     </span>
     <span class='ocr_line' id='line_1_37' title="bbox 77 2694 1479 2746; baseline 0.002 -14"><span class='ocrx_word' id='word_1_352' title='bbox 77 2697 145 2734; x_wconf 88' lang='lat' dir='ltr'>hoc</span> <span class='ocrx_word' id='word_1_353' title='bbox 166 2696 375 2746; x_wconf 83' lang='lat' dir='ltr'>Erythraeae</span> <span class='ocrx_word' id='word_1_354' title='bbox 393 2695 504 2732; x_wconf 91' lang='lat' dir='ltr'>titulo</span> <span class='ocrx_word' id='word_1_355' title='bbox 521 2704 558 2732; x_wconf 89' lang='lat' dir='ltr'>et</span> <span class='ocrx_word' id='word_1_356' title='bbox 578 2694 647 2732; x_wconf 84' lang='lat' dir='ltr'>hac</span> <span class='ocrx_word' id='word_1_357' title='bbox 669 2694 874 2746; x_wconf 83' lang='lat' dir='ltr'>praecipuae</span> <span class='ocrx_word' id='word_1_358' title='bbox 886 2694 1122 2745; x_wconf 85' lang='lat' dir='ltr'>antiquitatis</span> <span class='ocrx_word' id='word_1_359' title='bbox 1139 2695 1250 2734; x_wconf 88' lang='lat' dir='ltr'>laude</span> <span class='ocrx_word' id='word_1_360' title='bbox 1267 2695 1479 2736; x_wconf 74' lang='lat' dir='ltr'>decoratas.</span> 
     </span>
    </p>

    <p class='ocr_par' dir='ltr' id='par_1_7' title="bbox 77 2759 1608 2872">
     <span class='ocr_line' id='line_1_38' title="bbox 126 2759 1608 2813; baseline 0.001 -14"><span class='ocrx_word' id='word_1_361' title='bbox 126 2762 266 2800; x_wconf 77' lang='lat' dir='ltr'>Primae</span> <span class='ocrx_word' id='word_1_362' title='bbox 284 2761 399 2811; x_wconf 76' lang='lat' dir='ltr'>igitur</span> <span class='ocrx_word' id='word_1_363' title='bbox 420 2759 658 2798; x_wconf 75' lang='lat' dir='ltr'>collectionis</span> <span class='ocrx_word' id='word_1_364' title='bbox 678 2760 796 2797; x_wconf 86' lang='lat' dir='ltr'>instar</span> <span class='ocrx_word' id='word_1_365' title='bbox 818 2760 888 2797; x_wconf 84' lang='lat' dir='ltr'>suit</span> <span class='ocrx_word' id='word_1_366' title='bbox 903 2760 1083 2798; x_wconf 81' lang='lat' dir='ltr'>volumen</span> <span class='ocrx_word' id='word_1_367' title='bbox 1106 2760 1231 2810; x_wconf 76' lang='lat' dir='ltr'>istud,</span> <span class='ocrx_word' id='word_1_368' title='bbox 1246 2773 1324 2811; x_wconf 89' lang='lat' dir='ltr'>quo</span> <span class='ocrx_word' id='word_1_369' title='bbox 1339 2762 1550 2813; x_wconf 88' lang='lat' dir='ltr'>antiquitus</span> <span class='ocrx_word' id='word_1_370' title='bbox 1602 2759 1608 2766; x_wconf 75' lang='grc'><strong>’</strong></span> 
     </span>
     <span class='ocr_line' id='line_1_39' title="bbox 77 2825 389 2872; baseline 0.003 -11"><span class='ocrx_word' id='word_1_371' title='bbox 77 2825 210 2864; x_wconf 85' lang='lat' dir='ltr'>inclusi</span> <span class='ocrx_word' id='word_1_372' title='bbox 225 2826 389 2872; x_wconf 82' lang='lat' dir='ltr'>fucrant,</span> 
     </span>
    </p>

    <p class='ocr_par' dir='ltr' id='par_1_8' title="bbox 131 2889 698 2942">
     <span class='ocr_line' id='line_1_40' title="bbox 131 2889 698 2942; baseline -0.004 -13"><span class='ocrx_word' id='word_1_373' title='bbox 131 2892 166 2929; x_wconf 69' lang='lat' dir='ltr'>ie</span> <span class='ocrx_word' id='word_1_374' title='bbox 187 2891 419 2931; x_wconf 82' lang='lat' dir='ltr'>Prooemium</span> <span class='ocrx_word' id='word_1_375' title='bbox 443 2889 698 2942; x_wconf 75' lang='lat' dir='ltr'>Sibyllinum3</span> 
     </span>
    </p>
   </div>
   <div class='ocr_carea' id='block_1_6' title="bbox 1298 2947 1372 2991">
    <p class='ocr_par' dir='ltr' id='par_1_9' title="bbox 1298 2947 1372 2991">
     <span class='ocr_line' id='line_1_41' title="bbox 1298 2947 1372 2991; baseline 0.014 -1"><span class='ocrx_word' id='word_1_376' title='bbox 1298 2947 1372 2991; x_wconf 80' lang='lat'>28.</span> 
     </span>
    </p>
   </div>
  </div>
 </body>
</html>
