1686 3500
591 192 593 194 .
641 161 945 209 Excunsus
979 163 1063 209 v1.
1475 165 1567 228 ⁴83

93 249 423 305 Cometae'etiam.
449 271 669 311 quanquam
702 260 727 299 ii
755 249 912 311 quidem
943 273 1031 299 raro
1064 261 1104 300 in
1122 260 1323 314 Sibyninis
1351 264 1568 311 memorati,

93 324 159 364 sed
181 332 304 365 tamen
324 333 458 378 aperte
480 327 632 368 nomine
653 339 737 374 suu,
757 327 863 375 vul,
880 339 919 366 v.
947 339 1035 378 191,
1051 339 1138 380 sqq.
1164 341 1173 367 ε

253 388 376 430 Πολλὰ
395 389 458 441 μὲν
478 389 555 437 ἑξῆς
570 390 681 444 ἄστρα
692 418 704 439 ,
728 391 786 429 καὶ
803 389 1005 430 ἀκτινόιντα
1020 389 1177 442 κομήτὴν

250 452 444 507 Ἄνθρωποι
461 454 624 494 καλέουσι
640 454 698 494 τὸν
715 454 846 508 ἀστέρα
858 483 869 501 ,
885 457 985 506 σῆμα
1007 454 1146 496 πόνοιο.

250 519 390 558 Πολλοῦ
406 517 641 571 ἐπερχομένου
657 517 812 570 πολέμου
829 519 888 557 καὶ
910 520 1103 566 δηϊοτῆτος.

93 583 141 622 Et
155 582 210 621 sic
229 584 308 622 fere
323 583 424 622 libro
446 585 517 630 111,
541 597 576 622 v.
600 585 702 630 334':
1144 573 1154 576 a

170 649 176 653 ’
252 645 316 688 Ἐν
335 649 371 688 δὲ
388 648 482 688 δύσει
498 648 609 702 ἀστὴρ
622 649 770 703 λάμψει,
790 648 828 688 ὃν
845 650 961 701 ἐροῦσι
977 648 1135 700 κομήτην
1147 677 1158 697 ,

247 713 463 768 Ῥομφαίας,
482 716 585 766 λιμοῦ
598 744 609 762 ,
628 713 789 752 θανάτοιό
808 728 846 752 τε
861 716 963 766 σῆμα
983 715 1179 767 βροτοῖσιν,

246 778 451 831 Ἡγεμόνων
465 794 503 817 τε
519 782 647 832 φθορᾶς
664 779 817 832 ἀνδρῶν,
837 793 870 817 κ.
891 793 927 818 τ.
952 779 986 818 λ.

89 843 233 883 Confer
252 853 291 882 et
312 844 378 884 tib.
400 844 448 893 V,
472 844 560 894 154,
583 857 668 896 sqq.

142 908 360 948 Notandum
379 922 471 947 vero
484 910 541 947 vel
557 909 719 947 maxime
735 909 840 947 sidus
855 921 1008 947 coronae
1020 909 1157 960 simile,
1174 909 1279 962 quod
1296 910 1334 948 iu
1351 910 1444 949 caelo
1458 911 1573 950 essu!-

88 986 219 1011 surum
239 973 475 1025 praedicitur,
496 973 561 1012 lib.
581 973 635 1021 ll,
659 986 695 1011 v.
719 975 784 1023 34,
806 986 888 1024 sqq.
910 988 918 1011 :

249 1037 323 1077 Καὶ
338 1037 418 1076 τότε
436 1037 478 1084 δὴ
494 1037 585 1089 μέγα
600 1039 700 1089 σῆμα
722 1036 811 1080 Θεὸς
828 1035 1016 1087 μετέπειτα
1032 1036 1185 1084 ποιήσει.

246 1102 391 1156 Λάμψει
409 1102 476 1156 γὰρ
497 1103 656 1156 στεφάνῳ
670 1103 824 1155 λαμπρῷ
843 1101 1048 1155 παρομοίῐος
1060 1101 1186 1156 ἀστὴρ,

246 1167 417 1221 Λαμπρὸς
435 1196 445 1214 ,
462 1166 675 1218 παμφαίνων
696 1166 764 1206 ἀπὸ
783 1167 928 1221 οὐρανοῦ
947 1167 1149 1218 αἰγλήεντος

246 1231 405 1283 'Hp-ww
427 1233 488 1270 οὐκ
504 1231 646 1283 ὀλίγοις.

88 1297 169 1336 Hoc
185 1296 377 1348 Sibyllista
403 1298 579 1348 praedicit
601 1296 783 1335 indicium
807 1297 890 1336 fore
916 1310 1071 1336 coronae
1089 1295 1202 1348 justis
1220 1296 1572 1350 paratae‚J'amjam-

87 1374 162 1412 que
189 1370 328 1413 praesto
358 1362 517 1409 suturae,
536 1361 567 1399 si
594 1362 779 1400 adversus
806 1363 899 1400 vitia
925 1371 1081 1400 strenue
1110 1360 1399 1400 decertaverint.
1427 1363 1572 1410 Quum·

86 1438 162 1476 que
182 1425 346 1464 addatur
365 1426 470 1464 sidus
486 1426 580 1464 illud
601 1439 670 1478 per
689 1427 821 1476 plures
849 1427 1039 1464 fulsurum
1066 1439 1147 1464 esse
1174 1425 1280 1475 dies,
1307 1425 1478 1465 dubitari
1501 1440 1570 1479 po-

89 1496 161 1528 test
177 1498 303 1527 utrum
325 1489 363 1528 id
380 1503 427 1529 ex
443 1478 599 1542 ingenio
621 1490 849 1529 vaticinatus
868 1491 916 1529 sit
939 1499 1075 1543 pocta,
1092 1503 1139 1529 an
1165 1502 1297 1529 revera
1316 1490 1390 1529 tale
1411 1490 1569 1543 aiiquod

87 1561 308 1604 portentum
329 1555 364 1592 in
380 1555 473 1592 caeio
492 1555 617 1593 mirati
634 1554 710 1592 sint
730 1555 830 1592 illius
850 1555 1034 1606 temporis
1052 1555 1247 1602 homines,
1264 1554 1343 1594 sive
1356 1563 1567 1602 cometam,

85 1619 166 1658 sive
187 1619 294 1666 halo,
325 1620 406 1658 sive
431 1620 534 1658 aliud
573 1620 743 1670 signum3
774 1618 883 1670 cujus
909 1633 979 1658 nos
1011 1619 1169 1671 quidem
1191 1619 1414 1658 memoriam
1435 1619 1482 1658 ad
1501 1620 1568 1659 illa

84 1691 272 1734 tempora,
292 1684 329 1722 id
345 1693 420 1732 est,
436 1684 483 1722 ad
495 1685 673 1722 saeculum
694 1684 846 1722 tertium
861 1685 941 1722 fere
955 1684 1123 1723 medium
1142 1684 1413 1736 pertinentem,
1428 1683 1567 1724 frustra

85 1747 132 1785 ab
153 1748 346 1787 historicis
362 1749 622 1800 quaesivimus.-

136 1812 360 1851 Caelestibus
383 1814 502 1864 signis
523 1813 612 1851 vide
625 1827 671 1851 an
691 1813 836 1865 possint
862 1814 975 1851 etiam
993 1813 1187 1851 accenseri
1207 1813 1424 1864 sanguineae
1449 1823 1565 1866 guttae

85 1876 132 1915 de
152 1878 245 1915 caelo
264 1877 457 1926 cadentes,
477 1878 545 1917 lib.
566 1878 620 1924 11,
645 1891 682 1918 v.
703 1891 765 1923 20,
785 1891 880 1928 quas
902 1886 1026 1915 tamen
1048 1878 1121 1915 huc
1141 1891 1161 1914 e
1182 1877 1281 1914 iibro
1296 1878 1363 1925 ΙΙΙ,
1387 1878 1565 1930 met-eju-

84 1941 211 1989 daico,
234 1942 433 1980 trans-intus
452 1954 533 1979 esse
554 1942 770 1979 notavimus
794 1941 840 1979 nd
863 1942 900 1979 h.
921 1942 944 1979 1.
966 1942 1019 1979 Ea
1041 1954 1135 1979 vero
1155 1940 1329 1992 prodigia
1346 1954 1429 1992 quae
1445 1941 1481 1979 in
1496 1941 1566 1993 ju-

84 2005 202 2044 daicis
222 2005 407 2044 duntaxat
423 2005 529 2043 libris
550 2005 734 2057 praedicta
752 2006 1020 2056 reperiuntur,
1039 2005 1194 2042 minime
1222 2004 1284 2043 hic
1306 2006 1565 2044 enumeranda

83 2083 301 2119 censemus,
316 2071 445 2122 quales
468 2080 556 2109 sunt
571 2072 756 2118 maximo,
773 2070 839 2109 lib.
857 2071 932 2118 111,
957 2084 996 2108 v.
1026 2070 1115 2121 795,
1149 2083 1249 2120 sqq.‚
1272 2082 1378 2107 enses
1409 2070 1448 2107 in
1471 2071 1565 2108 caelo

83 2143 352 2182 coruscantes,
383 2135 551 2186 pulveris
584 2134 736 2172 nimbus
757 2148 804 2173 ex
831 2134 974 2172 aethei-e
1001 2134 1150 2186 lapsus,
1172 2133 1262 2172 solis
1290 2141 1327 2171 et
1359 2133 1460 2172 luuae
1490 2134 1563 2173 de-

84 2199 223 2245 sectus,
246 2207 284 2237 et
303 2199 408 2250 quod
440 2200 604 2237 maxime
634 2199 793 2246 mirum,
813 2199 958 2250 species
985 2198 1238 2249 pugnantium
1263 2198 1565 2250 equitum-pedi-

86 2271 243 2314 tumque
274 2263 313 2301 in
342 2262 509 2301 nubibus
535 2265 644 2310 visre,
668 2262 780 2307 ibid..
806 2276 842 2302 v.
879 2262 968 2310 804,
989 2270 1060 2313 sq.,'
1084 2261 1148 2300 ubi
1173 2261 1261 2300 vide
1292 2276 1377 2313 quae
1399 2263 1436 2300 in
1463 2264 1567 2302 curis

85 2327 226 2365 nostris
245 2327 523 2378 posterioribus
544 2335 724 2365 annotata
747 2336 847 2365 sunt.

480 2552 587 2591 CAP.
607 2550 695 2591 XII.
720 2547 777 2587 De
797 2550 995 2598 Infantiam
1020 2553 1166 2587 canitie.

136 2672 410 2712 Descendimus
439 2671 475 2710 in
505 2680 644 2721 terras,
669 2669 736 2709 ubi
753 2670 922 2708 omnium
946 2682 1052 2722 paene
1071 2669 1258 2721 primum,
1279 2670 1309 2709 si
1329 2684 1375 2709 ex
1403 2670 1503 2710 libro
1528 2672 1564 2711 ΙΙ

81 2737 292 2789 judicetur,
319 2737 451 2776 mundi
472 2736 635 2789 perituri
656 2735 842 2773 indicium
864 2734 938 2773 erit
967 2734 1169 2772 infantium
1195 2747 1348 2786 praecox
1370 2745 1564 2786 senectus,

87 2816 181 2841 cano
202 2801 307 2842 crin'e
332 2803 582 2850 nascentium,
600 2801 665 2840 lib.
680 2802 730 2850 11,
752 2814 790 2840 v,
817 2800 905 2851 154,
926 2813 1007 2850 sqq.
1027 2815 1035 2837 τ

244 2867 333 2908 Ἀλλ’
353 2866 481 2906 ὁπόταν
500 2866 575 2906 τόδε
594 2869 690 2917 σῆμα
706 2868 796 2919 φανῇ
813 2863 902 2904 κατὰ
919 2864 1050 2916 κόσμον
1069 2863 1219 2913 ἅπαντα,

1249 2916 1328 2966 3¹.
