1752 3495
675 211 978 257 excussus
1013 212 1097 257 111.
1415 187 1422 196 “
1501 215 1594 260 215·

140 321 271 355 eusant.
290 310 404 349 Vides
432 308 565 346 victam
589 308 719 360 populi
740 308 938 349 voluntate
959 307 1181 360 relIgionem
1210 309 1408 349 hominum
1439 309 1594 350 timido-

141 392 229 426 rum;
246 375 463 426 injussuque
480 380 631 411 senatus
649 373 994 424 promulgationem
1014 373 1169 425 factam,
1181 386 1293 425 quam
1307 375 1395 414 ideo
1412 376 1596 424 nefariam

142 450 241 483 vocat
254 440 384 478 Cicero
397 437 443 475 ad
459 437 684 483 Lentulum,
704 438 819 489 epist.
842 437 877 475 5.

186 509 317 545 Verum
338 504 410 540 hoc
430 502 544 540 semel
564 502 807 540 commissum
829 501 946 540 suerit
961 500 1009 541 ab
1025 501 1178 539 bomine
1191 519 1206 536 a
1227 500 1447 542 turbulento
1468 513 1506 543 et
1525 498 1607 543 au?

141 593 153 606 ..
168 569 245 609 daci
258 587 289 617 ι»,
309 575 351 604 ut
370 574 481 604 vocat
494 566 701 604 Fenestella
719 566 821 617 apud
839 567 1017 614 Nonium,
1036 580 1070 605 v.
1087 569 1241 613 Rumor,
1263 568 1320 605 vel
1339 576 1380 605 ut
1396 568 1530 607 Cicero
1548 567 1597 607 ad

143 639 185 684 Q.
209 635 354 672 fratrem
375 631 483 682 epist.
506 633 550 677 3,
569 630 836 670 «adolescente
856 631 997 669 nullius
1015 630 1185 678 consilii,
1202 650 1216 664 ·
1237 640 1339 670 certe
1363 633 1501 671 sactum
1523 634 1598 672 hoc

143 700 307 738 adversus
327 708 435 733 usum
455 704 492 733 et
511 696 633 747 leges,
655 694 977 746 reprobatumque
995 695 1195 733 hominum
1213 697 1524 747 gravissimorum
1536 698 1600 749 ju-

145 765 246 804 dicio.
282 761 363 800 Rite
395 760 510 812 igitur
538 761 575 798 in
596 769 751 807 senatu,
777 769 814 798 et
834 760 986 812 quidem
1011 760 1229 811 frequente,
1254 775 1355 800 nova
1375 762 1601 800 consultatio

145 825 360 868 instituenda
379 825 472 872 suit,
502 833 630 863 utrum
660 825 698 863 id
723 824 824 875 quod
855 835 1032 876 tanquam
1051 825 1247 875 Sibyllinis
1267 825 1438 864 versibus
1453 826 1599 878 jussum

146 893 352 938 afferretur,
372 903 392 927 e
422 889 619 940 republica
647 899 758 929 esset.
781 889 893 936 Quod
922 889 1074 940 quidem
1096 890 1255 927 omnino
1272 900 1383 942 negat
1399 893 1599 938 Freretus,

149 959 252 994 Me‘m.
275 956 320 991 de
350 955 497 991 I‘Acad.
517 956 582 990 des
614 958 748 1000 Inscr„
771 961 795 990 t.
812 954 956 1001 xxm,
981 966 1019 1004 p.
1046 953 1132 1003 195,
1153 961 1338 1005 putatque
1363 955 1512 1006 collegii
1540 969 1603 993 re-

147 1032 310 1071 sponsum
329 1017 616 1068 qualecumque,
637 1031 749 1056 causa
767 1031 843 1054 nou
865 1017 1030 1067 cognita,
1057 1026 1252 1068 receptum
1271 1033 1291 1056 n
1310 1028 1443 1057 senatu
1478 1019 1604 1057 fuisse.

151 1086 241 1122 ltane
260 1084 372 1120 vero?
391 1082 581 1127 Quorsum
610 1082 726 1133 igitur
748 1082 884 1120 relatio
906 1081 1042 1120 fiebat?
1066 1083 1140 1119 Aut
1165 1082 1255 1133 quid
1277 1083 1481 1121 verebatur
1508 1083 1603 1122 Cato

150 1148 306 1186 tribunus
333 1159 380 1184 ne
407 1160 629 1198 responsum
659 1146 887 1197 Sibyllinum
910 1145 1058 1197 judicio
1088 1155 1238 1184 senatus
1271 1148 1603 1198 supprimeretur?

150 1214 247 1250 Merae
268 1224 373 1261 nugae
394 1225 402 1248 ε
421 1211 538 1248 altera
562 1218 650 1248 tunc
667 1210 944 1248 deliberatione
961 1223 1059 1261 opus
1074 1210 1159 1259 suit,
1174 1212 1283 1259 cujus
1296 1211 1469 1249 eumdem
1489 1212 1602 1250 fuisse

151 1276 301 1323 modum,
318 1270 428 1326 quem
452 1288 588 1326 supra,
609 1289 683 1313 non
703 1284 760 1313 est
779 1274 952 1313 dubium.
974 1275 1030 1313 Fit
1051 1275 1190 1313 iterum
1219 1276 1278 1313 vel
1309 1276 1477 1314 unanimi
1506 1289 1601 1314 con-

149 1354 246 1378 sensu
272 1340 387 1378 velex
415 1340 645 1378 discessione
674 1340 1056 1387 senatusconsultum,
1091 1354 1168 1391 quo
1195 1340 1358 1391 jubetur
1376 1354 1600 1393 responsum

151 1406 245 1456 prodi
259 1405 502 1456 Sibyllinum3
522 1405 633 1443 simul
650 1419 754 1444 sacra
776 1406 870 1452 fieri,
890 1405 1125 1443 caerimonias
1145 1404 1356 1452 observari,
1376 1407 1515 1457 templa
1534 1420 1603 1444 vo·

152 1470 229 1516 veri,
248 1471 330 1508 festa
349 1470 508 1519 institui,
529 1483 612 1520 quae
629 1483 675 1508 ex
695 1470 800 1508 libris
813 1470 918 1521 jussa
934 1479 1076 1519 essent3
1096 1470 1266 1509 XVviros
1294 1471 1339 1509 iis
1355 1471 1604 1522 procurandis

150 1548 283 1584 operam
302 1534 409 1581 ‹lare3
432 1535 689 1585 magistratus,
709 1549 872 1586 quorum
889 1535 963 1573 hoc
980 1548 1116 1573 munus
1132 1535 1194 1580 sit,
1213 1536 1339 1573 omnia
1352 1535 1398 1573 ad
1411 1549 1489 1573 rem
1509 1535 1606 1574 divi·

153 1612 223 1635 uam
240 1600 439 1636 necessaria
459 1599 714 1650 suppeditare.

195 1663 276 1700 Nam
296 1663 339 1698 ad
357 1662 394 1699 id
419 1676 574 1713 quoque
593 1663 924 1701 senatusconsulto
943 1676 1042 1714 opus
1064 1663 1159 1711 suit,
1190 1671 1232 1701 ut
1257 1675 1303 1701 ex
1323 1663 1458 1701 aerario
1477 1676 1601 1714 pecu-

153 1725 214 1762 niae
230 1726 561 1776 depromerentur,
587 1727 677 1765 satis
703 1727 896 1764 interdum
918 1727 1100 1779 grandes,
1119 1727 1166 1765 ad
1195 1727 1385 1778 impensas
1407 1740 1601 1765 sacrorum

150 1789 198 1826 vel
219 1799 398 1829 votorum.
416 1792 548 1842 Itaque
565 1791 788 1830 Aurelianus
802 1791 839 1828 in
861 1792 1020 1842 epistola
1042 1792 1087 1829 ad
1111 1801 1281 1829 senatum
1299 1791 1347 1828 de
1361 1791 1601 1829 consulendis

151 1852 242 1890 libris
260 1854 333 1892 liaec
351 1855 537 1893 addebat:
555 1873 569 1889 α
584 1856 622 1894 Si
639 1856 731 1906 quid
751 1864 806 1893 est
820 1856 1160 1906 sumptumn‚datis
1174 1856 1221 1893 ad
1240 1856 1461 1907 praesectum
1478 1856 1599 1895 aerarii

151 1918 282 1957 «literis
303 1919 452 1958 decerni
468 1921 588 1971 jussi3
604 1939 618 1955 ιι
641 1929 677 1960 et
693 1921 776 1972 ipse
795 1935 870 1959 non
894 1921 1093 1972 pecuniam
1122 1921 1258 1968 modo,
1278 1920 1343 1958 scd
1366 1929 1401 1958 et
1421 1921 1468 1958 ad
1491 1920 1602 1958 ludos

151 1983 390 2033 celebrandos,
410 1985 440 2022 si
459 1998 555 2036 opus
569 1993 687 2032 esset,
707 1985 876 2036 captivos
895 1993 933 2023 et
950 1985 1047 2022 seras
1069 1985 1168 2022 ultro
1183 1984 1387 2035 praestabat
1403 1997 1413 2024 ε
1431 2002 1445 2017 n
1461 1986 1602 2031 Quem·
1640 2018 1643 2021 .

152 2064 164 2079 ιι
178 2047 259 2086 libet
276 2059 462 2100 sumptum
476 2079 486 2098 ,
506 2050 709 2101 cujuslibet
733 2051 882 2101 generis
899 2050 1089 2100 captivos,
1110 2049 1289 2100 quaelibet
1308 2049 1483 2087 animalia
1498 2049 1601 2101 regia

150 2130 161 2143 1«
176 2124 243 2149 non
274 2112 416 2160 abnuo,
447 2114 512 2152 sed
538 2113 659 2151 libens
690 2114 825 2152 offero.
850 2131 865 2148 υ
891 2114 989 2152 Tum
1023 2114 1060 2151 in
1091 2122 1223 2150 senatu
1260 2114 1395 2164 Ulpius
1425 2113 1600 2164 Syllanus

151 2175 194 2212 ita
213 2178 402 2226 perorabat
422 2190 432 2218 ε
449 2180 555 2218 «Nos
580 2187 776 2230 sumptum
800 2179 934 2223 sacris,
958 2192 1028 2216 nos
1044 2186 1270 2229 apparatum
1295 2178 1510 2226 sacrificiis,
1530 2191 1601 2217 nos

151 2257 162 2271 ιι
175 2240 263 2290 agris
278 2241 499 2281 ambarvalia
514 2243 738 2282 indicemus.
754 2262 770 2278 »
793 2292 796 2293 ⁷

196 2303 335 2343 Factum
358 2307 525 2345 iulumc
556 2307 709 2346 modum
731 2308 1125 2356 senatusconsultum,
1153 2307 1333 2359 quoniam
1369 2307 1417 2346 ad
1444 2306 1600 2358 'compe-

151 2369 293 2407 scendos
321 2371 438 2421 plebis
462 2372 608 2410 animos
640 2373 832 2424 praecipue
860 2372 997 2421 fiebat,
1031 2386 1145 2424 quam
1168 2373 1347 2410 citissime
1368 2372 1598 2424 promulgari

151 2433 325 2481 oportuit,
342 2435 528 2487 simulque
548 2450 772 2488 responsum
792 2436 1018 2487 Sibyllinum
1031 2466 1044 2487 ,
1065 2450 1112 2475 ne
1129 2436 1215 2488 quis
1230 2436 1422 2488 ignoraret
1442 2445 1507 2474 aut
1525 2435 1602 2474 du-

152 2494 285 2543 bitaret,
300 2501 420 2551 prodi,
438 2502 474 2539 id
493 2511 558 2549 est,
579 2503 617 2540 in
640 2502 838 2553 publicum
856 2503 998 2541 efferri.
1017 2502 1114 2540 lllud
1135 2516 1249 2553 porro
1265 2516 1383 2553 quum
1399 2515 1562 2553 graecum
1579 2516 1600 2539 e

150 2562 263 2606 graeeis
278 2563 377 2602 libris
396 2566 636 2618 desumptum
658 2576 776 2617 esset,
797 2567 910 2606 latine
927 2581 1077 2605 versum
1100 2567 1216 2605 fuisse
1236 2576 1438 2618 antequam
1457 2565 1613 2618 prode-·

152 2632 256 2672 retur,
275 2641 347 2665 non
358 2639 411 2667 est
423 2631 599 2676 dubium;
616 2645 733 2682 quare
750 2632 830 2683 ipse
844 2632 958 2669 modo
970 2631 1095 2669 aiebat
1108 2631 1181 2669 Dio
1195 2631 1364 2670 Cassius:
1380 2629 1442 2673 Ἐς
1454 2629 1517 2677 τὴν
1531 2631 1599 2668 τῶν

154 2689 291 2728 Λατίνων
305 2693 459 2742 γλῶσσαν
473 2695 600 2749 γραφὲν
611 2696 841 2748 ἀνεκηρύχθη.
861 2698 939 2734 lmo
958 2696 1073 2734 latine
1084 2696 1180 2734 vcrti
1195 2695 1381 2733 debuerat
1397 2704 1596 2746 antequam
1630 2694 1635 2700 “

151 2752 190 2788 :ul
215 2766 372 2796 senatum
394 2759 438 2798 tle
462 2774 507 2798 co
525 2762 754 2810 referretur3
770 2775 893 2813 neque
917 2762 1017 2800 enim
1045 2760 1116 2799 alia
1142 2761 1269 2812 lingua
1296 2761 1421 2812 potuit
1447 2760 1597 2810 discep-

154 2820 290 2860 tandum
303 2826 467 2875 patribus
483 2830 659 2880 proponi.
675 2830 782 2867 Falso
795 2839 919 2867 autem
935 2828 1090 2866 omnino
1103 2827 1314 2876 Fabricius,
1328 2842 1362 2880 p.
1375 2829 1461 2873 250,
1478 2841 1522 2865 ex
1541 2827 1597 2864 his
