1686 3500
646 194 953 240 ExCUsssUs
993 195 1072 240 Vl.
1340 203 1347 213 “
1507 197 1594 242 571

120 295 197 333 ritu
216 301 349 333 sancto
367 281 577 343 cultarnin3
601 291 744 345 quibus
762 291 919 344 ineptiis
935 290 1139 344 deceptum
1164 305 1246 331 esse
1273 294 1396 331 virum
1422 306 1602 345 magnum

120 357 400 397 Tertullianum
425 370 623 409 nunqnam
645 357 736 395 satis
749 356 952 408 quisquam
969 356 1186 397 mirabitur.
1208 358 1398 396 Praeterea
1417 371 1464 396 ne
1480 360 1604 398 nostri

118 421 208 460 libri
239 422 488 461 contaminati
517 422 587 460 ista
613 422 699 460 labe
718 430 948 461 censeantur
963 451 974 470 ,
993 423 1179 474 temporis
1206 423 1319 461 etiam
1342 423 1440 461 ratio
1458 422 1604 472 obstat,

119 487 158 526 in
185 487 382 540 plerisque
399 487 529 530 saltem
547 486 676 535 libris,
692 487 758 538 qui
774 486 1025 538 regnantibus
1047 488 1265 538 Antoninis,
1284 496 1372 526 ante
1392 488 1521 527 saecnli
1540 502 1604 528 se-

118 553 236 591 cundi
270 552 435 591 mediam
462 560 630 604 partem,
658 551 825 602 ideoque
857 560 946 590 ante
971 551 1151 590 diffusum
1183 552 1356 590 Montani
1386 552 1603 591 doctrinam

117 617 249 668 scripti
270 617 387 655 suere.

169 680 353 719 Juniores
383 681 570 719 Montano
594 689 684 718 sunt
710 679 801 718 libri
818 679 868 718 v1
886 688 926 718 et
941 680 1028 725 VH,
1044 679 1109 718 sed
1136 680 1401 726 montanismi,
1417 681 1472 718 uti
1495 680 1604 719 dixi-

118 756 220 789 mus,
237 745 382 783 indicia
401 744 506 782 nulla
528 745 589 782 vel
610 758 686 782 non
712 744 852 782 idonea
877 744 1109 795 praeserunt3
1137 744 1186 782 ad
1206 743 1461 782 ebionismum
1476 745 1603 796 potius

118 809 323 860 pertinent.
336 809 415 847 Cur
429 817 556 847 autem
574 808 621 847 (le
634 809 679 847 iis
695 810 733 846 in
752 810 844 847 Exc.
856 809 900 855 V,
910 823 994 861 cap.
1006 823 1046 860 9,
1060 817 1174 856 extr..
1187 808 1235 847 ad
1251 809 1468 848 Encratitas
1484 810 1606 861 respi-

116 886 306 920 ceremus,
326 874 365 911 id
389 873 461 912 fuit
480 887 618 914 causae.
640 874 840 921 Tatianus,
861 875 1039 925 egregius
1057 873 1253 925 quondam
1274 882 1415 913 nostrae
1432 874 1515 912 [idei
1534 875 1605 912 de-

117 937 260 984 fensor,
278 952 397 989 quum
415 937 464 976 ab
487 938 657 976 Ecclesia
673 937 866 975 catholica
879 938 1097 986 defecisset,
1122 938 1274 976 videtur
1294 952 1370 975 non
1395 938 1605 985 libionaeis,

117 1015 193 1039 non
228 1003 437 1042 Cerinthiis
457 1003 687 1050 adhaesisse,
708 1002 774 1040 sed
805 1002 1008 1053 propriam'
1023 1002 1095 1040 sibi
1118 1003 1272 1041 tinxisse
1296 1002 1528 1054 theologiam
1554 1016 1604 1042 ex

111 1066 268 1116 judaica
298 1067 586 1117 christianaque
606 1066 784 1114 mixtam,
814 1066 891 1104 imo
911 1080 1053 1104 novum
1084 1067 1154 1106 Dei
1184 1067 1337 1105 colendi
1368 1081 1513 1105 morem
1542 1068 1605 1105 in·

116 1132 284 1180 vexisse,
312 1145 432 1170 novos
460 1132 578 1181 ritus,
608 1144 786 1183 novaque
815 1131 1019 1183 mysteria,
1047 1132 1085 1169 in
1105 1132 1245 1182 quibus
1273 1146 1372 1184 aqua
1403 1132 1482 1171 sola
1517 1141 1604 1171 ute-

115 1198 248 1243 batur.
268 1205 362 1235 teste
382 1197 627 1248 Epiphanio,
647 1196 784 1236 haeres.
812 1198 874 1241 46.
899 1198 976 1235 llos
996 1210 1148 1236 errores
1169 1198 1236 1248 qui
1255 1196 1531 1248 sequebantur,
1551 1196 1606 1234 ob

114 1262 291 1300 eximiam
322 1262 409 1299 vitae
441 1261 719 1300 continentiam
751 1262 957 1300 Encratitae
982 1276 1048 1301 seu
1079 1262 1207 1314 potius
1238 1262 1449 1301 Encratctae
1475 1262 1604 1300 vocati

113 1336 224 1375 sunt;
260 1328 388 1366 necin
421 1328 532 1379 Syria
557 1336 706 1366 tantum
727 1337 792 1366 aut
824 1329 1050 1376 Palaestina,
1074 1328 1140 1366 ubi
1166 1328 1332 1381 primum
1359 1329 1450 1366 salsa
1471 1327 1605 1366 docuit

113 1393 316 1444 Taunum,
339 1393 402 1432 sed
422 1402 461 1431 et
490 1394 527 1431 in
551 1393 651 1432 Asiae
678 1393 839 1431 minoris
859 1394 962 1432 hand
985 1393 1134 1432 modica
1151 1402 1258 1446 parte
1279 1393 1482 1445 pullulasse
1502 1393 1605 1431 illam

113 1468 255 1497 sectam
278 1459 361 1511 ipsc
383 1459 522 1497 fatetur
542 1458 798 1510 Epiphanius.
820 1460 944 1498 Porro
966 1473 1084 1497 novas
1104 1473 1302 1497 sacrorum
1324 1459 1465 1498 formas
1489 1467 1607 1510 atque

114 1525 299 1563 insolitas·
321 1539 470 1577 preces,
492 1524 662 1562 admixto
694 1525 888 1575 frequenti
911 1539 1022 1576 aquae
1050 1539 1138 1576 usu,
1159 1523 1260 1562 libro
1290 1525 1340 1563 vl
1373 1524 1512 1576 passim
1545 1525 1605 1561 in-

112 1602 263 1640 spersas
297 1590 514 1628 notavimus
546 1589 585 1627 in
624 1590 719 1629 Exc.
741 1590 794 1641 V,
814 1604 902 1642 cap.
942 1591 1009 1629 cit.
1041 1591 1152 1637 Quod
1184 1589 1214 1627 si
1249 1598 1442 1628 constaret
1470 1589 1605 1627 salsam

116 1654 386 1693 Ebionaeorum
421 1655 639 1693 doctrinam
661 1655 708 1693 de
737 1655 880 1694 Christi
902 1669 970 1707 per
989 1655 1219 1708 baptismum
1237 1654 1503 1693 incarnatione
1522 1654 1601 1693 Ta-

115 1720 218 1758 tiano
245 1721 403 1771 ejusque
427 1720 625 1772 discipulis
657 1722 858 1772 placuisse,
894 1722 1057 1759 libenter
1081 1721 1128 1759 ad
1150 1722 1248 1760 hanc
1270 1730 1411 1760 sectam
1440 1720 1605 1758 referre·-

115 1798 199 1823 mus
217 1785 286 1822 hos
303 1798 460 1836 quoque
481 1784 600 1823 libros
618 1801 626 1823 :
648 1785 687 1823 id
709 1795 835 1824 autem
854 1795 1013 1838 propter
1042 1795 1242 1824 auctorum
1262 1785 1458 1837 penuriam
1480 1784 1605 1836 suspi-

113 1850 190 1888 cari
212 1851 330 1888 tutius
350 1858 406 1888 est
425 1863 539 1901 quam
561 1850 774 1889 affirmare.

167 1917 287 1965 Nunc,
314 1924 355 1953 ut
386 1916 516 1953 onmia
546 1925 737 1954 sectarum
760 1915 905 1953 indicia
932 1924 1148 1954 scrutemur
1169 1916 1206 1954 in
1235 1915 1458 1966 Sibyllinis,
1483 1922 1602 1953 restat

112 1980 333 2032 origenismi
355 1988 467 2025 nota,
495 1993 610 2031 quam
634 1980 672 2018 in
699 1980 823 2018 solum
842 1979 982 2018 librum
1009 1982 1043 2020 ll
1070 1981 1208 2019 cadere
1235 1981 1427 2026 diximus,
1457 1987 1494 2018 et
1525 1993 1605 2018 uno

112 2047 150 2085 in
175 2047 261 2084 loco
286 2046 496 2098 paucisque
511 2045 687 2084 versibus
703 2045 966 2095 deprehendi,
982 2055 1019 2084 et
1035 2055 1252 2098 temporum
1268 2046 1416 2083 ratione
1429 2045 1604 2083 excusari

113 2127 247 2164 posse,
265 2112 436 2164 quandiu
461 2113 632 2150 nondum
658 2113 844 2161 Origenes
860 2113 990 2163 ejusve
1011 2114 1189 2152 doctrina
1207 2112 1403 2164 publicum
1425 2111 1608 2150 Ecclesiae

107 2178 296 2230 judicium
317 2178 544 2216 incurrerat.
567 2178 802 2224 Quantulum
823 2178 938 2229 igitur
959 2191 1081 2216 causae
1102 2185 1183 2228 est,
1202 2192 1272 2216 cur
1291 2177 1380 2215 huie
1399 2177 1500 2215 libro
1526 2190 1609 2229 prae

111 2243 264 2290 ceteris,
288 2243 476 2280 haereseos
495 2257 624 2288 causa,
649 2242 753 2280 lite-m
777 2244 1024 2282 moveamus?
1346 2291 1351 2296 ι

170 2308 344 2358 Exceptis
369 2321 460 2358 ergo
483 2308 614 2358 paucis
639 2308 746 2345 libris
767 2321 864 2359 quos
892 2322 1009 2359 supra
1037 2322 1058 2345 a
1078 2307 1214 2346 ceteris
1239 2306 1472 2359 separandos
1505 2305 1607 2344 dixi-

113 2387 210 2422 mus,
233 2373 360 2411 nullus
388 2373 600 2425 sibyllinus
627 2382 682 2411 est
703 2374 798 2412 liber
826 2374 1044 2412 christianum
1064 2373 1235 2424 originis,
1252 2373 1320 2425 qui
1342 2385 1418 2410 non
1442 2371 1491 2410 ab
1520 2372 1603 2410 hae-

111 2452 239 2477 reseos
255 2439 440 2490 crimine,
460 2439 575 2476 modo
596 2453 654 2476 res
677 2454 723 2477 ex
740 2452 849 2490 aequo
875 2448 914 2477 et
939 2439 1042 2477 bono
1059 2438 1272 2489 judicetur,
1302 2437 1450 2476 absolvi
1465 2437 1600 2488 possit.
1626 2467 1628 2469 >

111 2504 238 2553 Atque
270 2503 307 2540 in
332 2516 500 2551 summa,
528 2512 569 2540 ut
597 2504 871 2541 controversiae
890 2504 1003 2541 [inem
1023 2503 1225 2549 saciamuS‚
1243 2503 1447 2541 hortamur
1470 2516 1601 2541 omnes

109 2566 177 2617 qui
214 2566 262 2604 ud
298 2567 542 2605 aestimandas
568 2567 848 2618 Sibyllinorum
879 2567 1069 2606 librorum
1100 2568 1306 2619 opiniones
1334 2567 1535 2614 accedent,
1560 2576 1601 2604 ut

113 2629 307 2667 recordari
337 2631 456 2668 velint
476 2631 639 2682 scriptos
663 2631 732 2670 hos
760 2645 842 2670 esse
861 2631 981 2670 libros
1003 2631 1051 2669 ab
1079 2632 1303 2670 hominibus
1333 2632 1371 2669 in
1394 2645 1433 2669 re
1455 2631 1599 2669 theolo-

112 2694 193 2743 gica
227 2695 387 2732 sortasse
410 2709 486 2732 non
518 2696 610 2734 satis
634 2696 874 2743 exercitatis,
902 2697 1065 2748 scriptos
1088 2705 1214 2734 autem
1239 2695 1311 2733 sub
1346 2696 1425 2747 ipsa
1460 2704 1599 2733 nostrae

114 2759 306 2809 religionis
327 2759 582 2808 incutiabula,
604 2760 776 2799 seeundo
798 2762 1016 2812 plerosque,
1043 2762 1212 2813 reliquos
1235 2761 1347 2799 tertio
1378 2769 1462 2812 post
1481 2760 1600 2798 Chri·

113 2832 211 2860 stum
243 2823 404 2869 saeeulo,
428 2833 506 2861 tum
537 2839 654 2875 quum
674 2825 906 2876 gravissimae
939 2827 1214 2864 controversia:
1238 2826 1284 2864 (le
1315 2825 1522 2872 Trinitate,
1550 2823 1603 2861 dc

115 2887 403 2934 lucan-nationv,
431 2888 477 2926 (lc
501 2889 650 2939 judicio
675 2890 740 2944 Dei
758 2920 768 2940 ‚
796 2890 843 2928 ‹lt-
861 2891 1083 2939 chiliasmo,
1107 2890 1279 2928 nondum
1312 2890 1398 2927 ullis
1422 2888 1600 2928 rlcvlcsiae
