1686 3500
159 161 250 205 514
549 153 629 197 AD
664 151 1010 197 SlBYLLlNOS
1044 150 1255 195 Ltssuos

153 275 169 290 ιι
186 254 330 293 mittam
367 249 476 289 vobis
512 249 632 288 Elium
667 247 894 299 proplietam
908 276 919 295 ‚
951 256 1155 298 antequam
1189 246 1331 284 veniat.
1350 247 1430 284 dies
1465 247 1621 287 Domini

154 339 170 355 a
187 331 345 371 magnus
360 325 398 355 et
414 314 634 362 horribilis,
652 323 690 352 et
705 322 904 352 convertet
927 326 996 352 cor
1016 321 1168 364 patrum
1191 311 1239 349 ad
1260 312 1379 359 filios,
1408 320 1480 350 etc.
1503 329 1518 345 ι
1540 315 1622 351 No-

156 382 311 422 tandum
329 390 454 419 tamen
475 379 512 417 in
530 377 699 417 Matthaei
720 378 806 416 loco
828 391 942 428 supra
969 378 1098 422 citato,
1119 388 1193 413 non
1227 376 1346 414 Eliam
1367 376 1488 414 solum
1513 389 1532 413 a
1554 377 1625 415 Ju-

153 448 246 485 daeis
259 443 486 497 exspectari,
499 442 564 480 scd
579 450 616 479 et
635 442 751 479 ulium
767 455 853 479 cum
873 454 919 478 eo
936 440 1178 491 prophetam,
1200 440 1302 490 quod
1328 440 1365 477 in
1380 453 1504 491 graeco
1521 448 1630 478 testa-

155 520 216 550 tur
234 509 416 548 articulus
441 507 519 557 ipse
537 504 621 542 voci
641 505 860 555 praemissus
881 517 889 540 :
909 502 1031 546 Ἠλίας
1054 496 1086 540 εἷ
1105 502 1167 551 σύς
1188 502 1247 540 καὶ
1267 503 1380 553 λέγει,
1399 503 1461 540 οὐκ
1482 503 1564 551 εἶμί.
1585 503 1628 543 ‘0

154 572 331 626 προφήτῃ
348 564 379 608 εἷ
395 568 460 619 σός
480 569 538 606 καὶ
559 568 728 621 ἀπεκρίθη
741 598 752 618 ,
770 568 841 608 οὔ..
861 595 868 604 .
885 566 951 605 ,Τί
974 561 1031 604 οὖν
1054 565 1243 618 βαπτίζειζ,
1265 567 1294 604 εἰ
1318 566 1359 606 σὺ
1378 569 1439 605 οὐκ
1463 561 1496 604 εἶ
1511 569 1529 605 ὁ
1550 568 1630 620 Χρι-

155 638 256 685 στὸς,
285 636 361 675 οὔτε
392 633 533 680 Ἠλίας,
555 633 633 672 οὔτε
658 636 677 672 ὁ
703 633 901 685 προφήτης
925 631 1062 678 Audis,
1091 634 1110 670 ὁ
1132 631 1333 684 προφήτης,
1359 646 1432 669 nou
1453 632 1629 684 προφήτης

156 711 318 742 tantum.
349 700 394 739 Et
413 699 497 750 quis
521 699 584 737 illc
608 698 756 736 futurus
773 697 820 734 sit
842 697 931 735 Eliae
951 709 1079 734 comes
1095 724 1105 744 ,
1125 696 1154 733 si
1175 696 1334 747 quaeris,
1351 697 1475 734 statim
1495 698 1630 734 lieno-

155 767 248 805 clius
268 766 370 803 ultro
390 777 430 802 se
458 763 584 801 offert.
604 763 755 813 Quippe
782 769 821 799 ut
850 761 895 798 ad
920 762 1038 799 futuri
1069 761 1317 812 praecursoris
1341 762 1507 799 officium
1542 762 1629 800 idco

156 831 374 880 designatus
406 828 476 866 fuit
510 827 626 873 Elias,
656 825 786 875 quod,
805 826 950 863 vivuse
971 825 1080 862 terris
1108 833 1263 875 raptus,
1294 825 1426 863 vivere
1453 826 1489 863 in
1517 827 1630 864 Para-

154 896 236 933 ‹liso
265 894 392 944 ibique
411 891 599 943 judicium
632 898 853 941 exspectare
883 890 1127 937 crederetur,
1158 890 1209 927 ita
1243 890 1353 927 facile
1382 890 1630 928 succurrebat

156 959 377 998 uenoctunn
408 954 662 1007 patriarcham
679 986 688 1001 ‚
710 954 776 1005 qui
804 954 944 1005 pariter
973 954 1176 991 translatus
1198 952 1295 992 esset
1324 955 1361 991 in
1387 955 1630 1003 Paradisum,

157 1025 306 1068 (te-nes„
327 1034 415 1072 cap.
439 1022 475 1066 5,
495 1033 528 1056 v.
549 1025 622 1065 πίῃ
647 1019 779 1064 Sirac.‚
796 1032 878 1069 cap.
898 1025 961 1066 44,
980 1032 1013 1055 ν.
1038 1020 1101 1065 ι6,
1123 1019 1267 1069 pariter
1284 1019 1397 1056 etiam
1418 1019 1628 1057 rediturum

156 1086 384 1138 aliquando,
408 1085 598 1134 simulque
618 1097 703 1121 cuni
736 1083 815 1121 Elia
836 1094 1023 1121 extremas
1051 1083 1309 1134 prophetandi
1336 1093 1465 1134 partes
1490 1085 1629 1134 imple-

158 1162 284 1190 turum
301 1180 311 1197 ‚
335 1148 434 1186 unde
461 1148 648 1199 propheta
667 1156 824 1184 vocatur
843 1161 863 1184 a
885 1147 1026 1186 Judaeis
1046 1147 1083 1184 in
1104 1147 1335 1198 Evangelio,
1354 1147 1425 1185 loc.
1444 1147 1510 1185 cit.
1535 1149 1629 1186 Sunt

114 1260 117 1261 ⁷
155 1217 308 1268 quidem
329 1214 376 1252 (le
392 1227 435 1251 ea
457 1227 498 1251 re
516 1213 728 1251 testimonia
740 1214 897 1251 Patrum
917 1214 1153 1264 gravissima,
1171 1214 1402 1252 Tertulliani
1419 1214 1466 1252 de
1483 1215 1627 1260 anima,

155 1295 237 1332 cap.
265 1281 336 1328 50,
365 1279 528 1318 ,loannis
561 1279 809 1326 Damasceni,
837 1277 1075 1328 aliorumque
1098 1292 1106 1316 :
1126 1279 1196 1316 etsi
1218 1278 1450 1317 recentiores
1474 1279 1628 1330 quidam

156 1347 379 1398 interpretes
401 1356 472 1394 pro
500 1341 681 1381 nenocho
709 1343 838 1380 Mosen
869 1341 944 1380 liuc
974 1343 1231 1386 induxerunt.
1252 1343 1494 1395 respicientes
1523 1344 1629 1381 vide-

157 1409 302 1449 licetad
321 1408 418 1446 duos
445 1416 594 1445 sanctos
613 1408 718 1444 viros
747 1406 784 1444 in
806 1406 946 1445 Christi
968 1409 1298 1459 transfiguratione
1322 1408 1447 1458 visos,
1479 1409 1630 1456 Manli„

157 1489 240 1526 cap.
279 1487 337 1521 17,
357 1486 393 1510 v.
422 1474 457 1518 3,
482 1472 546 1510 seil
568 1481 702 1510 contra
733 1480 923 1523 receptam
942 1473 1058 1524 vulgo
1077 1474 1317 1513 sententiam.

207 1539 348 1588 Utique
370 1536 417 1574 de
446 1535 621 1581 duobus,
640 1549 860 1587 quanquam
882 1535 964 1573 sine
980 1537 1148 1586 nomine,
1172 1537 1393 1588 prophetis,
1416 1539 1521 1576 velut
1539 1539 1628 1576 olim

158 1605 196 1642 in
219 1604 292 1641 [ine
306 1614 432 1640 rerum
448 1600 635 1647 venturis,
656 1599 926 1638 celeberrimus
946 1610 1000 1638 est
1020 1601 1305 1652 Apocalypseos
1323 1602 1429 1640 locus
1442 1631 1451 1649 ,
1471 1616 1551 1654 cap.
1573 1617 1586 1640 ι
1600 1618 1629 1651 ι,

157 1682 197 1708 v.
221 1668 256 1714 3,
272 1679 354 1717 sqq.
367 1667 492 1712 Quum
513 1672 636 1702 tamen
653 1663 701 1702 de
718 1664 800 1702 Elia
819 1664 938 1715 magis
952 1678 1065 1715 quam
1083 1664 1131 1702 de
1150 1665 1333 1703 Henocho
1351 1666 1492 1704 diserta
1509 1676 1631 1704 essent

157 1739 295 1770 sanctae
308 1730 514 1781 Scripturae
530 1728 763 1776 testimonia,
782 1728 984 1779 praevaluit
1008 1729 1095 1767 1⁴:¹5ae
1112 1742 1267 1776 nomen,
1281 1730 1484 1780 solumque
1495 1730 1630 1781 saepius

159 1794 346 1836 declarari
367 1794 405 1832 in
436 1793 508 1831 hac
543 1807 584 1831 re
611 1793 723 1841 solet,
744 1801 785 1831 ut
811 1792 914 1844 apud
945 1793 1185 1840 Matthaeum,
1217 1794 1310 1832 locis
1336 1794 1478 1840 citatis;
1500 1795 1629 1841 Marc„

159 1876 250 1914 cap..
261 1875 298 1913 9,
315 1873 351 1900 v.
377 1872 435 1905 ιο,
450 1872 563 1910 sqq.;
584 1857 689 1905 Luc„
709 1871 793 1909 cap.
816 1872 851 1906 1,
874 1871 906 1897 v.
929 1871 988 1906 17.
1008 1859 1070 1898 Sic
1086 1859 1199 1896 etiam
1221 1860 1322 1910 apud
1343 1860 1544 1910 plerosque
1561 1861 1630 1899 Pa-

161 1936 253 1974 tres,
273 1934 310 1963 et
328 1924 381 1963 sic
402 1925 438 1962 in
458 1923 655 1974 Sibyllinis
671 1923 824 1968 nostris,
843 1937 908 1963 seu
929 1924 1058 1975 potius
1075 1924 1110 1962 in
1129 1925 1212 1961 solo
1230 1924 1328 1961 libro
1353 1924 1407 1972 ll,
1424 1925 1535 1976 cujus
1553 1925 1630 1963 liaec

162 1990 277 2030 verba
297 1998 404 2036 sunt,
426 2002 459 2027 v.
485 1989 571 2035 187,
589 2001 674 2039 sqq.
697 2004 704 2026 :

321 2053 390 2093 Καὶ
408 2053 479 2091 τόθ’
499 2054 516 2090 ὁ
535 2052 711 2099 §hacta-m
729 2067 778 2104 γε,
799 2054 861 2090 ἀπ’
876 2054 1021 2106 οὐρανοῦ
1037 2047 1132 2106 &pila
1151 2054 1312 2091 τιταίνων

321 2117 491 2172 Οὐράνιον
504 2147 513 2164 ,
532 2118 615 2171 γαίῃ
640 2119 670 2156 δ’
688 2117 830 2166 ἐπιὸὰς,
850 2118 929 2157 τότε
947 2117 1090 2169 σήματα
1108 2118 1234 2171 τρισσὰ

322 2184 457 2237 Κόσμῳ
473 2182 544 2236 ὅλῳ
561 2182 662 2228 δείξει
677 2199 713 2221 τε
730 2182 972 2234 ἀπολλυμένου
994 2183 1135 2234 βιότοιο.

165 2252 221 2290 De
240 2250 468 2301 cognomine
483 2249 696 2297 Thesbitae,
713 2249 817 2301 quod
840 2263 858 2287 a
878 2250 1000 2301 patria
1018 2249 1179 2301 sumpsit
1199 2249 1316 2300 Elias,
1331 2262 1409 2287 non
1424 2258 1480 2287 est
1498 2249 1558 2287 hic
1574 2249 1629 2286 lo-

162 2330 230 2354 cus
247 2313 481 2366 inquirendi.
507 2315 630 2354 Curru
657 2323 783 2352 vectus
810 2328 829 2352 e
848 2313 942 2352 caelo
961 2314 1082 2360 venit,
1102 2313 1206 2364 quod
1224 2327 1339 2352 curru
1360 2314 1397 2352 iu
1427 2314 1558 2352 caelum
1575 2327 1633 2351 ra-

166 2389 255 2432 ptus
274 2380 408 2425 suerit.
439 2380 530 2431 neg.
550 2379 618 2427 lv,
639 2393 724 2430 cap.
748 2393 786 2427 2,
806 2393 843 2418 v.
880 2393 937 2417 11.
960 2380 1012 2417 De
1028 2378 1150 2417 tribus
1171 2389 1299 2417 autem
1324 2381 1404 2430 ejus
1420 2378 1609 2417 miraculis
1623 2407 1633 2426 ,

165 2457 248 2495 quae
265 2452 352 2482 ante
372 2445 482 2481 linem
502 2457 626 2481 rerum
649 2444 818 2482 facturus
835 2444 999 2490 canitur,
1023 2457 1192 2495 quaenam
1212 2443 1275 2481 illa
1292 2443 1418 2481 futura
1433 2443 1522 2493 sint,
1540 2455 1633 2493 quo·

169 2510 267 2547 niam
296 2509 334 2547 in
363 2522 468 2546 sacra
495 2509 692 2559 Scriptura
713 2523 900 2560 nusquam
933 2522 1097 2547 numero
1130 2516 1335 2555 notantur,
1366 2507 1507 2559 ambigi
1537 2508 1633 2545 licet.
1657 2543 1662 2548 ,

170 2574 304 2612 Utrum
333 2573 370 2610 iu
398 2573 525 2624 aliquo
549 2573 775 2625 apocrypho
802 2575 942 2613 clarius
966 2574 1122 2611 delinita
1152 2573 1316 2619 suerint,
1345 2574 1575 2624 ignoramus.
1599 2571 1638 2609 tn

168 2637 401 2687 Apocalypsi
423 2646 524 2676 certe
550 2637 737 2676 ambobus
757 2638 960 2690 prophetis
976 2637 1055 2676 liaec
1076 2638 1340 2689 assignantur,
1360 2651 1445 2689 cap.
1480 2650 1540 2687 11,
1569 2637 1636 2673 loc.

171 2702 260 2740 cit.:
286 2718 300 2734 n
317 2701 410 2739 Etsi
432 2702 515 2752 quis
535 2702 699 2739 voluerit
717 2702 769 2739 eis
790 2715 928 2740 nocere
941 2732 951 2752 ‚
968 2702 1063 2753 ignis
1079 2702 1179 2740 exiet
1198 2703 1246 2740 de
1273 2715 1340 2740 ore
1356 2715 1504 2747 eorum,
1523 2709 1559 2738 et
1575 2700 1638 2737 dc·

168 2782 187 2800 κ
201 2764 350 2803 vorabit
365 2765 538 2803 inimicos
553 2778 732 2803 eorum...
751 2766 798 2803 lli
816 2765 956 2803 liabent
975 2774 1198 2817 potestatem
1214 2766 1419 2804 claudendi
1433 2766 1581 2810 caelum,
1594 2775 1638 2800 ne

166 2848 187 2870 σι
206 2829 313 2884 pluat
331 2828 465 2867 diebus
486 2829 699 2881 proplietiae
717 2829 889 2882 ipsorum
903 2846 914 2880 ;
930 2838 967 2869 ct
985 2840 1207 2882 potestatem
1230 2831 1373 2869 habeut
1392 2843 1508 2882 super
1526 2840 1639 2878 aquas
