1737 3495
201 221 294 268 330
586 219 668 263 Al)
701 220 748 264 Sl
757 219 1043 265 BYLLINOS
1077 218 1289 262 LIBROS

406 311 578 362 Λαμποίσι
591 311 803 359 καυθήσεσθι
825 314 870 352 δι’
887 314 1008 354 αἰῶνος
1022 310 1062 349 τὸ
1079 313 1266 364 πανῆμαρ,

194 376 308 428 justis
325 388 419 414 vero
435 374 604 416 Paradisi
624 375 770 414 delicias
789 377 1078 427 promittuntur,
1099 388 1133 412 v.
1149 375 1211 420 84,
1231 387 1314 425 sqq.
1330 388 1339 411 :

406 441 453 478 Οἱ
470 438 505 477 δὲ
521 438 611 478 Θεὸν
626 441 793 491 τιμῶντες
809 437 968 485 ἀληθινὸν
989 437 1110 475 ἀέναόν
1132 453 1170 475 τε

405 502 508 549 Ζωὴν
530 504 782 556 κληρονομοῦσι
803 502 844 540 δι’
861 503 981 544 αἰῶνος
1003 501 1142 553 χρόνον,
1157 501 1255 540 αὐτοὶ

404 568 588 610 Οἷκοῖῖντες
605 566 819 619 Παραδείσου
839 568 933 616 ὁμῶς
954 563 1115 617 ἐριθηλέα
1134 568 1261 613 κῆπον,

404 630 609 682 Δαινύμενοι
625 629 752 680 γλυκὺν
773 630 874 682 ἄρτον
895 629 954 667 ἀπ’
970 630 1113 680 οὐρανοῦ
1132 630 1365 682 ἀστερόεντος.

193 693 296 733 Raro
315 694 416 732 enim
450 695 487 732 iu
520 695 662 733 Veteris
687 694 922 732 Testamenti
950 693 1059 731 libris
1090 702 1164 731 tam
1190 704 1362 745 apertam
1389 695 1559 735 invenias
1577 709 1659 749 pro-

193 757 419 805 fessionem,
455 758 615 809 primum
656 758 876 795 aeternitatis
909 771 1104 809 poenarum
1139 771 1183 796 ac
1221 759 1490 810 praemiorum3
1529 760 1658 803 deinde

193 822 370 873 supplicii
395 835 464 873 per
483 823 604 873 ignem
635 821 673 858 in
703 821 887 859 Gehenna
907 820 1119 869 subeundi;
1144 822 1253 859 tertio
1283 823 1404 861 felicis
1423 824 1461 861 in
1482 824 1658 867 paradiso

193 886 282 923 vitae
306 902 315 924 ε
349 900 432 936 quae
462 887 587 923 omnia
621 884 693 922 sub
719 886 844 936 prisco
884 886 1026 923 soedere
1053 885 1184 936 liguris
1219 885 1356 935 saepius
1391 886 1563 926 involuta
1579 917 1589 936 ,
1622 891 1657 928 in

193 951 407 1001 Evangeliis
434 949 517 988 luce
539 950 648 999 plena
672 958 887 989 coruscant.
909 951 992 988 Non
1018 949 1120 1000 quod
1143 949 1304 987 dubium
1330 949 1377 988 sit
1401 950 1464 988 illa
1489 951 1658 1002 dogmata

192 1028 257 1053 seu
276 1015 475 1053 maximam
504 1028 634 1053 eorum
661 1023 829 1066 partem,
854 1028 902 1052 ex
926 1015 1144 1065 antiquiore
1179 1015 1359 1053 videlicet
1389 1015 1602 1065 traditione,
1622 1021 1655 1057 in

191 1079 447 1118 pharisaicam
469 1088 686 1129 penetrasse
704 1078 932 1118 doctrinam.
951 1079 1088 1116 Verum
1105 1078 1386 1117 Alexandrinos
1404 1078 1560 1117 Judaeos
1573 1094 1657 1119 con-

190 1151 265 1180 stat
296 1142 350 1180 illi
378 1152 486 1180 sectae
506 1142 677 1180 addictos
702 1155 779 1180 non
808 1143 923 1180 fuisse
945 1156 956 1181 .·
975 1142 1053 1179 imo
1072 1143 1351 1181 Pharisaeorum
1373 1151 1475 1180 tanta
1504 1143 1575 1181 suit
1593 1146 1656 1182 ad-

190 1201 320 1244 versus
342 1207 496 1245 Judaeos
516 1220 650 1244 omnes
669 1207 887 1245 hellenistas
921 1207 1084 1254 invidia,
1119 1214 1159 1244 ut
1178 1207 1236 1245 vel
1260 1219 1379 1257 graece
1399 1206 1541 1244 discere
1562 1210 1653 1258 apud

189 1272 292 1323 ipsos
320 1273 423 1311 nefas
442 1281 554 1311 esset.

238 1337 350 1384 Quod
379 1338 409 1375 si
436 1337 523 1388 quis
545 1335 826 1374 Alexandrinos
847 1344 974 1388 putat,
999 1337 1088 1386 qnia
1113 1336 1230 1387 magis
1256 1336 1295 1374 in
1318 1336 1561 1387 philosophia
1575 1350 1653 1375 ver-

186 1402 254 1438 sati
273 1411 410 1449 essent,
430 1403 589 1454 propius
619 1402 665 1439 ad
686 1414 818 1438 verum
842 1401 1064 1447 accessisse,
1085 1400 1248 1451 ideoque
1264 1401 1402 1439 clarius
1417 1402 1464 1439 de
1486 1403 1530 1439 iis
1550 1402 1653 1441 rebus

185 1465 332 1503 locutos
360 1479 441 1504 esse
469 1479 581 1516 quam
607 1474 672 1503 aut
694 1464 839 1504 Most-m
859 1474 922 1504 ant
951 1466 1120 1503 Psalmos
1145 1473 1214 1508 ‚aut
1229 1465 1464 1516 Prophetas,
1489 1466 1526 1503 id
1553 1480 1650 1516 vero,

187 1541 234 1566 ne
253 1529 342 1580 quid
365 1531 515 1580 gravius
536 1529 727 1575 dicamus,
759 1529 869 1567 nimis
889 1537 946 1568 est
965 1529 1231 1568 Alexandrinis
1251 1529 1519 1569 honorificum.
1545 1531 1650 1570 Philo

185 1603 302 1644 certe,
321 1595 386 1645 qui
406 1596 573 1634 omnium
587 1595 737 1647 judicio
756 1595 920 1647 primum
939 1594 1039 1632 inter
1065 1607 1128 1632 eos
1145 1594 1269 1632 locum
1291 1594 1466 1640 obtinuit,
1486 1607 1560 1632 non
1581 1603 1648 1632 tam

183 1656 435 1695 orthodoxam
470 1658 518 1697 de
556 1660 717 1697 mortuis
745 1657 997 1708 profitebatur
1024 1657 1135 1695 fidem
1165 1666 1244 1695 tum
1276 1671 1395 1709 quum
1429 1657 1574 1696 fabulas
1608 1659 1649 1698 de

181 1720 313 1759 inseris
337 1722 460 1773 palam
477 1733 748 1774 aspernaretur
766 1724 823 1760 his
844 1722 994 1769 verbis,
1015 1720 1063 1760 de
1083 1723 1222 1773 Congr.
1242 1722 1381 1760 erudit.
1413 1735 1534 1773 quaer.
1554 1736 1647 1761 caus.

181 1799 222 1837 p.
243 1788 333 1834 (⁸32,
354 1787 412 1825 ed.
439 1789 537 1833 3640
561 1803 570 1828 t
593 1786 638 1827 ‘O
657 1786 693 1825 δὲ
711 1789 823 1839 χῶρος
840 1781 937 1828 οὗτος
954 1786 1100 1838 [ἡδονῶν
1116 1786 1175 1823 καὶ
1192 1787 1382 1836 ἐπιθυμιῶν
1402 1786 1461 1824 καὶ
1481 1787 1647 1835 ἀδικημά·

178 1866 247 1888 των
271 1851 407 1903 μεστὸς]
428 1851 695 1905 προσφυέστπιτα
714 1851 848 1889 ἀσεὸῶν
865 1851 1047 1899 καλεῖται,
1066 1853 1164 1902 οὐχὸ
1185 1851 1394 1902 μυΟούμενος
1417 1852 1452 1889 ἐν
1477 1850 1572 1904 ᾅδου·
1595 1852 1646 1890 καὶ

179 1913 247 1966 γὰρ
268 1917 286 1953 ὁ
307 1915 392 1967 πρὸς
407 1917 568 1962 ἀλήθειαν
585 1916 669 1970 ᾅδης
683 1918 701 1954 ὁ
717 1919 776 1954 τοῦ
792 1918 969 1968 μοχθηροῦ
988 1915 1059 1967 βίος
1072 1914 1177 1954 ἐστίν.
1198 1916 1245 1954 Et
1261 1929 1379 1967 quum
1396 1916 1433 1952 in
1455 1924 1537 1953 toto
1555 1915 1645 1953 libro

179 1979 228 2017 de
246 1980 418 2018 Praemiis
436 1989 472 2019 et
492 1981 617 2020 Poenis
634 1994 681 2019 ne
707 1981 820 2019 semel
841 1979 994 2031 quidem
1016 1979 1233 2018 mercedum
1255 1993 1501 2031 poenarumve
1522 1980 1559 2017 in
1580 1982 1644 2018 alio

182 2044 324 2082 mundo
341 2046 557 2085 futurarum
580 2045 923 2098 meminisset,·nisi
942 2058 1018 2082 uno
1039 2044 1172 2092 verbo,
1192 2057 1230 2096 p.
1247 2058 1319 2095 92¹
1343 2058 1352 2084 :
1376 2043 1567 2096 Ἄνθρωποι
1590 2043 1643 2094 μὲν

178 2108 245 2162 γὰρ
266 2108 372 2160 πέρας
401 2112 576 2161 τιμωριῶν
603 2109 781 2161 νομίζουσι
801 2109 966 2160 θάνατον,
1000 2110 1034 2146 ἐν
1069 2108 1105 2146 δὲ
1132 2111 1182 2161 τῷ
1207 2108 1288 2162 Οείῳ
1308 2109 1519 2161 δικαστηρίῳ
1555 2107 1643 2160 μόγις

179 2171 271 2211 ἔστιν
289 2167 384 2216 οὗτος
402 2173 508 2226 ἀρχῆ,
523 2173 642 2212 dubio
663 2182 788 2211 tamen
805 2186 918 2211 sensu
940 2172 1129 2223 nobisque
1152 2182 1328 2224 suspecto
1350 2186 1462 2211 :nam
1491 2181 1532 2211 ut
1548 2173 1644 2224 πέρας

179 2250 365 2275 summum
391 2239 606 2286 cumulum,
635 2239 688 2276 ita
707 2236 818 2289 ἀρχήν
851 2237 1016 2288 primum
1048 2237 1206 2275 sortasse
1228 2245 1265 2274 et
1292 2238 1464 2275 infimum
1495 2237 1642 2289 gradum

178 2314 375 2352 poenarum
391 2330 401 2347 ‚
423 2315 499 2341 non
523 2304 704 2353 temporis
726 2302 876 2339 initium
905 2301 1112 2348 intellexit3
1138 2301 1198 2339 vel
1227 2302 1356 2339 allusit
1376 2302 1424 2339 ad
1442 2315 1526 2340 suas
1548 2302 1641 2340 insa-

179 2378 244 2402 nas
258 2366 605 2417 metempsychoses
619 2395 629 2413 ,
646 2366 694 2404 de
707 2365 846 2416 quibus
866 2366 991 2417 ipsum
1008 2364 1083 2412 adi,
1103 2364 1150 2403 de
1166 2365 1344 2410 Somniis,
1361 2379 1397 2416 p.
1414 2366 1503 2414 585,
1518 2379 1596 2416 sqq.

230 2432 278 2467 At
295 2431 366 2482 ipsi
387 2431 583 2469 christiani
603 2431 809 2481 Sibyllistoe
825 2430 891 2481 qui
908 2429 979 2467 sub
999 2430 1110 2466 finem
1129 2429 1243 2480 primi
1265 2430 1392 2468 saeculi
1410 2438 1474 2467 aut
1494 2428 1641 2468 secundi

179 2493 326 2532 initium
348 2496 604 2546 scripserunt,
625 2495 758 2533 rudem
782 2495 938 2532 omnino
962 2493 1010 2532 ‹le
1028 2494 1143 2544 poenis
1164 2495 1368 2545 impiorum
1397 2508 1440 2532 ac
1459 2496 1506 2532 ‹le
1524 2494 1640 2544 justo·

179 2571 263 2595 rum
292 2560 454 2609 praemiis
477 2559 701 2597 sententiam
723 2558 929 2610 aliquando
947 2557 1215 2604 tradiderunt,
1239 2567 1280 2595 ut
1306 2558 1404 2596 libro
1423 2560 1483 2605 lV,
1503 2572 1538 2597 v.
1564 2559 1638 2604 183,

177 2635 278 2672 sqq.,
300 2623 382 2661 loco
396 2624 472 2672 jam
486 2637 602 2674 supra
622 2624 803 2662 discusso.
818 2627 875 2662 An
890 2623 1007 2673 igitur
1026 2624 1099 2660 hoc
1123 2623 1367 2671 Prooemium,
1385 2624 1473 2675 quia
1492 2623 1639 2674 propius
1688 2626 1693 2631 '

178 2699 291 2736 quam
324 2687 440 2724 ceteri
473 2687 557 2726 libri
591 2688 637 2726 ml
665 2688 919 2738 evangelicam
954 2687 1152 2725 veritatem
1184 2688 1359 2734 accessit,
1400 2701 1514 2738 ιμιιιιιι
1550 2687 1640 2724 inter

175 2750 402 2789 christianos
429 2751 533 2803 ipsos
553 2752 726 2795 emineat,
754 2752 852 2789 inter
867 2751 1044 2803 judaicos
1062 2751 1330 2802 reputabitur?
1354 2752 1463 2791 Adde
1483 2751 1582 2802 quod
1604 2751 1635 2787 in

175 2828 221 2852 eo
243 2814 393 2853 (licendi
412 2815 596 2854 formulas
621 2816 803 2867 quasdam
836 2815 1057 2854 christianas
1085 2817 1256 2854 invenire
1285 2825 1361 2867 est,
1388 2825 1429 2854 ut
1448 2816 1505 2854 vel
1525 2813 1634 2859 illud,

177 2893 211 2917 v.
247 2881 316 2931 85,
345 2878 436 2927 ζωὴν
462 2881 711 2933 κληρονομεῖν,
737 2882 773 2919 ἱη
798 2881 1014 2931 Evangeliis
1049 2889 1124 2919 tam
1152 2895 1250 2933 saepe
1285 2880 1462 2927 obvium,
1495 2878 1632 2922 Manli„
