1686 3500
132 159 162 202 ιτ

167 158 192 201 te

199 158 226 202 Φ

518 155 597 198 ΑΙ)
631 153 980 229 StssYLLtNQS
1019 151 1224 196 LIBROS

434 281 546 320 CAP.
564 280 684 320 XXH.
706 283 761 318 De
781 286 1043 318 resurrectione
1062 289 1298 317 mortuorum.

186 407 242 444 Ex
263 406 308 443 iis
335 418 427 456 ergo
456 404 624 442 tenebris
651 406 792 443 mortui
817 405 865 442 ad
893 417 1031 443 novant
1062 403 1176 440 vitam
1206 402 1446 447 excitantur,
1475 413 1606 439 omnes

130 470 222 508 boni
242 468 392 516 malive,
431 467 640 507 secundum
663 469 910 507 christianam
941 467 1154 505 doctrinam
1179 464 1460 509 orthodoxam,
1475 477 1606 501 rursus

129 535 168 571 in
186 547 225 572 se
238 531 535 572 consistentibus
556 546 764 584 corporum
787 532 972 584 reliquiis,
994 531 1099 582 quod
1121 543 1197 567 non
1219 529 1334 567 semel
1354 530 1390 566 in
1412 527 1606 578 Sibyllinis

130 598 364 649 praedicitur,
384 605 426 635 ut
451 596 518 637 lib.
537 597 598 641 lv,
619 610 657 637 v.
686 598 756 645 176
780 598 898 648 (180),
920 609 1004 646 sqq.
1030 609 1036 632 :

285 659 416 700 Ὀστέα
430 660 491 700 καὶ
503 660 650 708 σποδιὴν
664 662 765 705 αὐτὸς
781 661 869 704 Θεὸς
888 660 1039 710 ἔμπαλιν
1054 659 1162 711 ἄνδρα

285 725 495 777 Μορφώσει,
515 720 638 773 &tricet
655 726 690 765 δὲ
711 726 848 779 βροτοὺς
861 725 965 763 πάλιν
983 726 1028 767 ὡς
1042 723 1153 777 πάρος
1173 717 1262 771 ἦσαν
1276 752 1286 769 ,

128 806 313 844 nusquam
333 801 460 830 autem
484 792 603 844 magis
631 792 770 830 diserte
800 800 837 829 et
861 790 1010 842 poetice
1032 803 1146 841 quam
1169 788 1234 826 lib.
1258 788 1290 826 ll
1306 817 1316 837 ‚
1351 786 1416 824 ubi
1447 786 1527 824 liaec
1555 786 1606 823 le·

124 866 281 910 guntur,
303 871 336 895 v.
359 871 448 902 221,
467 871 551 909 sqq.
574 873 582 894 :

286 922 355 961 Καὶ
377 921 456 961 τότε
472 921 653 974 νερτερίοις
671 920 785 974 ψυχὰς
797 954 805 968 ‚
827 920 885 958 καὶ
901 923 1060 970 πνεῦμα,
1077 917 1136 957 καὶ
1154 917 1261 964 αὐδὴν

282 987 396 1027 Athon
411 986 618 1038 ἐπουράνιος,
635 986 694 1024 καί
714 986 743 1023 τ’
763 985 864 1024 ὀστέα
881 983 1102 1037 ἁρμοσθέντα

285 1052 316 1091 ‘A
326 1057 425 1104 ρμοῖς
440 1051 634 1098 παντοίοις,
656 1066 689 1091 κ.
708 1067 739 1090 τ.
755 1054 784 1089 λ.

126 1118 220 1165 Quae
239 1118 365 1154 onmia
382 1129 457 1153 non
477 1115 636 1154 dubium
657 1125 712 1153 est
734 1115 940 1167 praesertim
963 1112 1218 1164 desumpsisse
1239 1112 1420 1151 Nostrum
1440 1125 1487 1150 ex
1510 1112 1602 1151 Eze-

126 1181 246 1219 chiele
266 1179 454 1231 propheta
471 1208 480 1226 ,
502 1192 585 1229 cap.
607 1180 671 1226 37.

177 1245 234 1283 Ad
259 1243 430 1282 eamdem
457 1256 549 1280 vero
581 1242 902 1280 resurrectionem
937 1242 1092 1280 minime
1123 1240 1318 1292 pertinere
1346 1253 1542 1279 censemus
1563 1240 1600 1279 id

123 1309 226 1362 quod
248 1308 346 1348 libro
363 1308 473 1359 vul,
497 1308 518 1358 §
546 1322 578 1358 t,
596 1307 780 1359 scriptum
803 1307 961 1357 legitur,
979 1320 1016 1344 v.
1042 1320 1127 1353 170,
1150 1319 1231 1357 sq.:

622 1371 889 1425 Ἀποφθιμένους
908 1370 1097 1424 ἀνεγείρας.
1126 1416 1129 1418 ,

123 1438 183 1477 lbi
206 1439 305 1477 euim
323 1438 475 1476 videtur
497 1436 640 1476 reditus
656 1436 703 1474 ad
725 1437 837 1474 vitam
861 1435 1132 1486 intelligendus
1152 1435 1346 1487 justorum
1370 1443 1515 1473 tantum
1535 1437 1600 1486 qui

123 1517 209 1542 cum
222 1504 358 1543 Messia
373 1503 570 1554 regnaturi
586 1510 673 1540 sunt
686 1530 695 1548 ,
716 1501 926 1539 secundum
947 1501 1040 1538 illud
1064 1500 1349 1552 Apocalypseos
1362 1500 1600 1546 vaticinium,

122 1570 169 1608 de
194 1582 271 1620 quo
292 1582 361 1606 uos
381 1581 519 1618 supra,
552 1581 635 1619 cap.
655 1581 691 1618 9.
720 1567 814 1606 Nam
839 1567 876 1605 in
899 1566 994 1604 illud
1020 1575 1199 1604 terrestre
1218 1578 1374 1617 regnum
1395 1565 1600 1604 Millenarii

124 1635 312 1686 plerique,
336 1643 376 1671 ut
404 1632 459 1670 ibi
480 1632 664 1679 diximus,
688 1645 766 1669 non
788 1633 1013 1683 superstites
1044 1639 1188 1668 tantum
1213 1630 1354 1682 justos,
1390 1630 1456 1668 sed
1487 1630 1599 1668 etiam

124 1709 295 1738 mortuos
309 1711 329 1736 e
345 1698 529 1749 sepulcris
545 1706 720 1736 evocatos
741 1697 1003 1736 admittebant.
1017 1698 1096 1735 Hoc
1118 1710 1209 1746 ergo
1224 1695 1405 1734 habuisse
1419 1697 1598 1735 Nostrum

123 1765 158 1802 in
179 1772 304 1802 mente
323 1763 514 1801 credimus
527 1791 536 1808 ‚
555 1776 672 1814 quum
695 1762 775 1800 haec
793 1762 994 1800 scriberet.

175 1829 248 1869 Sed
276 1829 524 1866 nihilominus
550 1836 748 1880 exspectat
776 1828 840 1865 ille
871 1841 1026 1878 quoque
1056 1836 1142 1878 pust
1171 1835 1353 1864 terrestre
1382 1838 1539 1877 regnum
1561 1833 1598 1863 et

122 1894 158 1932 in
183 1907 312 1932 rerum
334 1893 503 1931 omnium
526 1894 600 1930 line
626 1891 834 1930 secundam
861 1892 1203 1937 resurrectionem,
1226 1904 1303 1928 non
1329 1891 1405 1940 jam
1438 1898 1597 1927 sancto-

122 1973 205 1997 rum
237 1958 372 2004 modo,
406 1957 471 1996 sed
493 1966 719 1995 cunctorum
740 1957 820 1995 sine
855 1956 1077 1994 discrimine
1107 1965 1366 2002 mortuorum,
1397 1954 1443 1993 ad
1465 1968 1595 2006 quam,

84 2060 87 2064 ,
122 2023 232 2061 nobis
244 2022 452 2074 judicibus,
472 2023 639 2074 pertinet
661 2022 760 2059 istud
784 2022 820 2058 in
837 2022 972 2059 eodem
994 2021 1286 2071 carminelouge
1305 2021 1402 2058 infra
1417 2033 1460 2057 ac
1478 2033 1598 2071 prope

121 2090 158 2128 in
182 2090 264 2141 ipso
292 2089 365 2126 [ine
386 2090 572 2140 positum,
595 2101 627 2142 ν.
650 2087 723 2125 205
749 2100 757 2126 ε

594 2152 733 2204 Νεκρῶν
751 2145 787 2190 δὲ
808 2150 999 2195 ἀνάστασις
1021 2149 1120 2188 ἔσται
1135 2180 1145 2198 ,

119 2217 213 2255 sicut
232 2226 363 2268 aperte
381 2216 475 2254 illud
493 2216 598 2267 quod
616 2225 726 2254 antea
749 2215 976 2268 praedictum
1001 2224 1102 2261 erat,
1130 2229 1164 2252 v.
1186 2218 1250 2260 82,
1273 2228 1354 2265 ειμι

276 2279 388 2323 Αὐτὸς
406 2279 655 2331 παντοκράτωρ
673 2278 753 2317 ὅταν
774 2277 883 2318 ε’λῡὼν
899 2280 1034 2331 βήμασι
1051 2279 1150 2332 κρίνῃ

276 2344 422 2383 Ζώντων
442 2344 501 2382 καὶ
516 2344 644 2381 νεκύων
662 2344 795 2396 ψυχάς,
812 2360 846 2383 κ.
862 2359 892 2382 τ.
911 2345 944 2383 λ.

118 2411 211 2448 Duae
233 2410 348 2462 igitur
371 2409 673 2447 resurrectiones
696 2409 744 2446 ab
764 2410 836 2447 ltoc
854 2418 965 2460 poeta
989 2409 1144 2460 agnosci
1162 2409 1361 2456 videntur,
1381 2422 1450 2447 nec
1468 2416 1590 2445 tamen

118 2472 553 2524 duojttdicia,qu0niam
573 2473 829 2524 liicjudicium
847 2488 1082 2525 supremum,
1099 2487 1176 2512 non
1196 2487 1283 2519 una,
1297 2483 1338 2511 ut
1353 2474 1467 2524 vulgo
1487 2473 1592 2516 solet,

119 2538 181 2576 die
201 2537 422 2581 includitur,
437 2537 500 2574 sed
524 2538 562 2574 in
587 2539 737 2590 longius
758 2547 910 2589 tempus
926 2539 1156 2589 producitur
1171 2538 1316 2589 (confer
1329 2538 1592 2589 angustinum,

118 2601 167 2639 de
182 2600 264 2639 civ.
278 2601 322 2638 D.
336 2599 401 2639 lib.
420 2601 502 2647 XX,
522 2615 606 2651 cap.
627 2604 673 2652 ι),
695 2603 745 2639 ita
767 2611 807 2639 ut
823 2616 909 2639 cum
932 2602 1079 2640 Messiae
1097 2615 1214 2653 regno
1232 2601 1401 2639 terrestri
1423 2615 1465 2638 ac
1486 2614 1590 2652 paene

113 2664 270 2715 judaico
284 2663 546 2714 incipiat,etin
567 2666 666 2702 illam
682 2666 924 2703 novissimam
940 2679 1259 2716 communemque
1271 2665 1451 2703 omnibus
1470 2666 1587 2713 diem,

117 2730 235 2767 solam
252 2742 352 2766 nunc
372 2728 420 2764 ab
442 2728 668 2766 orthodoxis
685 2739 955 2781 exspectatam,
971 2729 1134 2775 desinat,
1155 2744 1268 2781 quam
1284 2730 1587 2768 millenariorum

117 2794 283 2833 diximus
305 2807 384 2831 esse
411 2802 574 2831 tuentem
592 2809 600 2832 ι
621 2794 720 2832 uude
742 2809 815 2832 non
833 2808 1012 2845 negamus
1031 2809 1204 2846 magnam
1231 2794 1324 2834 oriri
1342 2808 1469 2832 rerum
1489 2807 1583 2831 con-

116 2859 318 2904 fusionem,
333 2869 446 2908 quam
469 2857 504 2895 in
531 2858 604 2897 hoc
625 2859 722 2898 libro
742 2859 962 2907 osu-ndcrc,
980 2873 1056 2898 non
1079 2874 1275 2909 excusare,
1301 2869 1475 2898 nostrum
1501 2857 1581 2895 suit.
