1686 3500
656 207 957 253 exeussus
995 208 1095 253 vu.
1122 266 1125 270 ‚
1187 211 1189 214 ⁴
1516 208 1606 255 607

138 305 259 345 liber:
279 306 314 343 is'
328 307 441 344 tertio
471 304 637 355 trocliaeo
656 313 727 342 tam
752 317 852 355 saepe
867 305 998 349 utitur,
1015 313 1055 342 ut
1077 304 1185 342 binas
1200 303 1314 356 hujus
1329 294 1433 343 moiIi
1448 318 1609 343 caesnras

138 382 212 420 pro
235 369 394 420 singulis
418 368 574 406 alterius
593 368 743 418 generis
768 367 959 407 exhibeat.
984 368 1079 407 Huic
1107 372 1217 406 aetate
1238 380 1315 405 non
1346 368 1506 407 multum
1530 369 1608 407 dis·

138 446 209 483 par
241 433 471 471 Prooemium
508 440 689 483 utrasque
722 432 804 483 pari
837 433 916 469 sere
946 445 1107 470 numero
1133 431 1427 482 complectitur;
1456 431 1608 471 videtur

140 507 278 547 tamen,
309 499 339 536 si
366 498 459 548 quid
488 496 536 535 de
568 506 640 535 tam
660 497 768 536 brevi
802 498 970 535 carmine
999 497 1164 535 divinari
1190 504 1337 548 potest,
1359 498 1471 535 tertio
1491 500 1611 550 magis

140 562 308 601 trochaeo
332 562 476 609 favere,
496 574 573 612 quo
599 561 729 599 ‹Iecem
755 560 947 599 interdum
966 573 1099 598 versus
1120 574 1226 611 paene
1239 561 1445 599 continuos
1460 561 1615 600 dimeti-

139 635 214 674 tur,
235 636 275 664 ut
297 633 423 675 14-24,
450 634 486 664 et
516 626 648 674 75-86.
671 627 814 664 Contra
844 625 882 663 in
911 625 1045 663 ceteris
1075 624 1182 663 libris
1213 625 1398 664 ceterisve
1425 625 1611 665 librorum

141 691 315 742 partibus
331 704 463 729 rursus
483 692 660 742 praevalet
681 690 1013 743 penthemimeris,
1037 690 1076 728 in
1097 690 1197 728 libro
1219 691 1324 739 VIII,
1347 692 1368 741 §
1391 705 1404 729 1
1435 700 1472 729 et
1493 705 1529 738 2,
1547 706 1612 730 ra-

137 756 243 794 tione
271 756 350 793 sere
374 756 532 806 triplivi;
555 756 592 793 iu
621 756 717 794 libro
750 757 794 805 V,
814 756 961 793 ratione
990 754 1151 806 duplici;
1172 756 1208 792 in
1233 755 1339 794 libris
1368 757 1437 804 III,
1458 757 1474 807 §
1503 758 1541 806 3,
1561 757 1612 795 VI

139 822 273 867 etvn,
293 820 376 858 VIII
391 821 439 870 ,§
462 822 482 858 3
505 830 541 858 et
564 828 600 868 l„
619 822 765 859 ratione
784 821 862 858 sere
885 820 1073 871 sescupla.
1089 819 1167 857 Nee
1183 820 1291 857 aliter
1306 822 1342 858 in
1357 820 1490 860 librisl
1507 830 1544 858 et
1564 822 1612 860 11.

140 889 187 922 At
204 884 303 922 liber
321 886 432 935 III,§
455 899 488 932 1,
511 886 686 936 quamvis
710 885 758 923 ab
779 886 907 923 eadem
929 898 1042 922 manu
1063 883 1278 935 profectus,
1307 886 1415 924 aliter
1437 887 1551 936 paulo
1572 900 1613 924 se

138 948 275 994 habet3
292 950 461 1000 quandiu
477 952 577 988 enim
592 950 772 989 Prooe'mii
790 950 946 999 vestigia
960 949 1147 999 seqnitur,
1177 948 1289 986 tertio
1305 949 1474 987 troehaeo
1494 951 1613 1001 magis

137 1013 300 1064 gaudet:
328 1013 393 1052 ubi
415 1028 482 1066 per
503 1028 542 1052 se
563 1014 769 1066 procedere
786 1014 933 1061 nititur,
949 1013 1240 1064 penthemimeri
1256 1026 1333 1051 non
1355 1014 1478 1053 miuus
1494 1015 1616 1053 utitur

137 1091 251 1128 quam
277 1079 438 1129 pri0re5.
597 1080 599 1083 ¹

190 1143 248 1181 Ex
267 1143 324 1181 his
343 1153 492 1182 aetatem
511 1144 748 1195 singulorum
770 1142 955 1180 librorum
971 1151 1036 1180 aut
1049 1142 1249 1193 originem,
1269 1143 1299 1181 si
1323 1143 1406 1194 quis
1423 1143 1611 1195 voluerit,

136 1207 375 1258 expiscetur3
391 1222 460 1246 nos
482 1208 565 1246 illas
582 1207 862 1245 controversias
881 1207 1112 1245 certioribus
1131 1220 1255 1245 rerum
1274 1209 1503 1258 argumentis
1519 1210 1612 1247 diri-

139 1283 242 1308 mere
260 1273 388 1309 eonati
405 1285 555 1317 sumus,
574 1272 782 1322 praesertim
802 1272 840 1309 in
866 1273 1037 1310 Excursu
1058 1271 1102 1318 V,
1128 1285 1209 1320 nec,
1231 1272 1296 1310 ubi
1313 1273 1480 1311 firmiora
1498 1274 1616 1312 docu-

138 1344 261 1373 menta
280 1344 503 1387 suppetunt,
521 1335 668 1374 levibus
686 1350 730 1374 ac
750 1335 1015 1374 vacillantibus
1033 1336 1320 1375 versificationis
1337 1337 1488 1375 indiciis
1504 1338 1614 1375 nimis

140 1399 324 1437 utendum
347 1413 430 1438 esse
453 1414 666 1439 censemus.

190 1465 322 1515 Itaque
351 1479 420 1503 nec
448 1465 502 1503 illi
528 1474 753 1517 argumento
778 1466 937 1503 multum
962 1464 1179 1513 tribuimus,
1206 1464 1311 1515 quud
1335 1479 1355 1502 a
1381 1465 1611 1515 quibusdam

135 1529 413 1567 recentioribus
433 1529 558 1580 colligi
593 1530 763 1567 videmus
782 1544 802 1567 e
827 1529 1059 1580 syllabarum
1080 1528 1253 1566 brevium
1275 1528 1530 1579 productione
1549 1543 1617 1580 per

136 1607 332 1633 caesuram.
356 1594 397 1631 Id
419 1595 519 1632 enini
543 1596 580 1632 in
609 1595 838 1632 hexametris
866 1608 944 1632 non
962 1594 1080 1632 cuivis
1101 1607 1321 1631 concessum
1340 1607 1432 1640 esse,
1451 1604 1516 1632 aut
1535 1608 1616 1632 esse

136 1658 225 1696 huic
244 1659 406 1696 licentiae
421 1658 593 1709 modum,
617 1672 730 1696 nemo
750 1672 839 1696 sane
852 1659 1112 1709 antiquiorum
1130 1658 1331 1696 sibi·saci1e
1346 1659 1613 1709 persuasisset3

135 1723 280 1773 quippe
309 1731 396 1773 post
428 1723 574 1760 inlinita
601 1723 757 1760 Homeri
787 1724 983 1773 exempla,
1013 1736 1170 1774 prorsus
1198 1722 1236 1759 id
1270 1723 1352 1760 solo
1382 1737 1429 1760 ex
1463 1723 1611 1761 aurium

136 1786 296 1825 arbitrio
336 1787 501 1837 pendere
532 1787 761 1837 credebaut3
792 1796 908 1838 atque
943 1788 1009 1825 illo
1033 1788 1120 1838 jure
1147 1796 1281 1838 poetas
1311 1800 1441 1824 omues
1474 1796 1614 1826 temere

135 1851 309 1889 videmus
337 1865 423 1889 usos
450 1864 570 1902 usque
589 1852 637 1889 ad
655 1851 781 1891 Nonni
812 1861 999 1903 tempora.
1030 1854 1171 1890 Omnes
1192 1865 1283 1902 ergo
1305 1851 1511 1902 Sibyllistae
1538 1866 1614 1890 ‹³ae-

135 1929 242 1953 suras
277 1915 392 1953 libere
423 1916 661 1967 producunt,
691 1916 853 1954 maxime
874 1930 990 1966 quum
1016 1917 1155 1954 vocalis
1186 1915 1312 1954 brevis
1341 1916 1377 1953 iu
1406 1916 1489 1966 ipso
1509 1916 1614 1954 vocis

135 1981 210 2017 {ine
245 1981 364 2030 posita
384 1990 461 2030 est,
498 1989 537 2018 ut
557 1980 644 2028 III‘,
676 1994 766 2030 292,
788 1979 917 2034 χρυσόν
934 1995 972 2018 τε
1005 1979 1137 2032 χαλκόν
1152 1995 1213 2028 τε,
1241 1988 1280 2019 et
1308 1980 1378 2018 551
1395 2010 1406 2030 ‚
1430 1979 1508 2018 ἔτεα
1530 1980 1614 2028 καίς

135 2045 298 2083 Prooem.
324 2046 388 2093 46,
413 2043 540 2098 ἑρπετὰ
567 2044 603 2083 δὲ
631 2044 750 2097 γαίης,
771 2054 809 2083 et
837 2044 930 2083 ibid.
949 2046 997 2094 67
1013 2075 1023 2091 ,
1042 2044 1102 2082 καὶ
1122 2045 1235 2094 λίΟινᾳ
1255 2044 1380 2092 ξόανα,
1404 2043 1486 2094 καίς
1507 2045 1614 2095 VIII,

133 2110 155 2159 §
177 2122 212 2156 2,
234 2123 270 2149 ν.
290 2110 379 2156 258,
399 2109 457 2148 καὶ
478 2113 612 2163 φθαρτῇ
633 2109 735 2162 σαρκὶ
759 2108 914 2163 μορφήν;
937 2111 980 2156 V,
997 2111 1087 2158 275,
1109 2108 1271 2163 ἄσπαρτα
1300 2108 1358 2147 καὶ
1378 2108 1545 2161 ἀνήροτα·,
1572 2110 1611 2156 I,

136 2175 227 2224 231,
250 2173 339 2212 ἀλλὰ
368 2174 509 2221 πλάνα,
531 2174 589 2212 καὶ
615 2173 680 2221 δή,
711 2183 748 2212 et
771 2174 862 2225 quid
884 2174 1012 2211 omnia
1048 2174 1281 2213 reseramus?
1308 2173 1485 2225 Exempla
1518 2186 1610 2211 vero

135 2239 326 2277 noluimus
346 2239 420 2277 huc
447 2240 586 2277 afferre
606 2252 691 2290 quae
710 2238 836 2276 dubize
858 2239 1014 2276 fuissent
1035 2238 1288 2287 auctoritatis,
1310 2251 1447 2288 nempe
1467 2238 1505 2275 in
1525 2237 1614 2288 qui-

135 2302 208 2340 bus
231 2302 398 2349 ibreve,
421 2303 551 2341 addito
587 2319 605 2341 ν
636 2303 893 2355 ἐφελκυστικῷ,
921 2302 1083 2353 produci
1112 2310 1282 2352 poterat;
1309 2302 1412 2352 quod
1445 2301 1612 2339 editores

134 2368 290 2416 quidam
311 2381 379 2405 suo
394 2367 555 2405 arbitrio
572 2369 695 2405 facere
710 2369 844 2413 solent,
862 2368 1043 2418 quodque
1054 2368 1233 2405 omissum
1250 2368 1287 2404 in
1303 2367 1471 2405 editione
1486 2374 1614 2405 nostra

134 2433 405 2478 vonxmmnus,
420 2432 481 2470 vir
500 2432 648 2478 doctus,
668 2432 778 2469 nobis
791 2431 1055 2482 exprobravit,
1069 2431 1206 2469 secutis
1221 2431 1307 2469 lieet
1320 2431 1358 2468 in
1378 2444 1422 2468 ea
1435 2444 1476 2467 re
1488 2460 1498 2480 ,
1513 2431 1613 2468 sicut

131 2497 210 2548 jam
231 2498 319 2534 olim
346 2511 626 2540 monueramus,
656 2497 889 2547 optimorum
916 2496 1191 2547 exemplarium
1218 2497 1260 2534 R.
1288 2495 1336 2536 L.
1365 2496 1403 2535 F.
1432 2504 1612 2533 coustan-

139 2572 214 2600 tem
232 2575 340 2613 paene
364 2576 552 2601 normam.
572 2563 620 2600 Et
640 2575 730 2600 sane
748 2562 855 2600 facile
869 2571 968 2609 erat,
988 2562 1221 2612 ubicumque
1240 2561 1425 2612 seriptum
1441 2561 1613 2611 reperie-

135 2626 270 2664 bamus
286 2629 344 2663 καὶ
361 2633 447 2664 πᾶσι
472 2627 669 2678 βασιλεῦσι,
690 2628 782 2673 111*‚
808 2628 898 2674 178,
916 2627 962 2664 de
986 2635 1117 2665 nostro
1137 2632 1242 2665 πᾶσιν
1277 2639 1476 2678 reponere,
1502 2634 1537 2663 ct
1558 2625 1611 2663 sic

136 2693 244 2739 VIII,
268 2698 340 2737 224
357 2721 367 2739 ,
397 2691 551 2745 ῥίψουσίν
572 2694 602 2730 δ’
619 2693 758 2737 εἴδωλα,
778 2702 814 2730 et
834 2692 927 2731 ibid.
948 2693 1037 2742 319,
1056 2692 1175 2746 χερσίν
1194 2707 1232 2730 τε
1251 2690 1351 2730 ποσίν
1377 2691 1408 2729 τ’
1427 2689 1612 2736 ἐπιδείξει,

137 2767 174 2794 et
194 2757 310 2794 multa
331 2757 491 2803 similia,
514 2758 598 2804 nisi,
616 2757 729 2795 nobis
743 2756 897 2808 quidem
913 2755 1124 2807 judicibus,
1142 2757 1332 2808 ingratum
1352 2753 1534 2807 quiddam
1550 2766 1608 2792 so-

135 2830 243 2860 naret
263 2821 419 2859 tinnitus
439 2822 501 2859 ille
522 2821 656 2868 finalis,
677 2835 791 2872 quem
823 2822 974 2860 Persius
1004 2821 1158 2872 carpsit,
1182 2821 1294 2859 Satir.
1316 2821 1346 2867 1,
1365 2833 1401 2858 v.
1426 2819 1494 2855 105
1513 2815 1538 2854 ε’

536 2888 579 2925 lit
602 2887 637 2922 in
661 2886 737 2922 udo
754 2895 808 2923 est
830 2887 969 2924 Maenas
988 2894 1024 2923 et
1049 2886 1165 2924 Attin.
