1752 3495
156 188 216 232 70
533 186 614 230 AD
643 188 985 233 SlBYLLlNOS
1018 189 1226 234 LlBROS

148 302 163 318 n
195 284 510 323 Laurentium-um
539 287 631 324 silva
663 296 731 326 est.
754 306 768 321 υ
799 289 1009 325 Doctorum
1034 299 1136 326 certe
1155 287 1255 325 bona
1282 301 1369 338 pars
1386 288 1610 341 jamdudum

149 351 280 388 silvam
300 350 398 389 hanc
418 364 538 403 prope
556 352 778 400 Lavinium,
797 353 835 389 iu
853 366 944 404 agro
969 354 1221 399 Latwentin0,
1244 353 1480 391 statuendam
1502 354 1611 405 judi-

150 423 348 461 caverant,
374 427 458 464 nec,
487 423 528 453 ut
546 416 760 467 opinamur,
781 416 984 464 immerito,
1006 418 1107 454 circa
1126 416 1311 454 sulfureas
1348 429 1465 467 aquas
1500 417 1612 454 fontis

148 478 346 528 cujusdam
371 492 437 516 seu
461 480 568 529 parvi
594 481 718 526 lacus,
741 479 807 530 qui
826 493 926 517 nunc
957 494 1111 530 quoquc
1129 489 1319 530 superstes
1339 481 1394 529 (la
1422 480 1613 528 Solsatara

149 542 339 592 (ἱἈΙιῘσν-ἱ)
361 551 594 581 memoratur
611 544 648 580 in
667 543 803 582 Italicis
820 543 1022 581 itinerariis
1040 543 1253 593 tabulisque
1266 543 1417 581 illorum
1441 543 1611 582 locorum

152 605 267 655 paulo
285 606 597 644 accuratioribus.

205 668 295 706 Inde
313 678 355 707 ut
371 670 416 707 ad
435 671 593 708 alterum
605 679 751 720 poetam
771 671 948 708 transitus
968 672 1050 715 fiat,
1065 683 1302 721 nequaquam
1318 671 1465 720 lleynio
1479 685 1614 709 conee-

150 733 340 781 dendum,
363 735 505 772 sontem
533 735 746 774 Albuneam
767 733 814 771 ab
844 735 1004 772 Horatio
1036 724 1229 772 laudatum
1250 735 1302 786 (si
1324 737 1408 772 sons
1431 735 1493 772 ille
1518 737 1614 778 fuit,

149 811 261 848 quem
277 807 389 849 poeta
403 799 558 836 domum
575 806 686 835 vocat
703 799 882 836 Albuueae
899 798 1150 847 resonantis),
1173 812 1258 836 cum
1273 799 1410 835 Albula
1426 800 1507 836 rivo
1526 812 1609 836 cou-

151 862 257 900 l'undi
275 876 398 913 posse.
419 864 509 901 Nam
529 864 556 899 is
572 871 824 913 praeterquam
837 891 847 909 ‚
869 871 910 899 ut
928 862 1092 899 diximus
1105 892 1115 909 ,
1133 862 1286 899 minime
1310 872 1483 909 resonat,
1503 863 1614 912 longe

147 926 237 964 satis
255 940 276 964 a
292 926 507 964 Tiburtinis
533 925 767 963 anfractibus
786 926 948 976 ideoque
964 925 1010 963 ab
1033 926 1178 964 Horatii
1199 927 1286 963 villa
1304 927 1456 964 dissitus
1473 935 1527 963 est
1540 956 1549 973 ,
1575 929 1612 963 iu

147 1003 283 1040 campo
307 990 459 1028 minime
480 990 587 1037 laeto,
617 990 704 1036 etsi,
735 1003 811 1027 uno
836 998 920 1040 post
945 990 1142 1027 Horatium
1169 991 1306 1027 saeculo
1330 998 1368 1027 et
1395 991 1473 1040 jam
1496 991 1614 1040 ipsius

149 1055 308 1092 sortasse
328 1063 511 1106 tempore,
534 1054 711 1092 domibus
729 1053 957 1091 suburbanis
978 1063 1190 1092 exstructus
1209 1063 1287 1092 erat
1303 1083 1312 1101 ,
1335 1055 1466 1091 hortos
1491 1064 1527 1092 et
1551 1069 1616 1092 ue-

149 1131 254 1155 mora
286 1118 592 1163 includentibus,
616 1118 738 1168 qualis
772 1118 944 1154 locorum
978 1118 1091 1155 facies
1118 1118 1348 1156 describitur
1376 1133 1397 1156 a
1421 1119 1615 1164 Martiale,

150 1182 279 1232 Reguli
302 1183 482 1219 causidici
500 1183 628 1219 villam
647 1181 844 1227 laudante,
864 1182 928 1220 lib.
950 1183 987 1229 l,
1009 1183 1128 1232 epigr.
1155 1184 1214 1232 13,
1236 1182 1370 1219 initio:

304 1246 386 1283 Itur
401 1245 448 1282 ad
468 1245 644 1282 Herculei
663 1244 806 1294 gelidas
822 1258 896 1294 qua
916 1245 1072 1282 'l'iburis
1091 1258 1196 1283 arces

355 1309 532 1359 Canaque
548 1309 726 1345 sulfureis
742 1308 880 1346 Albula
905 1309 1024 1346 fumat
1048 1310 1176 1359 aquis,

305 1375 405 1413 Rura
423 1387 631 1424 nemusque
650 1386 800 1411 sacrum
817 1373 1179 1424 ‹lilectaquejugera
1198 1375 1336 1420 Musis,
1358 1404 1360 1407 ,

357 1439 487 1488 Signat
505 1439 627 1475 vicina
642 1446 802 1487 quartus
823 1436 870 1474 ab
887 1438 980 1475 urbe
998 1438 1093 1488 lapis
1113 1449 1122 1476 :

304 1502 373 1540 llic
395 1505 502 1540 rudis
521 1503 667 1540 aestivas
683 1502 878 1553 praebebat
896 1503 1068 1552 porticus
1087 1501 1239 1539 umbras
1255 1533 1265 1549 ,
1284 1511 1353 1540 etc.

147 1565 239 1611 Quae
259 1566 424 1604 hominis
441 1566 577 1604 urbani
593 1566 749 1610 deliciae,
769 1566 1011 1617 quantumvis
1031 1580 1051 1603 a
1066 1566 1236 1604 Martiale
1251 1565 1466 1612 laudentur,
1485 1578 1617 1616 parum

146 1639 249 1668 certe
278 1631 479 1668 valuerunt
504 1631 550 1668 ad
570 1630 843 1668 oblectandum
869 1631 1082 1674 lloratium,
1111 1639 1261 1679 poetam
1287 1629 1384 1666 ruris
1411 1638 1447 1666 et
1471 1637 1617 1666 naturae

146 1696 460 1734 amantissimum.
493 1697 538 1733 Et
557 1696 642 1746 quis
662 1708 748 1732 eum
769 1694 900 1732 eredat
920 1695 1036 1732 colles
1058 1707 1146 1731 suos
1171 1693 1326 1731 Tiburis
1350 1692 1550 1730 umbrosos
1578 1701 1615 1730 et

147 1771 336 1804 amoenos,
366 1759 548 1797 Anienem
573 1771 690 1809 aquas
713 1759 1033 1808 prtecipitantem,
1063 1759 1276 1807 vallemque
1293 1757 1395 1794 illam
1413 1770 1487 1807 qua
1520 1757 1612 1794 nihil

150 1822 227 1859 sere
243 1821 281 1859 in
305 1821 399 1860 orbe
420 1830 606 1860 terrarum
625 1822 838 1873 pictoribus
855 1822 999 1873 gratius
1012 1821 1204 1872 occurrit,
1225 1821 1312 1858 ideo
1333 1820 1555 1866 deseruisse,
1576 1829 1616 1857 ut

151 1895 225 1923 tam
241 1887 374 1938 procul
393 1900 414 1924 a
433 1901 473 1925 se
492 1887 646 1925 Albulas
669 1901 785 1938 aquas
805 1888 1030 1932 miraretur,
1054 1889 1232 1924 canentes
1251 1887 1333 1924 illas
1357 1895 1395 1924 et
1414 1887 1559 1924 olentes
1578 1895 1613 1922 et

151 1953 392 2000 stagnantes?
418 1951 516 1996 Quid
533 1952 650 2001 igitur
667 1951 896 2000 cogitemus,
916 1951 990 1987 nisi
1012 1964 1161 1988 versum
1180 1950 1282 1988 hunc
1302 1963 1312 1989 t

411 2016 532 2061 Quam
551 2013 686 2050 domus
705 2012 889 2052 Albuneae
912 2014 1147 2059 resonantis,

151 2089 237 2114 cum
256 2076 503 2127 sequentibus
517 2090 597 2115 esse
619 2077 926 2129 conjungendum
946 2091 955 2115 ε

364 2141 408 2179 Et
425 2155 591 2192 praeceps
612 2141 731 2187 Anio,
752 2150 790 2179 et
806 2129 1121 2195 Tiburni⁸lucus,
1139 2150 1175 2179 et
1195 2141 1269 2180 uda

467 2205 674 2243 Mobilibus
695 2206 866 2256 pomaria
883 2206 974 2243 rivis
987 2235 997 2252 ,
1128 2200 1132 2204 ⁵

154 2268 319 2319 ideoque
344 2269 500 2306 domum
529 2269 714 2308 Albuneae
735 2270 946 2307 resonantis
973 2283 1050 2307 nou
1081 2270 1250 2317 sontem,
1279 2270 1345 2309 sed
1378 2271 1616 2309 domicilium

155 2333 269 2370 fuisse
299 2332 481 2371 Albuneae
507 2332 704 2384 cujusdam
727 2335 902 2385 nympliae
921 2348 1005 2385 quae
1027 2334 1163 2373 Tiburi
1188 2335 1408 2383 colebatur,
1423 2336 1502 2374 sive
1523 2344 1617 2374 tem·

155 2397 259 2447 plum
275 2398 478 2448 intelligas,
500 2399 611 2448 quale
624 2412 726 2437 nunc
742 2399 861 2436 dubio
878 2401 1031 2437 nomine
1042 2399 1193 2450 Sibyllae
1207 2401 1390 2452 templum
1404 2401 1621 2439 ostenditur
1659 2436 1661 2439 .

155 2475 269 2513 supra
293 2463 523 2514 praecipitem
546 2464 702 2501 Anienis
717 2463 882 2514 lapsum,
899 2465 978 2502 sive
998 2465 1218 2515 speluncam
1236 2466 1355 2516 ipsam
1375 2466 1433 2516 (la
1446 2476 1564 2516 grotta
1580 2468 1622 2502 di
1659 2499 1665 2504 .

152 2530 342 2574 Neteuno),
354 2528 391 2564 in
403 2541 514 2578 quam
531 2528 673 2578 ingenti
684 2542 875 2566 murmure
887 2537 1179 2580 prorumpentes
1190 2530 1309 2567 amnis
1320 2531 1452 2578 undas,
1469 2540 1616 2581 gratum

154 2590 367 2629 visentibus
390 2592 635 2639 miraculum,
663 2594 915 2643 spectavimus
937 2594 1010 2643 ipsi
1025 2593 1223 2644 juniores3
1244 2608 1345 2632 nunc
1374 2595 1486 2632 facies
1511 2595 1620 2633 loco-
1641 2637 1645 2640 ,

153 2668 237 2692 rum
256 2656 449 2693 immutata
467 2655 620 2693 dicitur.
638 2655 871 2706 Conjicimus
893 2671 985 2708 ergo
1007 2658 1172 2708 positum
1193 2658 1403 2709 antiquitus
1418 2658 1466 2696 ab
1485 2659 1620 2697 incolis

151 2718 191 2774 in
221 2733 264 2757 ea
291 2719 469 2770 spelunca
491 2720 551 2758 vel
572 2720 674 2758 circa
693 2734 774 2758 eam
803 2722 1021 2772 speluncam
1042 2722 1228 2773 Nymphae
1248 2722 1431 2760 Albuncae
1461 2721 1639 2761 simula-⁸

155 2799 277 2833 crum,
313 2786 410 2824 sorte
443 2786 640 2824 fatiscente
670 2787 752 2838 ripa
771 2817 781 2834 ,
808 2787 845 2824 iu
868 2788 1040 2836 alveum,
1069 2788 1168 2835 sive,
1189 2798 1229 2826 ut
1252 2788 1387 2826 melius
1411 2790 1554 2837 Varro,
1581 2791 1620 2827 in

155 2849 341 2899 gurgitem
361 2850 465 2887 fluvii
486 2849 683 2898 decidisse,
702 2851 802 2889 unde
831 2859 915 2901 post
934 2851 1078 2902 aliquot
1097 2866 1216 2890 annos
1234 2861 1445 2891 extractum
1466 2855 1618 2892 Senatui
