1686 3500
614 198 920 246 EXCURSUS
956 199 1009 243 V.
1370 217 1378 228 *
1430 202 1486 247 4¹
1497 203 1525 246 7

61 311 151 356 pata
169 299 323 338 nomina
337 297 468 338 Martis
488 295 645 350 (Ἄρεως)
663 304 701 334 et
721 294 962 353 ϋίιί8(ᾍὸου)
985 294 1221 347 aliorumque
1241 297 1409 337 Deorum
1422 326 1434 347 ‚
1449 311 1528 338 non

62 379 134 406 tam
153 364 312 416 proprio
331 376 445 415 quam
465 360 670 412 allegorico
689 374 800 399 sensu
817 376 826 399 ε
843 360 882 398 id
903 360 1003 399 enim
1025 359 1063 398 in
1083 359 1260 399 omnibus
1275 361 1472 414 Sibyllinis
1490 363 1531 402 li·

62 431 154 478 bris,
169 429 332 468 maxime
346 440 440 466 vero
456 427 472 465 1
489 434 527 465 et
545 426 602 472 11,
622 425 827 476 saepissime
847 424 986 462 accidit
1005 423 1152 474 (confer
1170 437 1303 476 supra,
1323 439 1410 478 pag.
1428 427 1534 479 393).

62 496 182 534 Totus
198 502 303 532 certe
321 491 420 530 liber
436 491 485 530 x!
504 499 633 540 aperte
649 489 810 528 biblicus
830 488 1005 527 historias
1023 488 1183 540 exponit
1198 500 1209 534 3
1228 489 1378 542 prologi
1393 491 1534 532 deinde

62 568 100 598 et
130 558 272 610 epilogi
286 556 475 596 librorum
502 554 742 606 sequentium
770 567 847 592 non
881 562 1038 605 possunt
1059 553 1131 591 nisi
1150 552 1325 593 aJudaeo
1347 556 1403 593 vel
1430 556 1536 596 Chri.

62 624 186 663 stiano
204 621 362 660 homine
377 613 539 672 profecti
553 632 645 658 esse.
658 620 738 658 lmo
755 618 1000 657 christianam
1021 617 1234 657 doctrinam
1251 617 1355 658 haud
1376 618 1536 661 obscure

61 687 263 741 profitetur
281 684 433 724 duobus
451 684 566 732 locis,
581 697 720 735 nempe
743 683 844 721 libro
862 684 950 730 ΧΠ,
970 696 1007 724 v.
1029 684 1092 732 30,
1112 696 1191 734 sqq.
1212 696 1223 723 t

217 750 309 791 Ἀλλ’
331 748 460 789 ὁπόταν
477 747 590 801 ἀστὴρ
608 747 811 792 πανείκελος
826 746 958 795 ἠελίοιο

219 814 391 869 Λαμπρὸς
407 814 467 853 ἀπ’
490 813 675 867 οὐρανόθεν
694 815 856 867 προφανῇ
876 813 934 851 ἐπὶ
955 812 1070 864 ἤμασι
1087 810 1248 864 μέσσοις,

219 879 292 920 Καὶ
310 878 387 918 τότε
406 877 447 927 δὴ
468 876 610 932 κρύφιος
623 876 698 925 ἥξει
717 876 829 930 Λόγος
846 876 1035 931 Ὑψίστοιο

219 944 343 999 Σσίρκα
359 943 471 996 φέρων
492 946 665 990 θνητοῖσιν
678 941 825 994 ὁμοίιον.

65 1012 205 1050 lterum
218 1038 228 1057 ,
244 1008 408 1055 ibidem,
427 1022 462 1047 v.
484 1009 584 1045 232:

222 1072 293 1113 Καὶ
310 1072 421 1125 Λόγος
437 1071 608 1111 ἀθανάτου
629 1072 784 1125 μεγάλου
800 1073 894 1113 Θεοῦ
914 1070 1039 1120 ἤλυθεν
1060 1071 1109 1115 εἰς
1129 1072 1210 1123 γῆν.

64 1140 199 1180 Utrum
222 1147 346 1176 tamen
366 1151 455 1177 vere
475 1146 513 1176 et
532 1151 578 1175 ex
597 1137 725 1175 animo
744 1138 862 1176 sacris
879 1137 1020 1175 nostris
1039 1135 1218 1175 addictus
1232 1136 1364 1186 fuerit,
1381 1136 1541 1178 dubium

6 1195 9 1198 Δ
63 1203 184 1242 videri
203 1211 355 1255 potest,
375 1202 480 1254 quod
501 1201 561 1240 bis
580 1210 747 1249 tantum,
769 1201 862 1240 locis
880 1214 1018 1254 nempe
1039 1200 1248 1253 praedictis,
1269 1200 1317 1239 ad
1334 1200 1543 1241 christiana

63 1269 239 1321 dogmata
258 1267 492 1318 respexerit;
521 1266 626 1319 quod
647 1266 780 1318 saepius
805 1266 854 1305 de
879 1267 1022 1306 Judaeis
1042 1266 1224 1318 loquatur
1242 1279 1328 1304 cum
1347 1266 1465 1306 nimio
1488 1268 1544 1307 af·

64 1334 190 1383 sectu3
219 1331 325 1383 quod
360 1330 527 1381 denique
559 1337 647 1381 post
670 1333 885 1368 Romanum
916 1330 1118 1381 imperium
1147 1338 1369 1381 regnaturos
1397 1330 1484 1370 illos
1504 1331 1543 1371 in

66 1397 178 1436 terris
204 1396 414 1449 praedicere
439 1394 629 1442 videatur,
649 1394 715 1433 lib.
734 1394 835 1443 XIV,
858 1408 897 1435 v.
921 1395 1011 1444 281,
1027 1409 1142 1447 sqq.:

407 1460 477 1500 Καὶ
496 1459 657 1513 βασιλεία
675 1461 751 1512 μετ’
768 1457 876 1507 αὐτὴν
896 1459 1124 1512 ἐξαναφύσει,

221 1526 351 1571 Παῖδες
369 1525 428 1564 καὶ
444 1525 604 1564 παίδων·
594 1523 694 1575 Ηγενεὴ
716 1525 904 1568 ἀσάλευτος
922 1523 1089 1576 ὕπάρξει”

219 1590 352 1631 Ἔσται
369 1591 436 1644 γὰρ
451 1589 590 1643 γνωστή
610 1591 662 1639 οἱ,
679 1589 753 1629 ἐπεὶ
772 1589 836 1630 Os*
811 1605 862 1634 Εος
878 1589 979 1633 αὐτὸς
991 1588 1150 1631 ἀνάσσει.

66 1658 105 1697 ld
123 1658 222 1697 enim
243 1656 290 1695 ad
314 1655 554 1695 Christianos
576 1656 766 1707 ρειιίιιοι·ο
786 1667 897 1706 posse
918 1655 981 1693 vix
1002 1654 1191 1694 ciedimus
1212 1654 1264 1694 ob
1285 1634 1380 1693 illud
1407 1656 1543 1708 impri-

67 1723 134 1762 mis
153 1722 273 1766 παῖδες
290 1721 349 1760 καὶ
368 1721 503 1760 παίδων
526 1719 641 1772 γενεή.
665 1721 714 1760 Et
736 1719 809 1758 lioc
826 1720 951 1767 etiam,
972 1719 1077 1772 quod
1097 1720 1243 1759 ultimis
1272 1719 1427 1760 duobus
1443 1721 1543 1772 ejus-

65 1789 147 1830 dem
170 1788 258 1828 libri
278 1787 452 1826 versibus
475 1786 696 1838 praedicitur
714 1785 752 1823 in
781 1785 955 1824 eamdem
976 1798 1101 1836 prope
1120 1785 1345 1823 sententiam
1367 1798 1380 1825 .·

222 1852 294 1893 Καὶ
313 1851 390 1892 τότε
409 1852 438 1891 δ’
458 1851 560 1904 ἁγνὸν
577 1850 670 1894 ἔθνος
688 1850 804 1898 πάσης
821 1853 885 1901 γῆς
903 1851 1066 1902 σκῆπτρα
1087 1847 1255 1902 κρατήσει

222 1919 286 1963 Εἷς
305 1918 431 1961 αἰῶνας
453 1915 608 1959 ἅπαντας
627 1915 688 1967 ἅμ’
707 1914 879 1968 ἰφθίμοισι
897 1916 1048 1962 τοκεῦσι,

67 1984 112 2023 de
136 1983 274 2024 Judaeo
297 1983 426 2035 potius
444 1973 559 2033 quam
578 1980 626 2018 de
643 1979 863 2019 Christiano
888 1979 1035 2031 populo
1056 1978 1346 2031 intelligendum
1373 1979 1539 2020 videtur.

67 2049 163 2097 Quid
182 2062 274 2100 ergo
295 2048 430 2100 putes?
450 2046 581 2086 Fuisse
600 2045 836 2096 Sibyllistam
851 2044 969 2083 istum
997 2043 1256 2083 Christianum
1275 2043 1454 2096 quidem,
1473 2046 1541 2086 sed

67 2114 239 2154 Judaeum
265 2113 398 2160 simul;
420 2112 497 2150 imo
523 2110 701 2151 Judaeum
730 2110 849 2160 magis
878 2122 990 2160 quam
1010 2108 1292 2156 Christianum,
1314 2123 1473 2162 prorsus
1497 2119 1542 2150 ut

69 2181 112 2219 de
130 2180 218 2218 libri
236 2182 270 2218 V
298 2188 452 2218 auctore
475 2176 707 2228 conjecimus
722 2205 733 2227 ,
758 2176 807 2214 de
826 2189 905 2227 quo
935 2176 1052 2214 multa
1072 2188 1144 2213 nos
1163 2188 1278 2226 supra
1292 2204 1302 2220 ,
1327 2189 1413 2228 cap.
1439 2190 1476 2225 7.
1496 2177 1542 2217 Id

71 2256 188 2284 tamen
212 2243 327 2283 tertio
345 2242 486 2282 saeculo
506 2241 626 2294 magis
654 2242 815 2279 sortasse
839 2240 978 2279 mirum
1006 2253 1119 2291 quam
1139 2239 1332 2292 secunde,
1353 2240 1422 2280 etsi
1442 2242 1542 2280 mul-

71 2319 123 2348 tas
154 2309 337 2362 judaismi
366 2308 549 2360 reliquias
576 2306 774 2345 etiamtum
800 2305 1033 2357 superfuisse
1064 2305 1309 2343 monstraturi
1338 2318 1470 2344 sumus
1502 2305 1542 2344 in

72 2376 160 2415 Exc.
181 2376 243 2414 vl.
265 2373 468 2425 Reliquum
487 2381 543 2411 est
566 2379 609 2410 ut
638 2371 852 2423 cogitemus
873 2370 1013 2408 multos
1034 2382 1184 2420 semper
1210 2369 1324 2407 fuisse
1342 2369 1444 2408 viros
1466 2369 1540 2408 du-

71 2438 138 2478 biae
157 2438 245 2477 fidei
272 2446 311 2476 et
337 2436 558 2475 fluctuantis
576 2435 837 2482 conscientiae,
868 2435 1040 2485 talesque
1062 2442 1239 2485 repertos
1274 2434 1390 2472 fuisse
1424 2434 1539 2473 etiam

71 2503 162 2542 inter
181 2502 418 2541 Christianos
438 2501 592 2539 illorum
614 2509 858 2552 temporum,
883 2498 1124 2539 Alexandriae
1145 2499 1377 2550 praesertim,
1397 2499 1436 2537 in
1455 2500 1542 2549 illa,

72 2581 179 2619 quam
195 2566 409 2607 Hadrianus
428 2565 551 2618 probe
570 2565 743 2617 depinxit
763 2565 910 2617 (confer
923 2577 1052 2615 supra,
1070 2576 1156 2615 pag.
1173 2563 1277 2614 355),
1296 2565 1542 2635 superstitio-

73 2647 157 2671 num
175 2647 219 2671 ac
242 2641 430 2670 sectarum
451 2631 622 2669 omnium
644 2630 803 2669 sentina.

122 2698 177 2736 De
208 2705 339 2735 nostro
367 2704 494 2734 autem
528 2705 642 2747 poeta
672 2709 718 2734 eo
751 2695 876 2733 minus
907 2694 1069 2746 benigne
1100 2694 1305 2742 sentimus,
1334 2694 1438 2745 quod
1472 2708 1543 2732 su·-

74 2770 218 2812 spectus
238 2760 350 2798 nobis
367 2768 423 2798 est
439 2773 516 2797 non
533 2760 657 2798 solum
678 2758 867 2810 ambiguae
889 2758 1084 2810 religionis
1097 2788 1106 2806 ,
1119 2771 1250 2796 verum
1270 2758 1383 2796 etiam
1403 2759 1543 2810 ingenii

75 2825 192 2864 minus
213 2825 365 2863 honesti
387 2838 395 2862 ε
419 2825 561 2876 quippe
588 2838 705 2875 quum
727 2823 862 2862 nullibi
885 2824 962 2862 fere
990 2823 1029 2861 in
1054 2823 1112 2860 his
1143 2832 1310 2874 quatuor
1333 2822 1440 2861 libris
1463 2824 1543 2861 sin-

76 2901 196 2927 cerum
219 2888 371 2940 pietatis
391 2888 572 2926 affectum
594 2888 712 2939 spiret
735 2888 797 2937 (ne
821 2897 898 2925 tum
919 2886 1074 2937 quidem
1097 2899 1216 2938 quum
1237 2885 1335 2925 libro
1356 2887 1371 2925 l
1389 2887 1503 2926 multa
1521 2901 1541 2926 e

198 2962 284 3006 111.
1291 2974 1348 3022 27
