1686 3500
0 184 2 191 ’
46 185 140 232 340
331 152 334 156 ’
421 184 500 228 An
529 182 876 229 siBYLmNos
911 182 1122 228 uanos

92 280 134 319 ln
151 291 256 317 nono
275 278 350 330 legi
369 277 526 317 videtur
545 277 725 332 Ἄσχάνδιε
738 308 749 327 ,
764 278 970 318 barbarum
987 291 1126 316 nomen
1149 278 1239 318 :sed
1255 292 1349 329 cave
1363 281 1507 320 credas.

38 347 134 384 Nam
151 344 190 381 in
206 343 456 384 ACXANAIE
478 342 571 382 latet
591 344 691 384 inter
709 345 802 382 duas
819 343 960 394 primas
974 343 1101 381 literas
1120 343 1325 394 parvulum
1339 344 1386 391 A,
1401 357 1509 384 more

39 408 79 446 in
98 408 250 446 illorum
272 415 486 458 temporum
512 408 698 460 scriptura
730 408 890 454 usitato;
922 407 990 457 qui
1008 420 1090 445 mos
1111 406 1225 445 etiam
1245 419 1382 458 supra,
1407 421 1442 446 v.
1470 410 1507 460 3,

39 471 263 511 observatus
292 480 350 511 est
372 472 413 510 in
433 472 582 517 θάλπεο,
612 472 677 510 ubi
711 471 842 510 eadem
867 472 976 509 litera
1002 471 1024 509 λ
1047 471 1253 522 perpusilla
1286 472 1509 512 intercalata

37 536 168 574 oeulos
188 536 294 575 fallit.
309 535 342 574 X
363 549 456 574 vero
477 549 548 587 pro
567 536 600 574 Ξ
622 535 787 587 positum
805 535 842 572 in
869 534 1059 586 lapidibus
1080 534 1183 573 haud
1206 535 1426 586 infrequens
1442 545 1510 585 est,

38 600 246 652 praesertim
274 599 349 638 illis
386 599 621 651 temporibus
646 598 741 637 etin
762 597 1065 636 occidentalibus
1097 600 1263 637 maxime
1282 599 1510 650 provinciis,

38 673 197 715 propter
209 663 336 702 latinae
352 663 635 715 orthographiae
655 662 886 713 contagium.
907 663 1078 713 Sequens
1097 664 1113 702 1
1134 663 1242 701 facile
1257 663 1296 701 in
1314 665 1344 703 Ρ
1362 665 1509 712 transit,

37 741 86 766 ne
101 728 229 779 lapide
247 728 402 779 quidem
424 729 668 767 reclamante.
698 728 756 765 De
778 727 914 764 ultimo
942 726 973 764 E
1003 740 1047 764 nc
1066 725 1114 764 de
1134 740 1229 783 voce
1244 727 1415 778 sequenti
1435 741 1510 765 non

38 799 95 830 est
130 791 236 843 quod
263 790 488 843 ambigatur.
508 791 582 829 Nec
606 790 766 827 multum
790 803 859 828 nos
884 789 1047 828 offendit
1072 790 1111 827 in
1139 791 1358 830 Alexandro
1389 791 1511 841 prima

35 855 146 894 litera
169 854 372 907 producta,
392 867 528 904 nempe
546 861 635 890 ante
658 852 867 904 liquidam,
892 862 929 892 et
958 854 998 891 in
1021 853 1174 892 nomine
1200 854 1380 905 proprio,
1412 863 1450 892 et
1473 855 1511 893 in

40 919 106 958 tali
140 927 325 970 poemate.
348 917 519 955 Alterum
549 916 686 955 deinde
708 916 988 956 hemistichium
1016 924 1137 955 totum
1164 926 1220 956 est
1245 917 1510 967 Homericum,

38 982 147 1023 Iliad.
178 983 215 1030 λ,
237 983 325 1030 607,
344 990 381 1020 et
397 980 487 1019 alibi
509 982 663 1032 passim.

92 1047 270 1086 Decimus
288 1059 420 1084 versus
452 1058 558 1096 paene
594 1054 695 1083 totus
725 1044 863 1096 lapidis
886 1045 980 1083 vitio
1003 1044 1220 1097 absorptus,
1244 1046 1355 1085 facile
1387 1054 1510 1084 tamen

38 1110 209 1163 suppleri
231 1118 357 1162 potest
375 1109 453 1148 sive
473 1117 603 1148 nostra
623 1110 703 1147 sive
721 1109 832 1147 simili
859 1109 1090 1160 conjectura.
1113 1111 1162 1149 Et
1184 1111 1338 1161 vulgata
1358 1110 1511 1162 quidem

39 1175 177 1228 lapidis
194 1175 303 1212 initio
322 1174 501 1224 reliquias
516 1172 673 1212 exhibet
691 1174 885 1212 literarum
907 1174 1068 1223 CYNM,
1092 1175 1192 1213 unde
1212 1175 1382 1213 relicitur
1398 1189 1407 1212 τ

197 1236 266 1277 Σὺν
284 1236 391 1289 μητρὶ
410 1238 562 1290 γλυκερῇ
584 1236 646 1275 καὶ
666 1237 896 1289 ἇὸελφειοῖσιν
914 1238 1049 1288 ἐμοῖσιν
1064 1267 1076 1289 ‚

38 1301 102 1340 sed
127 1304 254 1340 verius
273 1300 413 1340 CYMN
431 1300 582 1352 legitur,
604 1300 706 1338 unde
725 1308 856 1338 nostra
875 1301 1078 1352 scriptura.

92 1366 220 1405 Restat
248 1365 402 1404 ultimus
426 1377 578 1411 versus,
609 1363 657 1402 de
687 1377 766 1415 quo
786 1365 950 1402 fatemur
970 1364 1138 1403 dubitari
1169 1378 1306 1418 posse:
1326 1379 1395 1404 nos
1423 1379 1512 1405 vero

37 1443 115 1469 non
137 1429 369 1469 dubitamus.
390 1430 484 1470 Nam
502 1429 570 1467 etsi
591 1428 731 1480 prioris
752 1428 984 1467 hemistichii
1004 1430 1112 1481 litera
1140 1437 1285 1468 tantum
1311 1431 1434 1482 prima
1455 1431 1512 1468 di-

39 1495 194 1534 midiata
223 1503 422 1546 superest,
448 1494 596 1545 reliqua
626 1501 750 1532 tamen
771 1495 879 1544 quasi
909 1503 1047 1545 sponte
1076 1494 1255 1534 subeunt.
1285 1498 1512 1547 Quanquam

39 1559 141 1598 haud
161 1560 381 1611 ignoramus
405 1558 544 1596 multos
568 1559 668 1608 sore,
694 1558 896 1609 praesertim
920 1558 969 1597 ab
997 1559 1163 1597 Ecclesia
1190 1560 1365 1599 Romana
1401 1560 1513 1599 dissi-

39 1622 231 1671 dentium,
250 1622 388 1673 quibus
403 1622 455 1659 sic
479 1622 650 1672 inyocari
674 1631 844 1661 mortuos
858 1623 997 1665 ,minus
1014 1624 1183 1676 placeat3
1212 1637 1281 1663 nec
1297 1626 1421 1663 minus
1436 1626 1513 1663 sor-

37 1697 134 1726 tasse
155 1688 340 1739 quosdam
357 1686 514 1738 pigebit,
533 1688 638 1738 quod
657 1695 798 1726 sanctae
811 1687 1057 1727 Eucharistiae
1075 1688 1302 1728 beneficium
1327 1689 1513 1728 defunctis

37 1752 225 1804 applicari
242 1752 281 1790 in
297 1751 370 1790 hoc
387 1751 512 1802 elogio
533 1752 708 1790 videatur
729 1765 738 1792 :
761 1765 892 1790 verum
910 1752 1010 1791 inter
1028 1753 1219 1792 doctiores
1237 1762 1410 1802 constat,
1435 1755 1512 1805 jam

39 1824 119 1853 tum
134 1815 171 1853 in
191 1816 427 1866 privatorum
443 1815 554 1853 etiam
567 1815 758 1867 exsequiis
774 1815 963 1855 celebrata
979 1817 1093 1856 fuisse
1113 1819 1311 1857 missarum
1327 1818 1513 1869 solennia,

39 1879 144 1932 quod
176 1880 267 1918 olim
286 1880 358 1918 nisi
379 1880 416 1918 in
440 1888 650 1931 martyrum
675 1881 949 1920 anniversariis
969 1895 1047 1919 non
1069 1881 1198 1923 fiebat.

91 1943 204 1992 Quod
219 1943 336 1995 magis
350 1943 397 1981 ad
411 1953 581 1982 nostram
596 1958 675 1982 rem
694 1945 861 1995 pertinet
872 1973 882 1991 ,
897 1945 1002 1983 vides
1015 1945 1183 1997 incipere
1197 1946 1271 1984 hoc
1281 1947 1514 1999 epigramma

39 2008 90 2047 ab
105 2008 360 2047 acrostichide
380 2009 484 2047 vocis
495 2009 667 2049 ΙΧΘΥΣ.
685 2009 793 2047 Illam
806 2022 898 2047 vero
918 2010 1089 2060 speciose
1103 2019 1140 2047 et
1154 2011 1349 2062 ingeniose
1363 2012 1515 2063 sagacis·

39 2074 156 2111 simus
175 2072 356 2111 Franzius
373 2073 426 2111 ita
450 2073 668 2111 continuari
687 2073 825 2125 jussit,
847 2082 888 2111 ut
915 2074 1180 2113 lxfflYE-Em
1207 2076 1291 2114 AEI
1310 2076 1514 2127 legeretur-3
1574 2074 1583 2084 '

40 2137 152 2188 idque
167 2136 279 2175 nobis
290 2136 369 2188 jani
390 2136 438 2175 ab
457 2137 568 2175 initio
586 2137 742 2188 placuit,
762 2146 800 2175 et
819 2138 997 2176 omnibus
1017 2139 1244 2189 placiturum
1265 2153 1346 2178 esse
1362 2141 1515 2179 conlidi-

42 2214 136 2239 mus.
151 2200 227 2240 Sed
248 2200 309 2239 vix
332 2214 376 2240 ac
397 2215 445 2240 ne
477 2201 541 2239 vix
561 2201 717 2253 quidem
749 2201 787 2240 id
820 2202 909 2250 fiet,
932 2203 1026 2254 quin
1054 2204 1239 2242 lectiones
1265 2213 1408 2243 nostrae
1437 2220 1516 2243 συσ-

41 2263 146 2303 σίτων
166 2272 205 2304 et.
225 2263 406 2317 εὖμνήστῳ
432 2265 469 2302 in
490 2265 668 2303 versibus
687 2267 709 2303 8
733 2274 769 2304 et
802 2279 847 2302 ιο
874 2267 1120 2319 recipiantur.
1138 2269 1259 2307 Aliter
1278 2270 1421 2307 servari
1452 2283 1516 2307 ne-

43 2342 148 2367 cesse
170 2329 243 2367 erit
263 2328 487 2381 productam
514 2342 583 2380 per
602 2329 749 2380 aliquot
776 2343 908 2368 versus
926 2331 1216 2370 acrostichidem
1239 2345 1282 2370 ac
1309 2341 1439 2385 postea
1459 2346 1516 2371 ne·

45 2393 226 2445 glectam,
252 2406 410 2444 prorsus
435 2402 477 2431 ut
502 2394 539 2431 in
562 2394 700 2432 nostris
732 2393 927 2445 Sibyllinis
960 2395 1069 2433 initio
1101 2395 1187 2434 libri
1210 2398 1312 2446 vul,
1344 2398 1366 2447 §
1389 2411 1426 2445 α,
1453 2396 1514 2434 ubi

46 2457 190 2507 pariter
209 2457 382 2509 inceptus
401 2457 716 2495 acrostichiorum
736 2458 834 2496 ordo
848 2467 935 2510 post
953 2460 1102 2511 aliquot
1126 2473 1258 2499 versus
1278 2461 1426 2499 delicit:
1451 2459 1514 2499 sed

47 2520 122 2558 hoc
146 2521 184 2558 in
212 2520 422 2571 Sibyllinis,
447 2522 536 2571 etsi,
565 2521 762 2573 quomodo
783 2523 831 2560 sit
860 2523 1022 2571 sactum,
1045 2537 1160 2575 supra
1180 2523 1364 2573 diximus,
1385 2524 1514 2563 merito

51 2594 175 2623 tamen
196 2584 598 2637 displicet3etquanto
620 2586 738 2638 magis
751 2587 789 2624 in
812 2595 884 2625 tam
904 2587 1009 2625 brevi
1030 2588 1241 2638 poematio!

105 2648 193 2686 Esse
212 2656 336 2685 autem
355 2648 430 2686 hoc
454 2649 618 2699 elogium
644 2649 840 2700 Sibyllinis
863 2649 1041 2689 omnibus
1072 2653 1282 2703 posterius,
1299 2661 1412 2704 atque
1430 2651 1514 2690 ideo

46 2711 215 2750 fortassis
235 2710 283 2749 ab
304 2724 438 2749 eorum
452 2712 664 2751 imitatione
681 2713 853 2761 ductum,
871 2714 995 2752 innuit
1014 2716 1205 2767 praecipue
1218 2730 1294 2755 vox
1309 2716 1514 2762 Γαλιλαίων,

46 2789 132 2828 quae
151 2775 199 2813 de
216 2775 441 2814 Christianis
457 2776 529 2814 sub
547 2777 701 2815 Juliano
718 2778 946 2829 imperatore
966 2780 1129 2820 maxime
1149 2782 1282 2821 usitata
1299 2782 1369 2820 suit
1386 2783 1524 2832 (quan-o

47 2854 163 2892 quam
178 2849 215 2878 et
232 2840 426 2891 antiquius
444 2840 576 2889 niulto,
590 2842 726 2880 confer
741 2842 891 2882 Arrian.
913 2843 950 2881 in
972 2844 1095 2895 Epict.
1115 2843 1180 2884 lib.
1198 2845 1260 2895 lv,
1274 2860 1305 2886 c.
1322 2860 1359 2894 7,
1377 2845 1457 2896 §6)‚
1473 2856 1527 2882 ac.
