1752 3495
93 201 100 209 ”
131 201 192 247 76
500 200 582 244 AD
615 199 962 245 SlBYLLlNOS
996 196 1208 243 LIBROS

173 293 230 333 En
248 293 367 345 igitur
386 293 471 331 sons
487 302 551 331 aut
571 294 718 345 primus
737 301 802 331 aut
824 292 1038 343 praecipuus
1058 291 1181 329 omnis
1202 288 1250 327 de
1273 288 1418 340 Libyca
1439 289 1583 339 Sibylla

121 356 353 395 traditionis.
391 357 438 396 Et
468 356 636 396 Lamiam
668 358 822 408 quidem
851 355 1086 406 deperditam
1115 353 1230 392 hodie
1261 350 1585 401 fabulam,'adire

118 421 225 459 nullo
261 420 374 459 modo
412 434 628 472 possumus.
659 421 732 460 Sed
759 433 846 458 ecce
878 432 1010 457 versus
1042 419 1120 456 duo
1142 416 1335 469 Euripidis
1370 418 1539 454 citantur
1563 431 1582 454 a

118 485 315 536 Diodoro,
350 484 417 523 lib.
452 486 669 533 XX,§41,
699 497 794 535 quos
828 497 940 526 nemo
969 493 1031 521 est·
1057 484 1121 533 qui
1158 496 1257 528 non,
1298 481 1421 532 primo
1457 483 1581 519 statim

117 558 294 601 aspectu,
315 562 360 588 ex
382 551 447 589 illa
468 550 594 589 sabula
616 558 730 599 atque
746 562 792 586 ex
810 549 894 599 ipso
915 547 1053 585 sabulae
1073 547 1233 599 prologo
1253 546 1388 585 ductos
1409 554 1515 597 putet
1535 561 1543 583 :

379 614 443 657 Ti:
462 611 720 668 τοῦνομ’[αὐτὸ]
738 612 1013 651 τοῦπονείδιστον
1032 614 1164 665 βροτοῖς

378 678 455 717 Οὔκ
474 671 544 716 οἶδε
560 677 701 727 Λαμίας
716 678 777 722 τ’ἧς
797 675 1011 721 Λιίυστικῆς
1031 675 1148 727 γένος;

115 737 191 777 Ubi
213 751 284 777 nos
314 739 352 778 in
386 741 514 791 priore
538 752 647 777 versu
681 752 813 777 vocem
839 738 924 776 αὐτό
953 739 1065 777 metri
1090 741 1202 776 causa
1236 737 1470 785 addidimus,
1500 736 1582 775 aliis

115 802 225 840 aliter
245 803 370 842 locum
397 802 650 851 tentantibu53
671 816 803 841 sensus
824 803 956 854 utique
981 811 1149 850 constat,
1170 811 1208 840 et
1236 803 1372 839 mirum
1397 810 1579 853 quantum

114 866 162 904 ad
179 877 347 906 nostram
368 881 444 906 rem
469 868 643 919 pertinet.

165 931 240 970 Sed
273 933 392 970 officit
420 941 546 970 tamen
570 932 608 970 id
627 931 732 983 quod
752 945 773 970 a
792 931 983 983 Wagnero
1017 930 1265 969 contenditur
1292 930 1330 967 in
1359 930 1580 980 praefatione

113 996 160 1034 ad
176 997 311 1048 fragm.
335 998 552 1049 Euripidis,
575 999 717 1036 nullam
750 998 865 1036 fuisse
886 997 998 1048 liujus
1022 1005 1144 1048 poetae
1165 995 1329 1034 fabulam
1349 995 1420 1034 sub
1446 995 1580 1034 Lamiae

110 1062 266 1100 nomine
295 1061 446 1101 editam.
466 1063 562 1101 Nam
589 1064 627 1101 in
648 1063 805 1114 amtiquo
835 1062 984 1114 lapide,
1008 1062 1098 1099 olim
1125 1062 1163 1099 in
1186 1061 1306 1099 hortis
1326 1061 1483 1100 Albanis
1511 1075 1576 1098 re-

108 1134 235 1176 perto,
254 1139 368 1176 quein
387 1128 562 1178 primitus
582 1127 779 1178 {Euripidis
795 1135 928 1164 statuae
944 1127 1121 1164 suffixum
1141 1126 1255 1164 fuisse
1273 1126 1478 1163 verisimile
1491 1130 1574 1171 est,

108 1188 252 1240 quique
266 1191 480 1242 catalogum
499 1191 613 1230 habet
631 1192 922 1242 Euripidearum
947 1190 1162 1229 fabularum
1183 1200 1361 1229 accurate
1378 1199 1415 1228 et
1441 1190 1578 1228 ordine

110 1252 262 1302 quidem
282 1254 525 1306 alphabetico
545 1257 804 1307 conscriptum
830 1257 974 1307 (confer
993 1257 1226 1306 Wagnerum
1248 1256 1322 1294 loc.
1341 1255 1434 1306 cit.),
1456 1253 1579 1306 Λάμια

107 1330 181 1355 suo
197 1318 283 1357 loco
304 1320 402 1358 inter
423 1320 602 1360 Κύκλωπα
625 1329 662 1359 et
677 1319 867 1372 Λικύμνιον
889 1321 1141 1371 praetermissa
1161 1328 1232 1359 est.
1253 1319 1324 1358 Sed
1348 1333 1482 1371 parum
1506 1319 1578 1357 hoc

109 1381 210 1419 valet
236 1393 370 1422 contra
393 1384 579 1422 disertum
607 1385 787 1422 Varronis
811 1384 1086 1431 testimonium,
1105 1384 1315 1433 allatosqne
1342 1396 1364 1420 a
1387 1382 1576 1429 Diodoro,

110 1454 290 1497 tanquam
314 1449 528 1500 Euripidis,
550 1450 646 1487 duos
665 1463 811 1488 versus.
841 1450 941 1496 Quid
964 1449 1068 1500 quod
1090 1449 1216 1487 forsan
1235 1449 1299 1486 illa
1325 1447 1451 1486 sabula
1481 1449 1578 1486 inter

110 1510 306 1562 Euripidis
337 1514 500 1551 incertas
525 1523 638 1564 atque
668 1523 934 1552 controversas
962 1513 1098 1552 haberi
1119 1513 1261 1564 potuit,
1282 1512 1425 1563 aliquid
1454 1522 1575 1550 tamen

109 1576 343 1614 auctoritatis
362 1578 465 1629 apud
485 1578 619 1616 doctos
639 1579 830 1616 retinere?

160 1640 277 1679 Instat
310 1650 434 1679 tamen
460 1646 698 1694 Wagnerns‚
721 1652 908 1694 putatque
937 1642 1037 1693 apud
1066 1642 1311 1681 Lactantimn
1339 1642 1578 1680 varroniana

107 1714 373 1756 excerpentem
409 1720 480 1757 pro
511 1710 659 1744 Lamia-,³
694 1707 897 1758 legendum
927 1720 1007 1745 esse
1042 1709 1284 1752 Lamlamioe,
1308 1715 1345 1744 et
1374 1706 1575 1758 prologum

107 1782 183 1806 non
200 1783 281 1809 esse
301 1771 415 1809 alium
436 1786 550 1823 quam
582 1773 795 1819 Protesilai,
817 1770 962 1810 amissae
985 1786 1088 1810 nunc
1118 1772 1248 1810 itidem
1270 1771 1421 1819 sabnlae,
1444 1772 1481 1809 in
1503 1784 1577 1821 qua

106 1835 212 1886 fingit
232 1836 291 1874 vir
310 1835 446 1875 doetus
473 1836 716 1876 Laodamiam
743 1838 944 1877 Protesilai
976 1851 1134 1876 uxorem
1169 1838 1283 1876 fuisse
1305 1837 1548 1889 praelocutam
1568 1853 1575 1874 ε

105 1900 210 1951 quod
229 1901 371 1939 nemini
393 1902 620 1953 placiturum
638 1903 880 1943 confidimns.
901 1903 994 1949 Quis
1014 1905 1114 1941 enim
1135 1903 1268 1941 credat
1298 1917 1384 1941 casu
1406 1903 1577 1941 evenisse

105 1966 270 2017 primum
289 1975 328 2004 ut
349 1967 562 2020 Euripides,
581 1968 689 2019 cnjus
711 1968 874 2006 fabulam
892 1968 1060 2006 Lamiam
1083 1969 1206 2006 Varro
1227 1977 1424 2014 memorat,
1444 1981 1576 2006 revera

105 2029 335 2068 mentionem
367 2032 507 2070 faceret
537 2030 678 2069 alicubi
703 2031 841 2070 Lamiae
866 2045 909 2069 ac
937 2031 1114 2070 videlicet
1138 2030 1291 2082 Sibyllae
1312 2031 1441 2069 Lamia
1461 2041 1574 2077 ortae,

105 2093 144 2131 id
164 2108 255 2132 vero
276 2108 351 2133 non
372 2096 410 2134 in
431 2096 588 2145 Lamiae,
608 2096 673 2134 scd
692 2096 731 2134 in
745 2096 948 2135 Protesilai
969 2096 1144 2148 prolog0‚
1173 2109 1330 2147 prorsus
1347 2110 1367 2133 a
1393 2096 1456 2133 tali
1475 2109 1578 2133 men-

108 2159 210 2198 tione
240 2161 383 2209 alieno;
422 2161 560 2200 deinde
592 2171 634 2200 ut
662 2162 760 2200 sorte
792 2161 945 2199 fortuna
973 2161 1189 2199 Laodamiae
1216 2160 1416 2212 prologum
1447 2160 1576 2198 mallet

106 2223 234 2262 dicere
247 2225 371 2263 Varro
389 2239 504 2277 quam
530 2226 751 2273 Protesilai;
771 2225 909 2264 deinde
928 2225 1039 2264 etiam
1064 2222 1223 2263 utrm-te
1251 2225 1406 2279 fortuna
1427 2225 1575 2263 Laoda-

107 2289 192 2326 miae
210 2303 347 2328 nomen
370 2292 407 2329 in
430 2291 598 2329 Lamiam
619 2299 909 2329 converteretur
932 2304 953 2328 a
977 2290 1165 2329 Lactantii
1185 2289 1366 2338 librariis,
1397 2290 1462 2340 qui
1486 2303 1575 2328 sanc

107 2353 358 2405 Euripideum
379 2356 580 2407 prologum
602 2368 796 2406 nunquam
827 2354 1010 2406 legerant.

157 2419 232 2456 Sed
251 2429 363 2470 negat
383 2422 593 2470 Wagnerus
613 2420 680 2471 ulli
700 2434 868 2470 unquam
890 2420 1033 2470 tragico
1054 2429 1177 2471 poetae
1198 2432 1398 2470 personam
1417 2418 1571 2463 Lamiae,

105 2491 170 2520 aut
199 2483 237 2521 id
269 2493 554 2535 argumentum,
579 2485 618 2522 in
648 2498 724 2535 quo
747 2484 876 2522 Lamia
897 2493 1023 2535 partes
1045 2492 1193 2535 ageret,
1219 2483 1368 2534 placere
1393 2483 1574 2534 potuisse.

103 2546 272 2597 Turpem
294 2549 394 2586 enim
421 2549 528 2586 istam
555 2549 668 2587 fuisse
691 2561 894 2599 personam
916 2557 954 2586 et
973 2548 1084 2599 vulgo
1112 2548 1290 2595 invisam,
1316 2561 1385 2585 nec
1412 2547 1572 2584 invisam

104 2611 236 2658 modo,
255 2612 320 2650 sed
345 2622 382 2650 et
403 2613 621 2658 ridiculam,
643 2627 724 2664 quae
752 2614 898 2666 scilicet
920 2612 1094 2650 dentibus
1117 2622 1276 2660 armata,
1298 2613 1427 2650 minax
1452 2612 1572 2658 hiatu,

104 2676 236 2726 pueris
268 2676 509 2728 plorantibus
543 2673 846 2716 t'en·itamentum
885 2691 906 2714 a
943 2663 1157 2718 nutricibus
1192 2676 1371 2715 intentari
1408 2676 1569 2720 soleret,

103 2752 259 2789 qumque
279 2740 367 2777 idco
389 2741 426 2777 in
448 2740 696 2791 proverbium
724 2742 890 2780 venisset
920 2740 1073 2792 (Λαμίας
1093 2740 1396 2794 δυσμορφότερον),
1417 2749 1530 2790 atque
1549 2755 1582 2796 a-

103 2804 258 2842 comicis
277 2818 376 2856 saepe
404 2804 571 2843 ludibrio
602 2805 824 2845 haberetur.
855 2807 1026 2853 Quorum
1051 2806 1234 2857 pleraque
1257 2804 1357 2843 ultro
1389 2804 1567 2853 fatemur,

105 2876 141 2905 et
161 2868 300 2907 scimus
323 2869 486 2908 Cratetis
512 2869 678 2909 fabulam
708 2871 890 2910 uomicam
922 2870 1061 2909 Lamiae
1092 2871 1244 2909 nominc
1274 2870 1494 2921 inscriptam
1517 2868 1564 2907 ab
