1752 3495
145 177 204 220 14
520 173 600 218 AD
635 173 976 217 SlBYLLlNOS
1011 172 1220 217 LIBROS

143 270 292 310 tendam
313 257 565 308 moueatsatis
584 282 760 320 expresse
779 269 999 320 Pausanias,
1020 269 1092 308 loc.
1113 269 1176 308 cit.
1198 280 1208 306 :
1226 268 1336 307 Καλιί
1354 268 1391 305 δὲ
1408 269 1471 321 οὐχ
1485 268 1593 321 ‘lipo-

142 335 242 386 φίλην
262 333 383 385 μόνον.
398 360 409 371 .
426 361 436 371 .
462 334 497 371 ἐν
514 338 586 377 τοῖς
603 331 717 371 ἔπεσιν
737 330 858 378 αὑτήν,
882 332 982 370 unde
1008 333 1130 370 solum
1158 345 1298 370 nomen
1318 331 1594 370 admittendum

141 397 327 451 Ἡροφίλη,
342 396 445 448 quod
464 397 587 436 solum
607 398 646 435 in
667 405 788 434 metra
809 396 928 445 recipi
948 397 1086 446 potuit.

194 465 242 500 At
259 461 359 500 enim
374 461 512 510 „juxta
529 460 620 497 illud
641 460 762 509 ipsum
780 458 1037 496 testimonium
1065 472 1141 496 non
1162 458 1411 510 Herophilam
1432 468 1594 507 tantum,

140 523 203 561 sed
217 531 254 561 et
267 523 437 562 Artemin
457 536 521 561 seu
537 523 695 560 Dianam
715 520 853 570 passim
875 519 1037 557 vocabat
1062 533 1101 557 se
1120 521 1158 558 in
1177 534 1222 559 eo
1242 521 1407 558 carmine
1427 522 1570 573 Sibylla
1589 536 1596 559 :

105 598 112 606 ·
141 588 220 639 Οὐχ
237 586 427 639 Ἡροφίλην
465 585 578 636 μόνον,
603 583 691 620 ἀλλὰ
714 584 773 620 καὶ
791 581 967 634 Ἄρτεμιν.
989 584 1044 621 lta
1062 597 1151 621 sane
1172 599 1180 622 :
1201 598 1332 622 verum
1348 585 1420 623 hoc
1449 587 1598 635 poetica

140 652 293 689 licentia
323 653 482 697 sactum,
516 649 574 686 vel
599 649 759 686 furentis
792 648 992 695 instinctu,
1022 648 1119 687 sicut
1144 648 1196 691 ibi
1224 664 1264 687 se
1290 649 1404 688 modo
1428 663 1598 688 sororem

140 716 346 766 Apollinis,
371 714 483 752 modo
507 712 631 757 filiam,
657 711 772 749 modo
800 726 956 750 uxorem
980 712 1157 760 canebat,
1178 709 1335 763 figurate
1354 714 1432 752 haec
1449 715 1599 765 onmia,

141 789 233 818 teste
254 780 439 819 Pausania
459 790 575 827 supra
598 777 663 816 cit.
696 778 829 827 ltaque
853 789 991 813 nomen
1019 775 1214 830 Ἡροφίλη,
1239 786 1371 828 utpote
1389 778 1494 829 quod
1525 779 1600 815 mi-

141 843 242 882 nime
258 842 477 881 translatum
505 840 637 878 haberi
658 849 806 892 posset,
819 840 909 892 jure
925 840 1136 892 praevaluit.

193 907 317 946 Unum
347 906 519 943 videmus
548 904 596 942 ab
616 904 794 942 omuibus
827 905 1027 943 dissentire
1045 905 1269 943 Martianum
1291 905 1505 956 Capellam,
1526 907 1599 945 loc.

140 972 220 1018 eit„
241 971 307 1021 qui
325 970 508 1007 incertum
529 982 607 1020 quo
626 977 796 1016 auctore,
820 982 956 1006 nomen
981 968 1083 1006 aliud
1106 969 1243 1006 affert:
1267 987 1282 1003 ιι
1302 971 1576 1019 Symmachiam
1590 999 1601 1017 ,

142 1035 282 1085 inquit,
312 1052 328 1067 σι
359 1033 605 1086 llippotensis
636 1033 776 1081 filiam,
803 1046 884 1083 quae
913 1033 1108 1083 lirythraea
1129 1033 1200 1085 [an
1231 1034 1359 1084 potius
1381 1035 1602 1086 Erythris?]

140 1117 153 1131 ι
185 1099 404 1149 progenita,
425 1099 536 1136 etiam
557 1098 685 1136 Cumis
706 1106 760 1135 est
778 1097 990 1135 vaticinata.
1008 1115 1023 1131 υ
1041 1097 1114 1136 Sed
1140 1106 1260 1135 totum
1289 1099 1369 1149 ejus
1386 1099 1433 1137 de
1448 1099 1603 1150 Sibyllis

141 1165 266 1201 locum
292 1164 384 1201 mire
419 1171 644 1213 corruptum
672 1170 710 1199 et
736 1175 956 1212 perversum
988 1175 1069 1200 esse
1096 1161 1290 1200 fatendum
1317 1172 1384 1202 cst.
1417 1164 1502 1214 lpsa
1530 1178 1604 1202 vox

139 1228 381 1277 Ilippotensis
397 1254 408 1273 ,
423 1226 453 1263 si
473 1239 494 1263 a
523 1239 646 1277 graeco
673 1234 828 1262 auctore
853 1225 1053 1277 desumpta
1069 1234 1143 1273 est,
1162 1234 1290 1276 aperte
1308 1227 1440 1264 vitium
1470 1237 1601 1265 sonate

138 1291 305 1338 Ἱππότης
323 1292 482 1329 sortasse
503 1303 623 1341 graece
642 1290 824 1340 scriptum
857 1290 993 1338 suerit,
1013 1291 1103 1328 satis
1123 1299 1253 1328 notum
1272 1305 1409 1330 nomen
1432 1292 1468 1329 in
1489 1294 1605 1331 llera-

138 1357 324 1394 clidarum
356 1355 514 1393 historia
548 1354 650 1405 apud
680 1353 958 1405 Apollodorum
988 1362 1026 1392 et
1052 1355 1300 1402 Pausaniam,
1333 1356 1399 1393 sed
1429 1356 1521 1394 nihil
1554 1357 1601 1395 ad

137 1420 334 1470 Sibyllam.
357 1421 424 1458 Est
449 1432 602 1470 quoque
629 1419 816 1470 llippotas
832 1447 843 1465 ,
861 1419 960 1457 AEoli
982 1428 1091 1470 pater
1113 1420 1192 1457 sive
1217 1433 1333 1466 avus,
1362 1421 1409 1458 de
1439 1435 1516 1472 quo
1536 1435 1604 1459 nos

137 1484 280 1535 aliquid
298 1484 346 1521 ad
364 1484 587 1523 Cumanam.
613 1484 669 1521 De
685 1482 935 1533 Symmachiae
964 1483 1118 1522 nomine
1137 1484 1229 1522 nihil
1248 1485 1449 1532 succurrit,
1470 1485 1541 1523 nisi
1558 1485 1607 1523 al·

139 1549 344 1599 legoricum
365 1547 488 1585 videri
504 1556 542 1585 et
560 1561 582 1585 a
602 1546 878 1585 recentioribus
894 1548 1161 1597 excogitatum.

193 1612 350 1662 Reliqua
372 1625 456 1662 quae
480 1610 526 1648 de
546 1611 627 1659 ejus
656 1611 824 1648 mulieris
845 1618 930 1647 ortu
950 1610 1210 1657 tradebantur,
1240 1613 1409 1662 quamvis
1430 1612 1605 1663 ambigua

140 1677 257 1727 magis
270 1684 307 1714 et
320 1684 579 1722 controversa,
592 1675 722 1725 paucis
739 1674 799 1712 hic
811 1675 1037 1726 exponenda
1055 1683 1156 1713 sunt.
1178 1676 1353 1726 Erythris
1369 1685 1496 1714 natam
1517 1678 1607 1726 Ery-

142 1741 245 1778 thraei
259 1741 399 1778 acriter
417 1738 712 1788 contendebant,
727 1738 843 1789 idque
858 1752 975 1789 quum
995 1740 1181 1790 opinione
1194 1741 1388 1778 communi
1403 1750 1439 1779 et
1454 1742 1606 1791 vulgato

140 1805 292 1856 Sibyllae
322 1805 575 1856 cognomine,
608 1811 687 1859 tum
714 1804 923 1855 praesertim
957 1804 1144 1854 Erythraei
1167 1805 1346 1843 carminis
1368 1805 1606 1843 hemistichia

141 1868 342 1906 firmabant
360 1883 368 1905 ε
386 1866 518 1920 Πατρὶς
537 1866 573 1905 δέ
590 1867 648 1917 μοί
664 1868 756 1905 ἐστιν
773 1866 924 1920 ἘρυΟρή
937 1896 947 1912 ,
965 1868 1052 1906 licet
1069 1869 1164 1915 aliis,
1183 1879 1224 1906 ut
1237 1870 1313 1918 jam
1331 1869 1473 1907 dictum
1492 1878 1549 1908 est
1568 1878 1607 1907 et

143 1933 260 1971 fusius
279 1933 318 1970 in
336 1932 514 1984 proximo
530 1932 654 1982 capite
673 1931 834 1979 dicetur,
852 1932 1158 1971 reclamantibus.
1187 1934 1244 1972 Ex
1270 1933 1438 1984 ejusdem
1464 1935 1606 1972 carnii-

142 1996 200 2033 nis
218 1995 290 2033 fide
308 1995 522 2047 Nympham
542 1996 595 2033 illi
612 2004 768 2034 matrem
790 1996 1050 2048 assignabant,
1064 2010 1222 2048 eamque
1239 1998 1276 2036 in
1299 1998 1608 2037 umbrosismon-

141 2062 233 2098 tium
250 2060 427 2106 vallibus,
449 2073 534 2111 quae
550 2061 672 2098 ionice
682 2054 759 2099 ἷδαι
780 2070 978 2107 vocantur,
995 2062 1250 2109 habitantem,
1269 2063 1369 2102 unde
1393 2063 1552 2114 Sibylla,
1568 2077 1607 2102 se

143 2126 224 2177 ipsa
239 2134 344 2175 teste,
364 2124 532 2178 μητρόθεν
557 2124 738 2176 Ἰδογενής.
763 2127 913 2165 Patrem
935 2139 1109 2177 quoque,
1131 2127 1211 2177 ipsa
1230 2127 1371 2166 ibidem
1392 2129 1607 2176 confitente,

143 2190 406 2240 producebant
423 2190 649 2241 piscatorem
664 2190 880 2241 quemdam,
900 2204 965 2228 seu
982 2189 1237 2242 pastorem'ad
1256 2206 1358 2231 mare
1374 2193 1607 2230 habitantem

142 2254 275 2305 ibique
294 2253 462 2305 piscibus
481 2255 600 2305 captis
628 2254 880 2303 victitantem,
907 2254 1114 2307 κητοφάγον.
1146 2257 1196 2293 At
1221 2269 1358 2294 nomen
1389 2266 1604 2307 parentum,

98 2338 100 2340 v
143 2318 274 2355 silente
292 2318 476 2366 carmine,
500 2318 558 2356 vel
579 2318 651 2369 ipsi
671 2318 905 2365 reticebant,
927 2320 984 2357 vel
1005 2320 1116 2371 quale
1137 2319 1309 2358 libuisset
1328 2320 1607 2373 confingebant.

144 2382 296 2420 Patrem
315 2383 537 2430 Pausanias,
557 2383 677 2420 celato
695 2383 861 2421 auctoris
880 2384 938 2421 sui
958 2384 1125 2431 nomine,
1138 2385 1383 2424 Theodorum
1404 2395 1536 2434 vocat;
1562 2387 1608 2425 de

144 2454 264 2484 matre
281 2446 375 2484 nihil
396 2446 516 2495 addit,
542 2447 613 2484 nisi
638 2448 865 2499 cognomine
886 2447 1023 2486 ldaeam
1044 2449 1118 2486 dici
1139 2449 1348 2501 εΘεοδώρου
1368 2450 1402 2487 δὲ
1422 2450 1608 2502 ἐπιχωρίου

145 2509 304 2558 ποιμένος
323 2509 382 2548 καὶ
402 2510 548 2562 Νύμφης
569 2511 676 2549 παῖδα
697 2505 794 2548 εἶναι·
818 2510 945 2549 Ἰδαίαν
964 2512 1001 2550 δὲ
1019 2512 1199 2559 ἐπίκλησιν
1219 2512 1376 2563 γενέσθαι
1395 2516 1438 2565 τῇ
1466 2512 1610 2566 Νὗμφῃ,

147 2583 317 2620 secutus,
339 2583 381 2612 ut
396 2574 576 2622 'videtum
609 2576 666 2614 vel
697 2589 935 2614 communem
963 2577 1066 2628 apud
1102 2576 1318 2627 Erythraeos
1339 2576 1578 2615 traditionem
1596 2609 1606 2624 ,

147 2637 206 2675 vel
239 2638 507 2690 Hermippum,
541 2640 734 2690 Berytium
782 2640 958 2679 videlicet
994 2641 1279 2691 grammaticum
1295 2670 1306 2688 ,
1339 2641 1404 2691 qui
1434 2640 1504 2678 sub
1537 2642 1608 2678 lla-

148 2700 281 2740 driano
298 2703 510 2753 scripserat,
538 2705 694 2741 citatum
719 2704 767 2741 de
794 2718 835 2742 ea
858 2718 898 2742 re
926 2706 1028 2756 apud
1056 2705 1235 2754 Suidam,
1264 2719 1296 2743 v.
1318 2704 1475 2744 Σίέἶυλλα
1505 2704 1609 2756 Ἐρυ-

148 2764 269 2817 θραία·
299 2767 344 2810 ὡς
371 2766 406 2805 δὲ
428 2766 646 2819 ”Ερμιππος,
669 2767 864 2821 Θεῡδώρου.
894 2763 968 2809 Se'd
995 2780 1032 2808 et
1061 2771 1133 2809 alia
1161 2780 1360 2822 parentum
1384 2770 1535 2808 nomina
1561 2769 1608 2807 ab

147 2829 280 2887 eodem
305 2830 419 2869 Suida
441 2832 654 2883 traduntur,
685 2847 769 2883 quae
795 2835 951 2872 sortasse
974 2834 1022 2872 ab
1043 2835 1125 2873 aliis
1153 2835 1305 2886 Sibyllis
1336 2836 1482 2874 detorta
1511 2836 1608 2873 male
