1686 3500
132 220 237 264 472
499 221 583 266 AD
615 222 958 268 SIBYLLINOS
996 221 1199 266 LIBROS

128 317 253 357 Porro
272 316 330 354 vel
357 316 444 355 ideo
464 317 570 368 quod
586 318 688 357 circa
708 318 803 357 illud
819 327 1084 372 argumentum
1109 317 1291 369 pleraque
1314 325 1482 356 consona
1508 332 1593 357 cum

127 380 345 432 evangelica
369 381 586 420 narratione
619 382 776 421 tradunt
793 384 1014 435 Sibyllistae,
1043 382 1074 420 si
1096 379 1190 432 quid
1209 380 1281 419 sibi
1301 382 1502 433 proprium
1523 382 1596 420 ha-

128 444 239 491 bent,
259 444 296 483 id
325 447 535 484 accuratius
554 448 813 487 annotandum
833 457 900 487 est.

175 507 400 547 Notabimus
427 522 518 548 vero
542 510 637 548 illud
663 511 845 562 primum,
880 510 1016 562 passim
1051 509 1295 548 observatum
1317 523 1338 548 a
1368 508 1595 561 Sibyllinis,

124 584 360 623 quaecunque
393 572 566 611 Christus
597 575 636 612 in
667 575 743 612 vita
764 575 909 621 fecerit,
934 574 1040 626 λόγῳ,
1075 574 1112 611 id
1130 581 1201 621 est,
1223 572 1343 623 verbo
1367 574 1522 623 secisse,
1553 584 1594 613 ut

124 634 190 673 lib.
207 636 319 683 vm,
338 649 372 675 v.
391 649 492 685 272:

281 700 405 739 Πάντα
419 701 512 754 λόγῳ
525 702 690 755 πράσσων
705 734 714 752 ,

123 772 159 802 et
173 763 284 815 ibid„
303 778 339 804 v.
355 766 458 813 273:

112 840 115 843 ·
281 827 374 873 Τοὺς
391 829 534 880 ἀνέμους
550 830 691 868 παύσειε
705 830 796 884 λόγῳ
811 860 821 878 ,

126 902 165 931 et
185 893 294 942 ibid„
309 907 344 931 v.
368 896 440 941 267
462 909 470 931 :

566 960 618 998 Σὺ
634 961 664 997 δ’
680 960 800 998 ἔπειτα
819 959 912 1014 λόγῳ
928 959 1150 1014 θεραπεύσεις
1168 990 1179 1007 ,

121 1023 303 1061 nimirum
331 1036 409 1075 quo
433 1023 552 1075 magis
583 1025 704 1063 nostri
743 1025 1008 1076 Redemptoris
1040 1035 1123 1063 acta
1149 1025 1197 1064 ad
1231 1026 1440 1064 solemnem
1468 1023 1594 1062 «livini

122 1086 260 1134 Verbi,
274 1090 335 1126 τοῦ
357 1088 493 1139 Λόγου,
516 1089 668 1127 titulum
683 1090 911 1128 reserantur.

173 1151 321 1190 Deinde
352 1152 470 1203 ipsam
502 1153 570 1190 Dei
604 1150 1083 1203 appellatione1nChristo
1109 1154 1223 1192 etiam
1258 1153 1441 1205 patienti,
1476 1154 1590 1192 etiam

122 1216 321 1261 morienti,
346 1224 562 1253 constanter
596 1216 706 1264 addi,
735 1217 828 1255 locis
857 1231 974 1269 snpra
1000 1218 1092 1265 cit.‚
1120 1217 1229 1269 juxta
1253 1230 1384 1256 veram
1416 1217 1595 1256 Ecclesiae

121 1280 334 1319 doctrinam
350 1311 360 1327 ,
379 1294 447 1318 nec
463 1288 607 1318 tantum
629 1280 728 1319 libro
743 1282 840 1329 VIII,
859 1283 881 1332 5
902 1296 937 1328 2,
954 1295 1112 1334 prorsus
1129 1282 1368 1329 orthodoxo,
1390 1281 1453 1320 sed
1478 1282 1592 1320 etiam

119 1345 228 1383 libris
248 1345 297 1384 VI
314 1353 352 1383 et
371 1345 457 1396 Vll,
479 1344 668 1383 haereticis
690 1346 797 1394 licet,
823 1354 864 1383 ut
884 1355 1060 1398 apertum
1083 1350 1131 1384 sit
1160 1356 1334 1385 auctores
1357 1347 1516 1384 istorum
1548 1347 1594 1384 li-

120 1409 293 1456 brorum,
313 1423 431 1461 quum
454 1410 490 1447 in
511 1411 646 1448 ceteris
669 1424 690 1448 a
709 1424 800 1448 vero
821 1410 1054 1457 aberrarent,
1077 1424 1232 1461 prorsus
1252 1419 1376 1449 tamen
1404 1409 1452 1448 ab
1473 1410 1592 1462 impia

121 1475 310 1514 sententia
337 1475 503 1514 abfuisse
526 1477 759 1514 Docetarnm
796 1476 1039 1527 aliorumque
1073 1476 1148 1514 hoc
1168 1489 1288 1527 genus
1305 1476 1590 1523 haereticorum,
1648 1478 1652 1483 '

118 1540 258 1579 Christi
280 1540 520 1579 divinitatem
537 1541 637 1579 intra
660 1541 741 1592 ejus
756 1542 869 1578 vitam
886 1555 929 1578 ac
946 1541 1042 1578 citra
1062 1549 1223 1578 mortem
1245 1540 1537 1580 continentium.

167 1603 360 1652 Tertium,
383 1606 557 1655 quamvis
577 1617 651 1642 non
682 1605 732 1642 ita
753 1604 887 1655 per'se
912 1616 1048 1654 grave,
1076 1603 1202 1642 obiter
1235 1603 1526 1650 annotabimus,
1548 1604 1587 1642 in

115 1669 332 1706 narratione
361 1667 409 1706 de
435 1668 589 1708 Christo
618 1668 823 1707 videndum
849 1682 888 1707 se
917 1668 1223 1719 tangendumque
1256 1668 1454 1719 discipulis
1488 1681 1591 1718 prae-

118 1732 234 1772 bente
249 1764 259 1781 ,
275 1733 413 1772 diserte
443 1743 610 1785 quatuor
629 1735 826 1786 plagarum
852 1735 1082 1774 mentionem
1106 1733 1206 1782 fieri,
1225 1732 1365 1784 pedum
1386 1746 1522 1784 nempe
1542 1731 1594 1770 si·

121 1797 198 1835 mul
218 1805 254 1836 et
272 1811 472 1845 manuum,
493 1797 558 1836 lib.
579 1798 689 1845 VIII,
712 1812 747 1836 v.
766 1799 855 1846 318,
878 1811 959 1849 sqq.
982 1817 990 1838 ι

278 1864 409 1915 Πρῶτοι
430 1860 466 1901 δὲ
484 1869 554 1907 τοῖς
573 1863 668 1907 ἰδίοις
691 1864 835 1917 φανερὸς
852 1863 929 1901 τότε
952 1862 1077 1916 Κύριος
1094 1866 1181 1917 ὀφθῇ

279 1926 465 1979 Σᾶρκινος,
485 1929 531 1970 ὡς
550 1927 661 1981 πάρος
676 1922 740 1976 ἦν,
759 1927 859 1980 χερσί
875 1943 912 1965 τε
930 1927 1012 1966 ποσί
1028 1928 1058 1965 τ’
1075 1926 1235 1972 ἐπιδείξει

276 1992 442 2045 Τέσσαρα
460 1997 530 2034 τοῖς
545 1992 641 2035 ἰδίοις
656 1991 737 2045 ἴχνη
753 1991 935 2044 πηχθέντα
952 1991 1115 2041 μέλεσσιν
1130 2022 1140 2039 ,

280 2050 453 2103 Ἆντολίην
467 2071 504 2094 τε
516 2087 526 2104 ,
546 2057 642 2095 δύσιν
661 2072 713 2107 τε,
732 2056 954 2110 μεσημὸρίην
972 2072 1024 2107 τε,
1043 2057 1100 2094 καὶ
1116 2056 1241 2110 ἄρκτον
1256 2085 1265 2102 ,

118 2128 235 2170 atque
265 2118 339 2156 hoc
365 2119 517 2170 quidem
546 2134 621 2158 non
652 2122 689 2158 in
710 2122 837 2172 aliqua
857 2122 1072 2159 recentiore
1100 2134 1143 2158 ac
1163 2118 1356 2157 deteriore
1374 2126 1594 2156 nostrorum

118 2183 390 2234 Sibyllinorum
409 2193 536 2235 parte,
561 2185 626 2223 sed
651 2187 691 2223 in
711 2185 812 2223 libro
835 2199 939 2236 paene
970 2185 1142 2223 omnium
1165 2183 1211 2235 (si
1246 2183 1398 2221 tertium
1417 2190 1454 2220 et
1474 2195 1594 2233 quar-

119 2258 201 2287 tum
221 2250 431 2300 exceperis)
453 2250 743 2301 antiquissimo,
765 2251 910 2302 scripto
930 2250 1002 2288 sub
1021 2250 1127 2288 initia
1161 2248 1316 2287 secundi
1348 2247 1486 2286 saeculi.
1506 2246 1596 2286 lnde

121 2322 226 2364 patet
255 2328 336 2352 eam
367 2314 481 2353 fuisse
518 2324 731 2367 temporum
765 2317 1036 2367 primaevorum
1075 2329 1118 2353 ac
1148 2327 1256 2366 paene
1293 2313 1596 2364 apostolicorum

121 2378 388 2427 traditionem
408 2380 525 2431 idque
548 2382 649 2419 valet
666 2381 712 2420 ad
733 2382 977 2420 refellendam
996 2381 1218 2432 opinionem
1237 2393 1282 2417 ex
1309 2378 1597 2429 evangeliorum

94 2460 97 2463 ·
120 2443 271 2481 silentio
301 2445 397 2482 male
432 2454 653 2496 prognatam
691 2446 793 2497 apud
829 2446 1014 2497 quosdam
1048 2444 1302 2491 recentiores,
1339 2442 1386 2480 de
1418 2442 1596 2480 manibus

119 2515 266 2545 tantum
284 2508 450 2556 Christi,
466 2523 542 2547 non
565 2509 729 2560 pedibus
746 2524 900 2561 quoque
921 2499 1114 2562 perfossis.

173 2572 384 2623 Quartum,
402 2573 439 2611 in
468 2575 553 2626 ipso
580 2575 647 2613 illo
669 2576 774 2624 loco,
794 2575 1056 2627 antiquissima
1082 2588 1172 2612 sane
1196 2572 1380 2624 allegoria
1395 2602 1405 2620 ,
1425 2580 1594 2623 quatuor

119 2647 298 2673 manuum
321 2636 536 2688 pedumque
553 2639 675 2690 plagis
693 2640 882 2691 designari
904 2648 1070 2690 quatuor
1087 2637 1218 2676 mundi
1238 2645 1366 2688 partes
1385 2649 1395 2674 ε

280 2698 454 2748 ’Λντολίην
473 2716 526 2750 τε,
549 2701 645 2741 δύσιν
662 2719 713 2752 τε,
743 2704 965 2757 μεσημῧρίην
986 2719 1036 2751 τε,
1057 2703 1115 2742 καὶ
1135 2702 1274 2755 ἄρκτον.

119 2762 191 2800 Hic
211 2775 304 2800 vero
325 2764 430 2802 locus
459 2766 548 2803 olim
565 2780 585 2804 a
610 2767 701 2807 clar.
726 2769 765 2807 E.
784 2770 829 2815 Q.
849 2768 1018 2806 Visconti
1039 2768 1126 2806 satis
1151 2767 1281 2817 inique
1302 2765 1514 2815 exagitatus
1536 2770 1591 2801 est

118 2826 157 2863 in
178 2826 431 2878 Ephemeride
446 2830 692 2869 Eruditorum
706 2861 715 2879 ‚
735 2836 896 2870 Journal
915 2836 979 2870 des
993 2835 1162 2879 savants,
1186 2831 1278 2870 Mai.
1300 2829 1414 2878 1818,
1433 2827 1591 2879 perinde

119 2904 161 2928 ac
187 2892 215 2929 si
246 2900 411 2943 quatuor
435 2895 577 2934 Chi-isti
607 2896 726 2948 plagae
758 2897 804 2936 ad
837 2906 1002 2949 quatuor
1029 2896 1158 2936 mnndi
1181 2895 1315 2947 'plagas
1344 2893 1478 2931 referri
1512 2904 1590 2929 non
