1686 3500
120 144 212 190 552
504 143 581 187 At)
614 143 959 190 SlBYLLINOS
994 143 1202 188 LIBROS

116 239 186 278 Hic
209 237 268 277 vel
291 237 470 290 judaicus
497 252 578 277 esse
607 247 735 290 potest
754 239 812 277 vel
830 240 1060 278 christianus
1080 251 1090 277 t
1111 236 1175 275 sed
1197 233 1424 274 christianus
1446 229 1577 280 magis»

114 303 204 352 quia
232 301 423 352 duplicem
456 303 494 340 in
524 315 602 340 uno
637 315 748 340 versu
778 303 900 354 legem
931 302 1088 342 exhibet
1116 298 1386 351 Apostolorum
1418 294 1575 333 decreto

111 374 367 419 consecratam
395 366 435 404 in
470 365 821 417 Hierosolymitano
852 375 1062 411 conventu,
1095 366 1182 404 Act.
1213 375 1300 413 cap.
1336 361 1396 407 15,
1432 372 1466 395 v·
1502 367 1576 403 29:

110 447 124 462 «ι
146 428 196 467 Ut
213 428 432 468 abstineatis
459 443 525 467 vos
554 429 602 467 ab
619 430 824 468 immolatis
846 431 1135 469 simulacrorum
1152 435 1190 465 et
1209 425 1391 476 sanguine
1405 439 1434 468 υ,
1453 420 1512 458 vel
1533 427 1575 456 ut

108 492 208 531 infra
242 493 399 543 legitur,
426 506 508 544 cap.
533 506 595 542 αι,
618 507 653 531 v.
682 495 730 532 25
757 509 766 533 z
798 512 814 529 ι
834 494 883 533 ab
912 493 1024 531 idolis
1053 491 1248 530 immolato
1276 498 1313 528 et
1344 488 1527 540 sanguine
1544 503 1573 535 υ,

71 566 73 569 ’
102 553 246 606 graece,
264 557 325 594 ἀπ’
344 555 576 594 εἰδωλοθύτων
595 556 653 595 καὶ
671 557 830 608 αἵματος.
846 558 949 596 Idem
970 565 1094 594 tamen
1117 553 1319 605 utrumque
1341 560 1572 604 praeceptum

103 619 182 670 jam
207 622 416 670 antiquitus
435 633 456 658 a
477 619 623 659 Judaeis
641 620 885 660 observatum
911 620 997 666 fuit,
1023 632 1142 657 unum
1167 631 1302 668 nempe
1323 617 1372 655 de
1391 617 1573 667 sanguine

107 696 184 721 non
203 683 455 729 comedendo,
479 683 602 725 Levit.
633 699 715 736 cap.
739 699 797 733 17,
820 698 854 722 v.
881 696 938 730 10,
965 696 1075 734 sqq.;
1096 683 1258 720 alterum
1278 682 1326 719 de
1353 681 1572 726 immolatis,

105 746 174 784 etsi
195 759 271 784 uon
291 755 363 784 tatu
385 747 526 785 diserte
543 749 724 798 scriptum
745 747 950 794 iuvenitur,
964 755 1100 797 sponte
1121 739 1248 783 tamen
1266 753 1393 782 manat
1413 743 1461 782 ab
1480 743 1568 781 ido-

103 809 225 847 lorum
257 819 295 847 et
330 811 599 849 sacrificiorum
626 811 718 861 ipsis
755 810 974 848 oblatorum
1003 810 1252 848 detestatione
1288 808 1389 859 apud
1415 808 1571 846 Judaeos

104 886 211 922 paene
240 883 436 912 nascentes
473 875 604 921 insita,
623 887 785 924 quoium
805 887 999 911 sacrorum
1027 873 1240 911 necessario
1262 873 1470 923 participes
1498 872 1568 908 lie·

103 937 196 975 bant
221 939 288 987 qui
315 938 363 976 de
394 952 459 976 nra
482 951 615 976 carnes
634 937 845 976 sumebant.
864 938 989 975 Porro
1005 947 1149 976 certum
1174 945 1229 975 est
1249 950 1329 973 eain
1342 944 1492 986 gentem
1521 934 1570 971 de

103 1000 286 1050 religione
302 1015 368 1040 sua
387 1001 481 1040 nihil
509 1011 583 1040 tam
601 1000 791 1040 obstinate
814 1002 1010 1040 retinuisse
1028 1015 1140 1052 quam
1159 1001 1358 1039 horrorem
1381 999 1486 1037 illum
1510 1001 1573 1035 τοῦ

102 1067 374 1117 μιεροφαγῆσαι,
396 1065 500 1115 quod
521 1066 625 1103 nefas
646 1066 760 1103 etiam
781 1065 868 1104 vitae
896 1065 1090 1117 impendio
1111 1079 1211 1117 saepe
1227 1064 1538 1102 detrectaverunt
1560 1076 1568 1099 :

101 1129 233 1166 confer
256 1128 417 1166 maxime
436 1128 610 1168 machab.
634 1129 701 1168 lib.
728 1130 777 1168 lv
800 1130 1028 1181 apocryph„
1050 1142 1137 1181 cap.
1161 1130 1197 1177 8,
1217 1142 1302 1180 sqq.
1323 1129 1463 1166 Verum
1483 1135 1525 1165 ut
1547 1140 1567 1164 a

97 1191 289 1229 sacrificiis
319 1191 506 1228 idolorum
533 1191 656 1230 Judaei
690 1201 905 1230 constanter
933 1193 1244 1244 abhorruerunt,
1277 1194 1327 1230 ita
1355 1192 1458 1230 nulla
1485 1199 1567 1229 erat

97 1268 209 1292 eausa
239 1268 310 1292 cur
339 1255 522 1293 sacrificia
549 1256 659 1294 etiam
678 1265 850 1302 cruenta,
874 1256 988 1294 modo
1008 1270 1100 1295 vero
1134 1258 1215 1295 Deo
1240 1256 1388 1304 oblata,
1408 1269 1565 1294 aversa-

96 1327 243 1366 rentur,
263 1319 365 1357 unde
384 1320 466 1371 ipsa
489 1321 703 1372 reperimus
723 1320 825 1372 apud
842 1320 1024 1371 Sibyllam
1044 1319 1310 1358 commendata
1330 1333 1405 1357 nou
1427 1319 1563 1364 semel,

64 1383 66 1385 ’
96 1384 134 1421 in
156 1383 244 1421 libri
274 1384 325 1422 lll
345 1393 466 1434 parte,
494 1389 513 1431 S
535 1389 571 1432 4,
600 1398 718 1433 inere,
745 1384 984 1432 utdiximus,
1002 1384 1174 1436 judaica,
1197 1397 1233 1424 v.
1256 1384 1344 1432 565,
1365 1384 1453 1431 570,
1472 1383 1563 1430 575,

94 1461 192 1499 sqq„
211 1448 300 1495 626,
324 1462 409 1499 sqq.
429 1448 503 1486 Sed
524 1457 561 1486 et
580 1448 681 1487 libro
709 1449 741 1486 V
760 1448 1042 1500 senii-judaico,
1063 1448 1228 1495 tlebraei,
1248 1461 1365 1499 quum
1384 1460 1404 1484 a
1425 1446 1562 1484 Messia

95 1513 259 1550 restituti
285 1513 441 1573 suerint,
460 1513 665 1561 sacrificiis,
691 1521 731 1551 ut
751 1513 856 1560 olim,
880 1513 1048 1551 vacaturi
1071 1514 1282 1564 linguntur,
1302 1524 1340 1552 v,
1366 1512 1438 1559 267
1462 1524 1471 1550 :

304 1576 493 1619 Παντοίαις
509 1576 659 1615 θυσίαισι
679 1577 736 1615 καὶ
758 1577 874 1629 εὐχαῖς
895 1576 1115 1629 ἐνθεοτίμοις.

92 1642 200 1689 ltem,
228 1650 430 1694 postquam
451 1642 491 1680 in
510 1642 675 1694 AEgypto
696 1642 795 1680 aedes
814 1643 893 1681 veri
920 1643 990 1681 Dei
1023 1650 1214 1680 exstructa
1240 1641 1377 1689 suerit,
1399 1641 1560 1679 victimae

88 1721 136 1745 eo
156 1716 346 1745 canuntur
360 1706 610 1759 adducendae,
629 1706 721 1745 ibid.
742 1720 777 1747 ν.
799 1708 869 1745 501
892 1720 902 1746 τ

299 1772 382 1814 Κεῖς
397 1770 499 1810 αὐτὸν
526 1771 643 1816 θυσίας
665 1771 751 1810 οἴσει
772 1771 853 1816 λαὸς
876 1771 1086 1816 θεότευκτος.

90 1835 172 1874 Nou
201 1835 323 1872 solum
351 1836 452 1873 euim
485 1835 634 1882 Judaei,
667 1836 733 1874 sed
762 1846 798 1874 ct
826 1850 914 1888 pars
946 1837 1251 1876 Christianorum
1280 1834 1556 1887 judaizantium

86 1899 244 1948 (Euseb.
267 1900 364 1938 nist.
395 1901 493 1938 liccl.
518 1900 582 1938 lib.
600 1901 670 1948 ΙΙΙ,
690 1915 777 1952 cap.
802 1903 876 1950 αδ),
895 1902 935 1939 in
964 1902 1093 1939 futuro
1110 1901 1256 1939 Messiae
1276 1912 1396 1951 reguo
1416 1912 1557 1937 novum

87 1964 282 2015 templum,
305 1977 448 2002 novum
467 1965 601 2012 altare,
624 1966 661 2003 in
682 1979 804 2017 eoque
832 1967 956 2018 prisca
979 1966 1163 2004 sacrificia
1185 1964 1440 2003 somniabant.

139 2031 187 2067 At
206 2029 286 2066 veri
308 2028 513 2067 Christiani
531 2043 607 2067 non
623 2030 741 2068 modo
760 2030 941 2068 falsorum
974 2022 1182 2068 numinum'
1200 2029 1340 2080 templa
1357 2037 1394 2067 et
1413 2040 1498 2066 aras
1516 2035 1555 2065 et

85 2105 190 2130 sacra
212 2092 498 2139 aversabantur,
521 2093 586 2132 lib.
607 2094 670 2141 lv,
692 2107 727 2134 v.
750 2107 813 2142 27,
829 2107 942 2146 sqq.:

291 2155 339 2196 Οἳ
354 2156 454 2203 νηοὺς
476 2157 538 2208 μὲν
557 2157 712 2200 ἅπαντας
731 2158 1006 2211 ἀποστρέψουσιν
1022 2156 1146 2201 ἰδόντες
1160 2188 1172 2206 ,

292 2220 363 2259 Καὶ
382 2219 538 2271 βωμοὺς,
559 2222 672 2260 εἰκαῖα
693 2221 797 2261 λίθων
818 2221 991 2274 ἱδρύματα
1016 2224 1142 2275 κωφῶν
1155 2251 1167 2274 ,

291 2282 445 2334 Αἵμασιν
465 2284 632 2338 ἐμψύχων
652 2285 874 2338 μεμιασμένοι
899 2284 959 2325 καὶ
981 2286 1132 2339 θυσίῃσι,

80 2346 144 2384 sed
164 2361 210 2384 ne
226 2347 297 2398 ipsi
313 2348 465 2399 quidem
486 2351 566 2387 Deo
585 2363 676 2388 vero
692 2351 914 2402 sauguinem
935 2350 1171 2389 victimarum
1190 2349 1324 2389 offerri
1345 2348 1548 2401 patieban-

80 2419 154 2458 tur,
175 2411 240 2451 lib.
263 2412 363 2457 Vlll,
382 2426 417 2451 v.
436 2414 526 2463 493,
548 2427 660 2464 sqq.:
1168 2423 1172 2428 ’

285 2475 371 2512 Οὐδ’
386 2476 442 2514 ἐπὶ
461 2477 679 2529 ταυροθύτοις
695 2479 937 2531 μηλοσφαγίας
957 2478 1044 2530 μετὰ
1063 2478 1179 2527 λώῦης

291 2541 521 2592 Λυθροχαρεῖς
539 2541 711 2591 πέμπειν,
730 2559 765 2581 κ.
785 2558 820 2582 τ.
843 2544 878 2582 λ.

73 2607 109 2637 et
129 2599 204 2639 huc
237 2602 477 2641 referendum
499 2605 600 2655 quod
624 2605 723 2643 libro
745 2607 830 2653 Vll,
858 2620 1076 2658 quanquam
1097 2607 1145 2646 ab
1174 2607 1351 2647 haerctico
1373 2607 1549 2653 homine,

73 2664 255 2716 scriptum
277 2675 345 2712 est,
365 2679 405 2707 v.
429 2668 491 2716 77',
512 2681 590 2719 sq.:

753 2732 843 2772 Οὐδὲ
870 2735 1028 2790 μαχαίρῃ

279 2793 425 2847 Ἄρνειὸν
453 2794 567 2848 &odaei-3
587 2796 803 2850 λασιότριχα.
