1737 3495
166 243 264 289 :305
596 227 619 287 ᾖ
745 241 1044 287 APPEme
1098 272 1099 277 η
1151 254 1155 258 -

170 342 487 386 bus‚coucessam
509 339 622 377 ruisse
639 338 883 378 abAnacleto
894 340 1097 390 antipapa,
1115 339 1179 390 qui
1198 338 1330 377 Romae
1349 348 1428 377 tum
1445 340 1632 392 legitimus

169 404 403 452 habebatur,
417 416 492 442 non
505 404 622 443 aedem
640 404 754 443 modo
770 405 917 443 Sanctae
934 403 1062 443 Mariae
1074 432 1086 453 ‚
1102 416 1188 454 quae
1201 405 1307 455 prius
1322 416 1453 442 eorum
1471 407 1631 448 coenobii

159 481 257 521 ‘pars
281 469 427 515 suerat,
443 468 510 507 sed
534 477 650 507 totam
675 469 813 507 montis
835 468 1010 519 Capitolii
1036 467 1276 519 superficiem
1302 482 1540 520 quacumque
1566 485 1632 523 pa-

167 534 295 581 tebat3
323 540 522 584 exstatque
541 533 589 571 de
613 546 657 572 en
677 547 717 571 re
741 532 933 584 pontificia
953 531 1074 578 bulla,
1096 532 1183 570 data
1202 532 1301 571 inter
1320 546 1439 571 annos
1475 535 1569 574 1130
1596 547 1633 575 et

169 600 449 647 u3.¹‚‚‘s‹·rvatn
475 611 566 636 vero
591 598 628 636 in
648 597 814 636 archivis
833 596 1084 635 Araecaelitani
1111 605 1343 646 conventus,
1367 597 1468 635 unde
1493 600 1632 649 prodiit

164 663 329 714 primum
357 662 459 714 apud
491 662 772 713 Waddingum,
798 660 936 700 Annal.
969 661 1076 699 fratr.
1106 660 1197 700 min.
1213 669 1238 699 t.
1278 661 1357 709 111,
1385 670 1422 699 et
1455 676 1539 700 cum
1562 665 1630 703 viri

161 728 261 765 docti
281 728 544 771 annotatione.
568 726 667 764 inter
682 725 875 777 Opuscula
897 725 1128 777 philologica
1157 725 1318 763 colle-cta
1352 739 1421 776 per
1448 728 1629 777 Angelum

161 792 363 842 Cnlogera,
384 799 478 831 tom.
502 791 569 830 XX
591 791 737 838 (Venct.
763 790 883 839 1739,
904 789 982 827 in-1
993 787 1046 840 2),
1064 802 1100 840 p.
1127 791 1213 839 103,
1232 802 1313 839 sqq.
1340 789 1443 827 idem
1465 791 1630 840 pontifex

162 859 282 895 altare
299 869 363 893 seu
381 855 560 893 sacellum
575 854 686 898 illud,
704 854 838 905 dequo
856 867 957 892 nunc
970 854 1110 904 agitur,
1131 855 1318 891 columnis
1334 862 1501 904 quatuor
1516 855 1632 906 stipa-

162 922 217 959 vit
237 920 472 966 marmoreis,
491 919 635 956 tholum
657 932 913 956 marmoreum
936 918 1213 956 sustinentibus
1234 920 1322 966 (non
1343 917 1417 955 illis
1432 931 1516 968 quae
1535 932 1631 958 nunc

160 995 248 1023 octo
264 992 500 1036 spectantur,
528 982 666 1020 saeculo
683 982 786 1021 xvu
803 981 851 1019 ab
869 982 1053 1033 episcopo
1071 982 1238 1032 quodam
1257 982 1512 1020 Cuvalliccnsc
1532 984 1631 1033 prio·

163 1050 268 1088 ribus
293 1049 491 1098 strssectae);
512 1057 626 1099 atque
648 1048 721 1086 hoc
742 1048 914 1086 Anacleti
947 1046 1175 1086 beneficium
1207 1055 1365 1084 testatur
1394 1055 1529 1084 auctor
1545 1061 1634 1086 ano-

159 1128 297 1165 nymus
315 1127 390 1152 non
411 1121 538 1159 vetus,
567 1113 633 1151 sed
657 1113 854 1163 antiquam
882 1112 1060 1151 videlicet
1085 1112 1328 1150 traditionem
1351 1124 1532 1162 sequens,
1551 1113 1632 1150 vitae

159 1189 198 1218 et
220 1179 474 1218 translationis
494 1186 713 1216 sanctorum
733 1177 899 1216 Abundii
918 1186 956 1215 ct
974 1176 1228 1226 Abundantii,
1245 1177 1380 1214 citatus
1400 1190 1419 1213 a
1436 1176 1630 1215 pancirolo

158 1245 328 1290 Jesuita‚
351 1246 477 1281 Tesort'
500 1247 661 1280 nascnsu·
678 1245 719 1279 di
735 1246 850 1280 Roma
877 1242 951 1294 (ed.
975 1243 1032 1292 11,
1053 1242 1164 1280 Rom.
1189 1241 1324 1290 1625),
1346 1249 1383 1278 et
1400 1239 1627 1291 Waddingo‚

161 1308 299 1348 Annal.
320 1308 380 1346 Fr.
401 1307 494 1347 min.
517 1316 543 1348 t.
570 1308 644 1356 lli,
663 1315 701 1345 et
718 1307 904 1347 Casimiro
925 1307 1118 1357 Romano,
1140 1307 1322 1343 Memoria
1347 1306 1511 1342 istorae’clee
1536 1308 1630 1343 della

158 1376 284 1411 chiesa
300 1373 554 1419 d'Ara-Celi‚
576 1372 716 1422 quibus
737 1386 758 1410 e.
778 1371 887 1409 libris
906 1371 1066 1409 multum
1085 1371 1330 1423 profecimus,
1348 1372 1438 1409 Fors
1456 1378 1492 1408 et
1512 1370 1627 1410 eidem

160 1441 352 1490 antipapae
377 1436 623 1476 tribuendum
643 1445 699 1475 est
723 1437 842 1475 altare
863 1445 972 1474 vetus
986 1437 1091 1488 quod
1108 1436 1179 1474 sul)
1201 1435 1391 1473 hodierno
1410 1435 1516 1473 altari
1535 1449 1629 1474 nunc

160 1517 314 1555 quoque
339 1502 538 1553 introspici
557 1502 708 1550 dicitur,
730 1501 821 1539 liinc
843 1515 970 1552 regem
995 1500 1179 1539 exhibens
1199 1505 1426 1551 (Angustum
1444 1500 1628 1551 videlicet)

161 1568 322 1618 genibus
338 1568 443 1606 flexis
459 1575 676 1618 precantem
690 1582 700 1614 ;
715 1566 1027 1618 illinc⁴Virginem
1043 1580 1128 1604 cum
1148 1567 1228 1605 Deo
1242 1566 1401 1610 infante,
1420 1564 1627 1604 nimborum

161 1645 303 1671 corona
322 1631 482 1669 cinctam
498 1661 508 1678 ,
538 1645 623 1668 cum
656 1640 803 1669 vetusta
827 1631 1103 1683 inscriptione,
1126 1632 1320 1669 literarum
1346 1631 1465 1669 forma
1487 1639 1627 1669 aetatcrn

161 1709 284 1740 suam,
304 1694 371 1734 XII
388 1708 525 1746 nempe
541 1695 601 1732 vel
621 1695 709 1734 Xlll
731 1696 926 1746 saeculum,
942 1704 1128 1734 testante:

318 1760 489 1800 Numinis
508 1760 607 1798 hanc
626 1760 762 1798 almam
787 1761 917 1799 matris
936 1761 1002 1812 qui
1018 1760 1168 1799 scandis
1183 1760 1230 1798 ad
1251 1761 1394 1808 aulam,

369 1824 578 1864 Cuntarum
600 1826 724 1876 prima
743 1839 828 1876 quae
845 1826 917 1863 fuit
933 1826 1027 1864 orbe
1044 1826 1112 1864 sita
1126 1856 1136 1875 ‚

319 1891 460 1930 Nost-as
474 1889 578 1940 quod
594 1891 718 1930 Caesar
741 1898 833 1928 tunc
851 1891 991 1928 struxit
1007 1891 1237 1930 Octavianus

319 1955 426 1993 Hanc
440 1967 567 2001 aram,
588 1954 669 1993 caeli
687 1968 793 1994 sacra
810 1955 937 2006 proles
957 1969 1042 1993 cum
1065 1964 1168 2006 patet
1184 1955 1234 1994 ei.

163 2019 284 2071 Hujus
299 2019 413 2072 prisci
434 2019 562 2057 altaris
582 2019 707 2071 imago
728 2029 784 2058 est
803 2020 906 2072 apud
926 2020 1170 2067 Casimirum,
1192 2019 1307 2071 digna
1327 2020 1424 2061 visu.
1446 2020 1477 2059 E
1496 2020 1628 2071 quibus

163 2083 342 2124 omnibus
369 2085 470 2122 ultro
490 2084 671 2134 conjicias
690 2084 918 2123 celebratam
951 2085 1064 2123 fnisse
1084 2084 1324 2136 jam-saecuto
1349 2085 1417 2124 xl!
1442 2087 1628 2136 Augusteoe

161 2163 237 2188 ατε
260 2148 479 2187 memoriam
505 2149 541 2186 in
564 2149 627 2186 illa
647 2150 740 2189 aede.
768 2150 879 2199 Quod
897 2160 935 2188 et
957 2150 1129 2201 arguitur
1158 2149 1310 2188 duobus
1337 2149 1504 2200 antiquis
1525 2159 1560 2188 et
1584 2150 1626 2186 ad

161 2215 227 2254 illa
241 2214 377 2252 saecula
399 2212 680 2265 pertinentibus
697 2214 878 2264 catalogis
894 2213 1145 2253 Abbatiarum
1161 2213 1265 2252 urbis
1284 2215 1412 2254 Romae
1431 2213 1547 2265 (apud
1564 2214 1628 2252 Ca-

163 2280 279 2318 simir.
295 2277 418 2328 ibid.),
432 2278 532 2316 inter
541 2291 635 2329 quas
649 2288 871 2317 recensetur
883 2297 898 2313 ιι
915 2279 1084 2318 Ecclesia
1097 2279 1244 2317 Sanctae
1254 2279 1384 2317 Mariae
1396 2279 1433 2316 in
1447 2278 1628 2329 Capitolio

161 2362 177 2380 ι
195 2343 258 2383 ubi
277 2351 334 2381 est
351 2356 417 2382 nra
438 2342 568 2394 [codd.
592 2342 700 2390 male,
727 2343 832 2396 area]
855 2344 937 2382 Filii
958 2344 1044 2383 Dei.
1061 2361 1075 2377 υ
1097 2345 1233 2383 Verum
1252 2343 1436 2382 hactenus
1457 2356 1529 2381 arte
1550 2341 1629 2394 qni-

162 2408 263 2456 dem,
285 2407 524 2459 Virginisque
545 2420 662 2459 supra
682 2422 764 2446 eam
786 2409 895 2453 visae·,
919 2409 1064 2447 mentio
1085 2408 1181 2447 sacta
1202 2418 1270 2452 est.
1290 2409 1444 2446 minime
1463 2421 1553 2445 vero
1570 2405 1626 2444 Si·

164 2473 299 2524 byllae:
327 2471 573 2523 quaerendum
603 2473 720 2524 igitur
742 2486 928 2524 quosnam
958 2473 1022 2512 illa
1045 2474 1183 2512 mulier
1207 2473 1244 2512 in
1273 2473 1372 2511 hanc
1397 2486 1542 2511 scenam
1563 2471 1626 2508 ha-

164 2538 291 2576 buerit
308 2537 516 2588 ingressus.

217 2602 385 2642 Primum
416 2602 464 2640 de
493 2615 536 2640 ea
552 2616 595 2640 re
613 2611 808 2641 auctorem
829 2602 1046 2641 invenimus
1066 2603 1270 2641 Martinam
1288 2603 1476 2643 Polonum
1489 2629 1499 2645 ,
1524 2599 1627 2649 vulgo

162 2679 183 2704 a
206 2665 328 2718 patria
352 2666 405 2703 sic
423 2665 590 2710 dictum,
614 2666 679 2716 qni
705 2666 845 2704 saeculo
873 2667 959 2706 ΧΙΠ
979 2666 1058 2718 jam
1085 2667 1221 2705 declivi
1250 2667 1288 2705 in
1319 2668 1427 2706 Italia
1449 2664 1624 2709 florebat,

162 2731 389 2782 scripsitque
412 2729 617 2769 Clementis
640 2731 688 2769 lv
709 2738 904 2782 tempore,
936 2731 1039 2769 circa
1057 2745 1196 2769 annum
1226 2733 1338 2776 1268,
1357 2731 1424 2770 etsi
1442 2731 1522 2779 ejus
1538 2739 1627 2778 opus

161 2794 284 2832 aliena
304 2806 416 2831 manu
442 2792 603 2831 ulterius
619 2794 852 2845 productum
877 2803 945 2834 est.
967 2796 1051 2834 Fuit
1076 2797 1141 2834 ille
1171 2797 1362 2848 pontificis
1379 2795 1531 2846 quidem
1555 2793 1627 2831 110-

161 2857 263 2895 mani
284 2858 611 2908 poenitentiarius,
630 2858 942 2912 archiepiscopus
969 2874 1061 2900 vero
1081 2861 1362 2901 Consentinus:
1384 2861 1534 2906 mirum,
1558 2858 1626 2895 hnc

162 2935 316 2973 quoque
335 2935 534 2961 recurrere
548 2924 760 2963 Consentiae
777 2938 931 2974 nomen,
951 2926 1078 2976 urbis,
1099 2927 1155 2965 nti
1175 2926 1362 2976 diximus,
1377 2939 1415 2976 p.
1434 2925 1521 2974 295,
1536 2934 1625 2972 sqq-⁹
