<?xml version="1.0" encoding="UTF-8"?>
<!DOCTYPE html PUBLIC "-//W3C//DTD XHTML 1.0 Transitional//EN"
    "http://www.w3.org/TR/xhtml1/DTD/xhtml1-transitional.dtd">
<html xmlns="http://www.w3.org/1999/xhtml" xml:lang="en" lang="en">
 <head>
  <title>
</title>
<meta http-equiv="Content-Type" content="text/html;charset=utf-8" />
  <meta name='ocr-system' content='tesseract 3.04.00' />
  <meta name='ocr-capabilities' content='ocr_page ocr_carea ocr_par ocr_line ocrx_word'/>
</head>
<body>
  <div class='ocr_page' id='page_1' title='image "./excursusadsibyll00alexuoft_0357.png"; bbox 0 0 1686 3500; ppageno 0'>
   <div class='ocr_carea' id='block_1_1' title="bbox 164 185 1250 262">
    <p class='ocr_par' dir='ltr' id='par_1_1' title="bbox 164 185 1250 262">
     <span class='ocr_line' id='line_1_1' title="bbox 164 185 1250 262; baseline -0.005 -27"><span class='ocrx_word' id='word_1_1' title='bbox 164 190 258 235; x_wconf 72' lang='lat'>348</span> <span class='ocrx_word' id='word_1_2' title='bbox 548 187 630 232; x_wconf 82' lang='lat' dir='ltr'>AD</span> <span class='ocrx_word' id='word_1_3' title='bbox 664 187 1004 262; x_wconf 73' lang='lat' dir='ltr'>smYLLlNOS</span> <span class='ocrx_word' id='word_1_4' title='bbox 1038 185 1250 231; x_wconf 85' lang='lat' dir='ltr'>LlBROS</span> 
     </span>
    </p>
   </div>
   <div class='ocr_carea' id='block_1_2' title="bbox 160 282 1630 401">
    <p class='ocr_par' dir='ltr' id='par_1_2' title="bbox 160 282 1630 401">
     <span class='ocr_line' id='line_1_2' title="bbox 160 282 1628 339; baseline 0.002 -14"><span class='ocrx_word' id='word_1_5' title='bbox 160 285 356 338; x_wconf 83' lang='lat' dir='ltr'>christus),</span> <span class='ocrx_word' id='word_1_6' title='bbox 371 285 439 338; x_wconf 84' lang='lat' dir='ltr'>qui</span> <span class='ocrx_word' id='word_1_7' title='bbox 465 284 632 337; x_wconf 84' lang='lat' dir='ltr'>primum</span> <span class='ocrx_word' id='word_1_8' title='bbox 655 285 728 324; x_wconf 86' lang='lat' dir='ltr'>tria</span> <span class='ocrx_word' id='word_1_9' title='bbox 752 286 879 339; x_wconf 81' lang='lat' dir='ltr'>capita</span> <span class='ocrx_word' id='word_1_10' title='bbox 910 282 1244 338; x_wconf 78' lang='lat' dir='ltr'>(Antoninorum)</span> <span class='ocrx_word' id='word_1_11' title='bbox 1277 283 1493 335; x_wconf 74' lang='lat' dir='ltr'>exscindet,</span> <span class='ocrx_word' id='word_1_12' title='bbox 1523 288 1628 330; x_wconf 83' lang='lat' dir='ltr'>simul</span> 
     </span>
     <span class='ocr_line' id='line_1_3' title="bbox 160 346 1630 401; baseline 0.003 -13"><span class='ocrx_word' id='word_1_13' title='bbox 160 349 302 389; x_wconf 82' lang='lat' dir='ltr'>caedem</span> <span class='ocrx_word' id='word_1_14' title='bbox 331 356 371 388; x_wconf 88' lang='lat' dir='ltr'>et</span> <span class='ocrx_word' id='word_1_15' title='bbox 411 357 596 387; x_wconf 89' lang='lat' dir='ltr'>terrorem</span> <span class='ocrx_word' id='word_1_16' title='bbox 633 357 713 388; x_wconf 93' lang='lat' dir='ltr'>toto</span> <span class='ocrx_word' id='word_1_17' title='bbox 743 357 894 401; x_wconf 74' lang='lat' dir='ltr'>sparget</span> <span class='ocrx_word' id='word_1_18' title='bbox 925 346 1020 386; x_wconf 89' lang='lat' dir='ltr'>orbe</span> <span class='ocrx_word' id='word_1_19' title='bbox 1050 354 1262 392; x_wconf 82' lang='lat' dir='ltr'>terrarum,</span> <span class='ocrx_word' id='word_1_20' title='bbox 1283 359 1318 385; x_wconf 87' lang='lat' dir='ltr'>v.</span> <span class='ocrx_word' id='word_1_21' title='bbox 1351 348 1533 389; x_wconf 52' lang='lat' dir='ltr'>ansano.</span> <span class='ocrx_word' id='word_1_22' title='bbox 1565 353 1630 392; x_wconf 78' lang='lat' dir='ltr'>uie</span> 
     </span>
    </p>
   </div>
   <div class='ocr_carea' id='block_1_3' title="bbox 73 411 1155 460">
    <p class='ocr_par' dir='ltr' id='par_1_3' title="bbox 73 411 1155 460">
     <span class='ocr_line' id='line_1_4' title="bbox 73 411 1155 460; baseline -0.003 -7"><span class='ocrx_word' id='word_1_23' title='bbox 73 445 81 453; x_wconf 92' lang='lat'><strong>.</strong></span> <span class='ocrx_word' id='word_1_24' title='bbox 123 435 125 439; x_wconf 23' lang='grc' dir='ltr'><em>Α</em></span> <span class='ocrx_word' id='word_1_25' title='bbox 158 414 287 453; x_wconf 85' lang='lat' dir='ltr'>denuo</span> <span class='ocrx_word' id='word_1_26' title='bbox 303 414 440 454; x_wconf 82' lang='lat' dir='ltr'>Noster</span> <span class='ocrx_word' id='word_1_27' title='bbox 457 413 496 451; x_wconf 89' lang='lat' dir='ltr'>in</span> <span class='ocrx_word' id='word_1_28' title='bbox 517 413 673 452; x_wconf 83' lang='lat' dir='ltr'>Romam</span> <span class='ocrx_word' id='word_1_29' title='bbox 691 413 901 460; x_wconf 82' lang='lat' dir='ltr'>invehitur,</span> <span class='ocrx_word' id='word_1_30' title='bbox 916 425 956 452; x_wconf 88' lang='lat' dir='ltr'>v.</span> <span class='ocrx_word' id='word_1_31' title='bbox 972 411 1155 459; x_wconf 74' lang='lat'>227·245.</span> 
     </span>
    </p>
   </div>
   <div class='ocr_carea' id='block_1_4' title="bbox 132 474 1665 1561">
    <p class='ocr_par' dir='ltr' id='par_1_4' title="bbox 158 474 1646 782">
     <span class='ocr_line' id='line_1_5' title="bbox 211 474 1646 529; baseline 0 -11"><span class='ocrx_word' id='word_1_32' title='bbox 211 477 286 518; x_wconf 89' lang='lat' dir='ltr'>Sed</span> <span class='ocrx_word' id='word_1_33' title='bbox 308 491 427 529; x_wconf 86' lang='lat' dir='ltr'>quum</span> <span class='ocrx_word' id='word_1_34' title='bbox 460 478 613 517; x_wconf 88' lang='lat' dir='ltr'>Persica</span> <span class='ocrx_word' id='word_1_35' title='bbox 633 478 741 516; x_wconf 88' lang='lat' dir='ltr'>tellus</span> <span class='ocrx_word' id='word_1_36' title='bbox 762 490 784 515; x_wconf 92' lang='lat' dir='ltr'>a</span> <span class='ocrx_word' id='word_1_37' title='bbox 803 476 907 514; x_wconf 87' lang='lat' dir='ltr'>bello</span> <span class='ocrx_word' id='word_1_38' title='bbox 935 474 1201 527; x_wconf 77' lang='lat' dir='ltr'>respiraverit,</span> <span class='ocrx_word' id='word_1_39' title='bbox 1219 481 1298 513; x_wconf 89' lang='lat' dir='ltr'>tum</span> <span class='ocrx_word' id='word_1_40' title='bbox 1320 474 1451 514; x_wconf 83' lang='lat' dir='ltr'>Judaea</span> <span class='ocrx_word' id='word_1_41' title='bbox 1469 489 1558 526; x_wconf 84' lang='lat' dir='ltr'>gens</span> <span class='ocrx_word' id='word_1_42' title='bbox 1575 493 1646 518; x_wconf 85' lang='lat' dir='ltr'>re·-</span> 
     </span>
     <span class='ocr_line' id='line_1_6' title="bbox 159 539 1629 615; baseline -0.001 -34"><span class='ocrx_word' id='word_1_43' title='bbox 159 552 311 615; x_wconf 81' lang='lat' dir='ltr'>surget,</span> <span class='ocrx_word' id='word_1_44' title='bbox 341 556 417 581; x_wconf 85' lang='lat' dir='ltr'>non</span> <span class='ocrx_word' id='word_1_45' title='bbox 451 556 583 581; x_wconf 86' lang='lat' dir='ltr'>secura</span> <span class='ocrx_word' id='word_1_46' title='bbox 603 542 741 590; x_wconf 90' lang='lat' dir='ltr'>modo,</span> <span class='ocrx_word' id='word_1_47' title='bbox 775 541 840 579; x_wconf 87' lang='lat' dir='ltr'>sed</span> <span class='ocrx_word' id='word_1_48' title='bbox 873 548 911 578; x_wconf 88' lang='lat' dir='ltr'>et</span> <span class='ocrx_word' id='word_1_49' title='bbox 939 540 1192 591; x_wconf 85' lang='lat' dir='ltr'>amplificata,</span> <span class='ocrx_word' id='word_1_50' title='bbox 1220 552 1255 578; x_wconf 90' lang='lat' dir='ltr'>v.</span> <span class='ocrx_word' id='word_1_51' title='bbox 1281 539 1369 584; x_wconf 78' lang='lat'>246-</span> <span class='ocrx_word' id='word_1_52' title='bbox 1372 540 1460 584; x_wconf 76' lang='lat'>254.</span> <span class='ocrx_word' id='word_1_53' title='bbox 1482 541 1629 595; x_wconf 80' lang='lat' dir='ltr'><strong>Quippe</strong></span> 
     </span>
     <span class='ocr_line' id='line_1_7' title="bbox 159 603 1628 659; baseline -0.001 -14"><span class='ocrx_word' id='word_1_54' title='bbox 159 607 219 645; x_wconf 79' lang='lat' dir='ltr'>vir</span> <span class='ocrx_word' id='word_1_55' title='bbox 245 606 402 659; x_wconf 91' lang='lat' dir='ltr'>quidam</span> <span class='ocrx_word' id='word_1_56' title='bbox 430 620 452 645; x_wconf 89' lang='lat' dir='ltr'>e</span> <span class='ocrx_word' id='word_1_57' title='bbox 481 607 575 645; x_wconf 89' lang='lat' dir='ltr'>caelo</span> <span class='ocrx_word' id='word_1_58' title='bbox 596 605 724 644; x_wconf 88' lang='lat' dir='ltr'>veniet</span> <span class='ocrx_word' id='word_1_59' title='bbox 750 604 955 655; x_wconf 81' lang='lat' dir='ltr'>(Messias);</span> <span class='ocrx_word' id='word_1_60' title='bbox 976 604 1007 642; x_wconf 89' lang='lat' dir='ltr'>is</span> <span class='ocrx_word' id='word_1_61' title='bbox 1036 604 1147 641; x_wconf 91' lang='lat' dir='ltr'>simul</span> <span class='ocrx_word' id='word_1_62' title='bbox 1166 611 1203 641; x_wconf 83' lang='lat' dir='ltr'>et</span> <span class='ocrx_word' id='word_1_63' title='bbox 1227 604 1352 642; x_wconf 81' lang='lat' dir='ltr'>Moses</span> <span class='ocrx_word' id='word_1_64' title='bbox 1374 603 1470 648; x_wconf 88' lang='lat' dir='ltr'>erit,</span> <span class='ocrx_word' id='word_1_65' title='bbox 1502 606 1566 656; x_wconf 90' lang='lat' dir='ltr'>qui</span> <span class='ocrx_word' id='word_1_66' title='bbox 1592 607 1628 646; x_wconf 89' lang='lat' dir='ltr'>in</span> 
     </span>
     <span class='ocr_line' id='line_1_8' title="bbox 158 665 1627 724; baseline -0.001 -14"><span class='ocrx_word' id='word_1_67' title='bbox 158 672 263 723; x_wconf 75' lang='lat' dir='ltr'>ligno</span> <span class='ocrx_word' id='word_1_68' title='bbox 285 672 430 724; x_wconf 85' lang='lat' dir='ltr'>palmas</span> <span class='ocrx_word' id='word_1_69' title='bbox 449 670 639 717; x_wconf 84' lang='lat' dir='ltr'>extendit,</span> <span class='ocrx_word' id='word_1_70' title='bbox 654 677 691 709; x_wconf 87' lang='lat' dir='ltr'>et</span> <span class='ocrx_word' id='word_1_71' title='bbox 717 670 861 717; x_wconf 84' lang='lat' dir='ltr'>Josue,</span> <span class='ocrx_word' id='word_1_72' title='bbox 894 669 962 721; x_wconf 92' lang='lat' dir='ltr'>qui</span> <span class='ocrx_word' id='word_1_73' title='bbox 983 668 1099 707; x_wconf 90' lang='lat' dir='ltr'>solem</span> <span class='ocrx_word' id='word_1_74' title='bbox 1126 675 1226 706; x_wconf 87' lang='lat' dir='ltr'>stare</span> <span class='ocrx_word' id='word_1_75' title='bbox 1246 665 1374 718; x_wconf 86' lang='lat' dir='ltr'>jussit,</span> <span class='ocrx_word' id='word_1_76' title='bbox 1394 681 1431 706; x_wconf 89' lang='lat' dir='ltr'>v.</span> <span class='ocrx_word' id='word_1_77' title='bbox 1454 667 1542 706; x_wconf 77' lang='lat'><strong>255-</strong></span> <span class='ocrx_word' id='word_1_78' title='bbox 1531 671 1627 713; x_wconf 77' lang='lat'><strong>-253.</strong></span> 
     </span>
     <span class='ocr_line' id='line_1_9' title="bbox 158 732 1503 782; baseline -0.004 -8"><span class='ocrx_word' id='word_1_79' title='bbox 158 736 289 775; x_wconf 82' lang='lat' dir='ltr'>Multis</span> <span class='ocrx_word' id='word_1_80' title='bbox 309 736 399 775; x_wconf 88' lang='lat' dir='ltr'>hinc</span> <span class='ocrx_word' id='word_1_81' title='bbox 419 734 652 774; x_wconf 82' lang='lat' dir='ltr'>describitur</span> <span class='ocrx_word' id='word_1_82' title='bbox 678 734 805 772; x_wconf 85' lang='lat' dir='ltr'>futura</span> <span class='ocrx_word' id='word_1_83' title='bbox 820 733 1040 773; x_wconf 80' lang='lat' dir='ltr'>Judaeorum</span> <span class='ocrx_word' id='word_1_84' title='bbox 1062 733 1236 778; x_wconf 78' lang='lat' dir='ltr'>felicitas,</span> <span class='ocrx_word' id='word_1_85' title='bbox 1257 744 1295 772; x_wconf 91' lang='lat' dir='ltr'>v.</span> <span class='ocrx_word' id='word_1_86' title='bbox 1317 732 1408 782; x_wconf 82' lang='lat'><strong>259-</strong></span> <span class='ocrx_word' id='word_1_87' title='bbox 1414 733 1503 776; x_wconf 73' lang='lat'>284.</span> 
     </span>
    </p>

    <p class='ocr_par' dir='ltr' id='par_1_5' title="bbox 132 789 1628 979">
     <span class='ocr_line' id='line_1_10' title="bbox 132 789 1628 850; baseline -0.001 -11"><span class='ocrx_word' id='word_1_88' title='bbox 132 789 136 792; x_wconf 30' lang='lat'><strong>⁴</strong></span> <span class='ocrx_word' id='word_1_89' title='bbox 210 802 260 839; x_wconf 75' lang='lat' dir='ltr'>At</span> <span class='ocrx_word' id='word_1_90' title='bbox 276 813 408 839; x_wconf 87' lang='lat' dir='ltr'>rursus</span> <span class='ocrx_word' id='word_1_91' title='bbox 441 800 548 841; x_wconf 84' lang='lat' dir='ltr'>malae</span> <span class='ocrx_word' id='word_1_92' title='bbox 577 798 843 850; x_wconf 73' lang='lat' dir='ltr'>praedictiones</span> <span class='ocrx_word' id='word_1_93' title='bbox 869 797 1061 849; x_wconf 86' lang='lat' dir='ltr'>incipiunt</span> <span class='ocrx_word' id='word_1_94' title='bbox 1079 797 1262 835; x_wconf 86' lang='lat' dir='ltr'>adversus</span> <span class='ocrx_word' id='word_1_95' title='bbox 1291 796 1508 847; x_wconf 86' lang='lat' dir='ltr'>complures</span> <span class='ocrx_word' id='word_1_96' title='bbox 1540 799 1628 839; x_wconf 72' lang='lat' dir='ltr'>Asiae</span> 
     </span>
     <span class='ocr_line' id='line_1_11' title="bbox 157 859 1626 915; baseline -0.002 -11"><span class='ocrx_word' id='word_1_97' title='bbox 157 864 319 905; x_wconf 78' lang='lat' dir='ltr'>Minoris</span> <span class='ocrx_word' id='word_1_98' title='bbox 354 862 469 903; x_wconf 89' lang='lat' dir='ltr'>urbes</span> <span class='ocrx_word' id='word_1_99' title='bbox 489 871 697 915; x_wconf 77' lang='lat' dir='ltr'>gentesque</span> <span class='ocrx_word' id='word_1_100' title='bbox 722 861 876 914; x_wconf 86' lang='lat' dir='ltr'>(quibus</span> <span class='ocrx_word' id='word_1_101' title='bbox 895 861 984 900; x_wconf 85' lang='lat' dir='ltr'>addi</span> <span class='ocrx_word' id='word_1_102' title='bbox 1006 861 1166 899; x_wconf 77' lang='lat' dir='ltr'>forsitan</span> <span class='ocrx_word' id='word_1_103' title='bbox 1188 859 1339 899; x_wconf 87' lang='lat' dir='ltr'>mireris</span> <span class='ocrx_word' id='word_1_104' title='bbox 1363 859 1542 912; x_wconf 77' lang='lat' dir='ltr'>Corcyrae</span> <span class='ocrx_word' id='word_1_105' title='bbox 1562 875 1626 902; x_wconf 90' lang='lat' dir='ltr'>no-</span> 
     </span>
     <span class='ocr_line' id='line_1_12' title="bbox 158 926 554 979; baseline -0.008 -12"><span class='ocrx_word' id='word_1_106' title='bbox 158 928 294 979; x_wconf 82' lang='lat' dir='ltr'>rnen),</span> <span class='ocrx_word' id='word_1_107' title='bbox 315 941 352 968; x_wconf 86' lang='lat' dir='ltr'>v.</span> <span class='ocrx_word' id='word_1_108' title='bbox 370 926 554 965; x_wconf 83' lang='lat'><strong>285-326.</strong></span> 
     </span>
    </p>

    <p class='ocr_par' dir='ltr' id='par_1_6' title="bbox 209 990 1272 1043">
     <span class='ocr_line' id='line_1_13' title="bbox 209 990 1272 1043; baseline -0.004 -11"><span class='ocrx_word' id='word_1_109' title='bbox 209 995 303 1032; x_wconf 82' lang='lat' dir='ltr'>Orat</span> <span class='ocrx_word' id='word_1_110' title='bbox 315 991 462 1043; x_wconf 80' lang='lat' dir='ltr'>Sibylla</span> <span class='ocrx_word' id='word_1_111' title='bbox 477 993 600 1031; x_wconf 89' lang='lat' dir='ltr'>Deum</span> <span class='ocrx_word' id='word_1_112' title='bbox 612 1020 622 1039; x_wconf 93' lang='lat'>,</span> <span class='ocrx_word' id='word_1_113' title='bbox 641 1000 682 1030; x_wconf 92' lang='lat' dir='ltr'>ut</span> <span class='ocrx_word' id='word_1_114' title='bbox 700 991 844 1031; x_wconf 78' lang='lat' dir='ltr'>Judaeae</span> <span class='ocrx_word' id='word_1_115' title='bbox 860 999 1015 1043; x_wconf 84' lang='lat' dir='ltr'>pareat,</span> <span class='ocrx_word' id='word_1_116' title='bbox 1031 1003 1067 1029; x_wconf 90' lang='lat' dir='ltr'>v.</span> <span class='ocrx_word' id='word_1_117' title='bbox 1089 990 1272 1038; x_wconf 80' lang='lat'>327-331.</span> 
     </span>
    </p>

    <p class='ocr_par' dir='ltr' id='par_1_7' title="bbox 152 1053 1665 1365">
     <span class='ocr_line' id='line_1_14' title="bbox 207 1053 1628 1107; baseline -0.002 -11"><span class='ocrx_word' id='word_1_118' title='bbox 207 1056 293 1097; x_wconf 85' lang='lat' dir='ltr'>Alia</span> <span class='ocrx_word' id='word_1_119' title='bbox 312 1055 486 1107; x_wconf 81' lang='lat' dir='ltr'>quaedam</span> <span class='ocrx_word' id='word_1_120' title='bbox 505 1056 544 1094; x_wconf 89' lang='lat' dir='ltr'>in</span> <span class='ocrx_word' id='word_1_121' title='bbox 562 1055 688 1094; x_wconf 84' lang='lat' dir='ltr'>varias</span> <span class='ocrx_word' id='word_1_122' title='bbox 702 1064 831 1107; x_wconf 82' lang='lat' dir='ltr'>gentes</span> <span class='ocrx_word' id='word_1_123' title='bbox 847 1054 1028 1092; x_wconf 85' lang='lat' dir='ltr'>vaticinia</span> <span class='ocrx_word' id='word_1_124' title='bbox 1043 1054 1210 1105; x_wconf 79' lang='lat' dir='ltr'>spargit,</span> <span class='ocrx_word' id='word_1_125' title='bbox 1234 1067 1269 1091; x_wconf 89' lang='lat' dir='ltr'>v.</span> <span class='ocrx_word' id='word_1_126' title='bbox 1293 1053 1474 1101; x_wconf 74' lang='lat'>332-341,</span> <span class='ocrx_word' id='word_1_127' title='bbox 1499 1063 1536 1092; x_wconf 87' lang='lat' dir='ltr'>et</span> <span class='ocrx_word' id='word_1_128' title='bbox 1559 1055 1628 1094; x_wconf 83' lang='lat' dir='ltr'>lta-</span> 
     </span>
     <span class='ocr_line' id='line_1_15' title="bbox 154 1118 1624 1172; baseline -0.001 -13"><span class='ocrx_word' id='word_1_129' title='bbox 154 1121 212 1159; x_wconf 74' lang='lat' dir='ltr'>15ae</span> <span class='ocrx_word' id='word_1_130' title='bbox 230 1120 436 1172; x_wconf 83' lang='lat' dir='ltr'>praesertim</span> <span class='ocrx_word' id='word_1_131' title='bbox 460 1121 599 1158; x_wconf 88' lang='lat' dir='ltr'>malum</span> <span class='ocrx_word' id='word_1_132' title='bbox 619 1120 798 1167; x_wconf 89' lang='lat' dir='ltr'>minatur,</span> <span class='ocrx_word' id='word_1_133' title='bbox 812 1133 852 1160; x_wconf 89' lang='lat' dir='ltr'>v.</span> <span class='ocrx_word' id='word_1_134' title='bbox 869 1120 959 1165; x_wconf 74' lang='lat'>342,</span> <span class='ocrx_word' id='word_1_135' title='bbox 975 1132 1051 1170; x_wconf 87' lang='lat' dir='ltr'>sq.,</span> <span class='ocrx_word' id='word_1_136' title='bbox 1070 1127 1148 1156; x_wconf 90' lang='lat' dir='ltr'>tum</span> <span class='ocrx_word' id='word_1_137' title='bbox 1162 1147 1173 1169; x_wconf 85' lang='lat'>‚</span> <span class='ocrx_word' id='word_1_138' title='bbox 1193 1118 1318 1170; x_wconf 91' lang='lat' dir='ltr'>inquit</span> <span class='ocrx_word' id='word_1_139' title='bbox 1332 1147 1344 1165; x_wconf 91' lang='lat'>,</span> <span class='ocrx_word' id='word_1_140' title='bbox 1362 1131 1480 1169; x_wconf 90' lang='lat' dir='ltr'>quum</span> <span class='ocrx_word' id='word_1_141' title='bbox 1502 1119 1624 1166; x_wconf 83' lang='lat' dir='ltr'>Deus,</span> 
     </span>
     <span class='ocr_line' id='line_1_16' title="bbox 153 1183 1665 1236; baseline -0.001 -12"><span class='ocrx_word' id='word_1_142' title='bbox 153 1185 348 1225; x_wconf 83' lang='lat' dir='ltr'>exstinctis</span> <span class='ocrx_word' id='word_1_143' title='bbox 367 1194 556 1223; x_wconf 81' lang='lat' dir='ltr'>astrorum</span> <span class='ocrx_word' id='word_1_144' title='bbox 576 1185 747 1231; x_wconf 74' lang='lat' dir='ltr'>facibus,</span> <span class='ocrx_word' id='word_1_145' title='bbox 768 1198 983 1236; x_wconf 83' lang='lat' dir='ltr'>supremam</span> <span class='ocrx_word' id='word_1_146' title='bbox 1002 1183 1178 1235; x_wconf 83' lang='lat' dir='ltr'>gentibus</span> <span class='ocrx_word' id='word_1_147' title='bbox 1207 1183 1414 1235; x_wconf 88' lang='lat' dir='ltr'>portendet</span> <span class='ocrx_word' id='word_1_148' title='bbox 1434 1183 1625 1232; x_wconf 85' lang='lat' dir='ltr'>ultionem,</span> <span class='ocrx_word' id='word_1_149' title='bbox 1662 1187 1665 1191; x_wconf 89' lang='grc'><strong><em>’</em></strong></span> 
     </span>
     <span class='ocr_line' id='line_1_17' title="bbox 153 1248 1625 1302; baseline -0.001 -14"><span class='ocrx_word' id='word_1_150' title='bbox 153 1258 402 1302; x_wconf 86' lang='lat' dir='ltr'>paratamque</span> <span class='ocrx_word' id='word_1_151' title='bbox 423 1249 648 1288; x_wconf 84' lang='lat' dir='ltr'>idololatriae</span> <span class='ocrx_word' id='word_1_152' title='bbox 667 1263 841 1301; x_wconf 83' lang='lat' dir='ltr'>poenam,</span> <span class='ocrx_word' id='word_1_153' title='bbox 862 1250 959 1294; x_wconf 85' lang='grc'>344-</span> <span class='ocrx_word' id='word_1_154' title='bbox 967 1249 1015 1287; x_wconf 92' lang='grc'>35</span> <span class='ocrx_word' id='word_1_155' title='bbox 1021 1249 1056 1297; x_wconf 84' lang='lat'>5,</span> <span class='ocrx_word' id='word_1_156' title='bbox 1074 1248 1178 1287; x_wconf 92' lang='lat' dir='ltr'>unde</span> <span class='ocrx_word' id='word_1_157' title='bbox 1199 1248 1296 1300; x_wconf 87' lang='lat' dir='ltr'>justi</span> <span class='ocrx_word' id='word_1_158' title='bbox 1326 1248 1373 1286; x_wconf 89' lang='lat' dir='ltr'>ad</span> <span class='ocrx_word' id='word_1_159' title='bbox 1405 1248 1625 1287; x_wconf 82' lang='lat' dir='ltr'>servandum</span> 
     </span>
     <span class='ocr_line' id='line_1_18' title="bbox 152 1313 998 1365; baseline -0.001 -12"><span class='ocrx_word' id='word_1_160' title='bbox 152 1315 231 1353; x_wconf 86' lang='lat' dir='ltr'>veri</span> <span class='ocrx_word' id='word_1_161' title='bbox 250 1314 320 1353; x_wconf 89' lang='lat' dir='ltr'>Dei</span> <span class='ocrx_word' id='word_1_162' title='bbox 340 1314 483 1352; x_wconf 89' lang='lat' dir='ltr'>cultum</span> <span class='ocrx_word' id='word_1_163' title='bbox 505 1313 732 1360; x_wconf 80' lang='lat' dir='ltr'>invitantur,</span> <span class='ocrx_word' id='word_1_164' title='bbox 753 1328 788 1353; x_wconf 86' lang='grc' dir='ltr'>ν.</span> <span class='ocrx_word' id='word_1_165' title='bbox 811 1315 904 1353; x_wconf 86' lang='grc'>356-</span> <span class='ocrx_word' id='word_1_166' title='bbox 908 1314 998 1365; x_wconf 81' lang='lat'>359.</span> 
     </span>
    </p>

    <p class='ocr_par' dir='ltr' id='par_1_8' title="bbox 152 1377 1625 1561">
     <span class='ocr_line' id='line_1_19' title="bbox 205 1377 1625 1431; baseline 0 -14"><span class='ocrx_word' id='word_1_167' title='bbox 205 1380 349 1418; x_wconf 84' lang='lat' dir='ltr'>Rursus</span> <span class='ocrx_word' id='word_1_168' title='bbox 369 1378 593 1431; x_wconf 88' lang='lat' dir='ltr'>praedicitur</span> <span class='ocrx_word' id='word_1_169' title='bbox 623 1379 792 1417; x_wconf 85' lang='lat' dir='ltr'>virorum</span> <span class='ocrx_word' id='word_1_170' title='bbox 820 1379 1006 1431; x_wconf 85' lang='lat' dir='ltr'>pessimus</span> <span class='ocrx_word' id='word_1_171' title='bbox 1026 1378 1143 1427; x_wconf 85' lang='lat' dir='ltr'>(Nero</span> <span class='ocrx_word' id='word_1_172' title='bbox 1169 1377 1438 1429; x_wconf 74' lang='lat' dir='ltr'>Antichristus)</span> <span class='ocrx_word' id='word_1_173' title='bbox 1470 1377 1577 1417; x_wconf 87' lang='lat' dir='ltr'>bellis</span> <span class='ocrx_word' id='word_1_174' title='bbox 1592 1388 1625 1417; x_wconf 89' lang='lat' dir='ltr'>et</span> 
     </span>
     <span class='ocr_line' id='line_1_20' title="bbox 152 1442 1619 1495; baseline -0.001 -13"><span class='ocrx_word' id='word_1_175' title='bbox 152 1443 322 1482; x_wconf 83' lang='lat' dir='ltr'>caedibus</span> <span class='ocrx_word' id='word_1_176' title='bbox 347 1452 467 1482; x_wconf 86' lang='lat' dir='ltr'>totum</span> <span class='ocrx_word' id='word_1_177' title='bbox 494 1443 627 1482; x_wconf 88' lang='lat' dir='ltr'>orbem</span> <span class='ocrx_word' id='word_1_178' title='bbox 645 1451 875 1488; x_wconf 85' lang='lat' dir='ltr'>vastaturus,</span> <span class='ocrx_word' id='word_1_179' title='bbox 900 1444 967 1495; x_wconf 87' lang='lat' dir='ltr'>qui</span> <span class='ocrx_word' id='word_1_180' title='bbox 990 1451 1026 1481; x_wconf 86' lang='lat' dir='ltr'>et</span> <span class='ocrx_word' id='word_1_181' title='bbox 1044 1442 1176 1494; x_wconf 80' lang='lat' dir='ltr'>praelio</span> <span class='ocrx_word' id='word_1_182' title='bbox 1195 1442 1233 1480; x_wconf 89' lang='lat' dir='ltr'>iu</span> <span class='ocrx_word' id='word_1_183' title='bbox 1269 1442 1492 1481; x_wconf 79' lang='lat' dir='ltr'>Macedonia</span> <span class='ocrx_word' id='word_1_184' title='bbox 1523 1456 1619 1481; x_wconf 90' lang='lat' dir='ltr'>com-</span> 
     </span>
     <span class='ocr_line' id='line_1_21' title="bbox 152 1507 1621 1561; baseline 0 -15"><span class='ocrx_word' id='word_1_185' title='bbox 152 1509 293 1557; x_wconf 86' lang='lat' dir='ltr'>misso,</span> <span class='ocrx_word' id='word_1_186' title='bbox 327 1509 448 1547; x_wconf 87' lang='lat' dir='ltr'>victor</span> <span class='ocrx_word' id='word_1_187' title='bbox 477 1508 637 1556; x_wconf 88' lang='lat' dir='ltr'>evadet,</span> <span class='ocrx_word' id='word_1_188' title='bbox 666 1509 825 1560; x_wconf 81' lang='lat' dir='ltr'>regique</span> <span class='ocrx_word' id='word_1_189' title='bbox 855 1523 919 1548; x_wconf 86' lang='lat' dir='ltr'>seu</span> <span class='ocrx_word' id='word_1_190' title='bbox 949 1507 1103 1560; x_wconf 83' lang='lat' dir='ltr'>regibus</span> <span class='ocrx_word' id='word_1_191' title='bbox 1133 1507 1388 1561; x_wconf 77' lang='lat' dir='ltr'>(Antoninisi’)</span> <span class='ocrx_word' id='word_1_192' title='bbox 1415 1521 1621 1560; x_wconf 81' lang='lat' dir='ltr'>supremam</span> 
     </span>
    </p>
   </div>
   <div class='ocr_carea' id='block_1_5' title="bbox 57 1573 803 1630">
    <p class='ocr_par' dir='ltr' id='par_1_9' title="bbox 57 1573 803 1630">
     <span class='ocr_line' id='line_1_22' title="bbox 57 1573 803 1630; baseline 0.003 -21"><span class='ocrx_word' id='word_1_193' title='bbox 57 1620 63 1630; x_wconf 92' lang='lat'><strong>.</strong></span> <span class='ocrx_word' id='word_1_194' title='bbox 107 1601 110 1604; x_wconf 18' lang='grc' dir='ltr'><em>Δ</em></span> <span class='ocrx_word' id='word_1_195' title='bbox 152 1573 361 1624; x_wconf 87' lang='lat' dir='ltr'>perniciem</span> <span class='ocrx_word' id='word_1_196' title='bbox 390 1573 544 1620; x_wconf 77' lang='lat' dir='ltr'>afferet,</span> <span class='ocrx_word' id='word_1_197' title='bbox 563 1585 600 1613; x_wconf 88' lang='lat' dir='ltr'>v.</span> <span class='ocrx_word' id='word_1_198' title='bbox 622 1573 712 1611; x_wconf 84' lang='lat'>360-</span> <span class='ocrx_word' id='word_1_199' title='bbox 716 1574 803 1621; x_wconf 83' lang='lat'><strong>373.</strong></span> 
     </span>
    </p>
   </div>
   <div class='ocr_carea' id='block_1_6' title="bbox 144 1607 1662 2914">
    <p class='ocr_par' dir='ltr' id='par_1_10' title="bbox 149 1607 1622 1814">
     <span class='ocr_line' id='line_1_23' title="bbox 206 1607 1622 1689; baseline -0.001 -15"><span class='ocrx_word' id='word_1_200' title='bbox 206 1637 300 1675; x_wconf 81' lang='lat' dir='ltr'>Hinc</span> <span class='ocrx_word' id='word_1_201' title='bbox 316 1638 444 1676; x_wconf 87' lang='lat' dir='ltr'>omnia</span> <span class='ocrx_word' id='word_1_202' title='bbox 470 1638 568 1675; x_wconf 87' lang='lat' dir='ltr'>mala</span> <span class='ocrx_word' id='word_1_203' title='bbox 594 1651 664 1689; x_wconf 87' lang='lat' dir='ltr'>per</span> <span class='ocrx_word' id='word_1_204' title='bbox 691 1637 823 1676; x_wconf 86' lang='lat' dir='ltr'>orbem</span> <span class='ocrx_word' id='word_1_205' title='bbox 846 1645 1036 1675; x_wconf 87' lang='lat' dir='ltr'>terrarum</span> <span class='ocrx_word' id='word_1_206' title='bbox 1066 1635 1359 1688; x_wconf 83' lang='lat' dir='ltr'>grassabuntur,</span> <span class='ocrx_word' id='word_1_207' title='bbox 1380 1649 1415 1675; x_wconf 89' lang='lat' dir='ltr'>v.</span> <span class='ocrx_word' id='word_1_208' title='bbox 1439 1636 1531 1684; x_wconf 75' lang='grc'>374·</span> <span class='ocrx_word' id='word_1_209' title='bbox 1541 1607 1622 1686; x_wconf 72' lang='grc'>379,</span> 
     </span>
     <span class='ocr_line' id='line_1_24' title="bbox 149 1700 1621 1753; baseline -0.001 -14"><span class='ocrx_word' id='word_1_210' title='bbox 149 1701 290 1750; x_wconf 87' lang='lat' dir='ltr'>donec,</span> <span class='ocrx_word' id='word_1_211' title='bbox 310 1702 421 1741; x_wconf 87' lang='lat' dir='ltr'>bellis</span> <span class='ocrx_word' id='word_1_212' title='bbox 440 1702 682 1753; x_wconf 89' lang='lat' dir='ltr'>compositis,</span> <span class='ocrx_word' id='word_1_213' title='bbox 701 1701 869 1753; x_wconf 92' lang='lat' dir='ltr'>populus</span> <span class='ocrx_word' id='word_1_214' title='bbox 882 1701 1033 1753; x_wconf 88' lang='lat' dir='ltr'>sapiens</span> <span class='ocrx_word' id='word_1_215' title='bbox 1050 1700 1195 1751; x_wconf 79' lang='lat' dir='ltr'>(Judaea</span> <span class='ocrx_word' id='word_1_216' title='bbox 1215 1702 1321 1752; x_wconf 82' lang='lat' dir='ltr'>gens)</span> <span class='ocrx_word' id='word_1_217' title='bbox 1345 1713 1438 1752; x_wconf 87' lang='lat' dir='ltr'>pace</span> <span class='ocrx_word' id='word_1_218' title='bbox 1453 1709 1492 1738; x_wconf 94' lang='lat' dir='ltr'>et</span> <span class='ocrx_word' id='word_1_219' title='bbox 1511 1701 1545 1738; x_wconf 66' lang='lat' dir='ltr'>fn:</span> <span class='ocrx_word' id='word_1_220' title='bbox 1549 1700 1621 1739; x_wconf 86' lang='lat' dir='ltr'>lici-</span> 
     </span>
     <span class='ocr_line' id='line_1_25' title="bbox 151 1767 666 1814; baseline 0.002 -9"><span class='ocrx_word' id='word_1_221' title='bbox 151 1776 227 1806; x_wconf 85' lang='lat' dir='ltr'>tate</span> <span class='ocrx_word' id='word_1_222' title='bbox 247 1767 408 1814; x_wconf 81' lang='lat' dir='ltr'>fruatur,</span> <span class='ocrx_word' id='word_1_223' title='bbox 425 1781 459 1806; x_wconf 89' lang='lat' dir='ltr'>v.</span> <span class='ocrx_word' id='word_1_224' title='bbox 480 1767 666 1812; x_wconf 82' lang='grc'>380-384.</span> 
     </span>
    </p>

    <p class='ocr_par' dir='ltr' id='par_1_11' title="bbox 147 1824 1620 2206">
     <span class='ocr_line' id='line_1_26' title="bbox 201 1824 1618 1884; baseline -0.001 -13"><span class='ocrx_word' id='word_1_225' title='bbox 201 1832 347 1871; x_wconf 85' lang='lat' dir='ltr'>Rursus</span> <span class='ocrx_word' id='word_1_226' title='bbox 365 1832 403 1871; x_wconf 87' lang='lat' dir='ltr'>in</span> <span class='ocrx_word' id='word_1_227' title='bbox 430 1832 589 1871; x_wconf 81' lang='lat' dir='ltr'>Romam</span> <span class='ocrx_word' id='word_1_228' title='bbox 614 1833 787 1871; x_wconf 88' lang='lat' dir='ltr'>convicia</span> <span class='ocrx_word' id='word_1_229' title='bbox 808 1841 848 1871; x_wconf 90' lang='lat' dir='ltr'>et</span> <span class='ocrx_word' id='word_1_230' title='bbox 877 1824 1186 1884; x_wconf 83' lang='lat' dir='ltr'>imprecationes,</span> <span class='ocrx_word' id='word_1_231' title='bbox 1215 1845 1251 1870; x_wconf 90' lang='lat' dir='ltr'>v.</span> <span class='ocrx_word' id='word_1_232' title='bbox 1283 1832 1453 1883; x_wconf 79' lang='lat'><strong>385·393</strong></span> <span class='ocrx_word' id='word_1_233' title='bbox 1470 1845 1478 1869; x_wconf 90' lang='lat'>:</span> <span class='ocrx_word' id='word_1_234' title='bbox 1496 1832 1618 1883; x_wconf 89' lang='lat' dir='ltr'>quain</span> 
     </span>
     <span class='ocr_line' id='line_1_27' title="bbox 149 1896 1620 1950; baseline -0.001 -15"><span class='ocrx_word' id='word_1_235' title='bbox 149 1897 247 1935; x_wconf 87' lang='lat' dir='ltr'>urbe</span> <span class='ocrx_word' id='word_1_236' title='bbox 262 1911 369 1936; x_wconf 90' lang='lat' dir='ltr'>sacer</span> <span class='ocrx_word' id='word_1_237' title='bbox 378 1899 500 1936; x_wconf 73' lang='lat' dir='ltr'>Vestae</span> <span class='ocrx_word' id='word_1_238' title='bbox 517 1898 624 1936; x_wconf 77' lang='lat' dir='ltr'>focus</span> <span class='ocrx_word' id='word_1_239' title='bbox 638 1898 911 1950; x_wconf 81' lang='lat' dir='ltr'>exstinguetur,</span> <span class='ocrx_word' id='word_1_240' title='bbox 928 1906 1008 1936; x_wconf 90' lang='lat' dir='ltr'>tum</span> <span class='ocrx_word' id='word_1_241' title='bbox 1026 1910 1146 1948; x_wconf 89' lang='lat' dir='ltr'>quum</span> <span class='ocrx_word' id='word_1_242' title='bbox 1163 1896 1262 1935; x_wconf 87' lang='lat' dir='ltr'>aedes</span> <span class='ocrx_word' id='word_1_243' title='bbox 1277 1898 1360 1935; x_wconf 90' lang='lat' dir='ltr'>Deo</span> <span class='ocrx_word' id='word_1_244' title='bbox 1378 1909 1484 1934; x_wconf 89' lang='lat' dir='ltr'>sacra</span> <span class='ocrx_word' id='word_1_245' title='bbox 1501 1909 1620 1933; x_wconf 81' lang='lat' dir='ltr'>rursus</span> 
     </span>
     <span class='ocr_line' id='line_1_28' title="bbox 149 1960 1620 2013; baseline 0 -15"><span class='ocrx_word' id='word_1_246' title='bbox 149 1961 187 1998; x_wconf 92' lang='lat' dir='ltr'>in</span> <span class='ocrx_word' id='word_1_247' title='bbox 217 1961 386 2000; x_wconf 88' lang='lat' dir='ltr'>flammas</span> <span class='ocrx_word' id='word_1_248' title='bbox 410 1961 645 2010; x_wconf 90' lang='lat' dir='ltr'>conciderit,</span> <span class='ocrx_word' id='word_1_249' title='bbox 677 1975 713 2000; x_wconf 89' lang='lat' dir='ltr'>v.</span> <span class='ocrx_word' id='word_1_250' title='bbox 741 1964 830 2012; x_wconf 88' lang='grc'>394,</span> <span class='ocrx_word' id='word_1_251' title='bbox 850 1975 935 2012; x_wconf 89' lang='lat' dir='ltr'>sqq.</span> <span class='ocrx_word' id='word_1_252' title='bbox 961 1961 1061 2000; x_wconf 88' lang='lat' dir='ltr'>Hinc</span> <span class='ocrx_word' id='word_1_253' title='bbox 1081 1961 1200 2013; x_wconf 86' lang='lat' dir='ltr'>ipsius</span> <span class='ocrx_word' id='word_1_254' title='bbox 1222 1960 1355 2012; x_wconf 89' lang='lat' dir='ltr'>templi</span> <span class='ocrx_word' id='word_1_255' title='bbox 1387 1960 1620 2011; x_wconf 78' lang='lat' dir='ltr'>(Hierosoly-</span> 
     </span>
     <span class='ocr_line' id='line_1_29' title="bbox 149 2025 1619 2079; baseline -0.001 -15"><span class='ocrx_word' id='word_1_256' title='bbox 149 2027 294 2078; x_wconf 82' lang='lat' dir='ltr'>mitani)</span> <span class='ocrx_word' id='word_1_257' title='bbox 324 2027 406 2066; x_wconf 81' lang='lat' dir='ltr'>laus</span> <span class='ocrx_word' id='word_1_258' title='bbox 427 2027 590 2075; x_wconf 89' lang='lat' dir='ltr'>canitur,</span> <span class='ocrx_word' id='word_1_259' title='bbox 611 2040 647 2066; x_wconf 88' lang='lat' dir='ltr'>v.</span> <span class='ocrx_word' id='word_1_260' title='bbox 669 2028 758 2078; x_wconf 84' lang='lat'>399,</span> <span class='ocrx_word' id='word_1_261' title='bbox 776 2041 879 2078; x_wconf 69' lang='lat' dir='ltr'>sqq„</span> <span class='ocrx_word' id='word_1_262' title='bbox 900 2035 937 2064; x_wconf 86' lang='lat' dir='ltr'>et</span> <span class='ocrx_word' id='word_1_263' title='bbox 953 2026 1064 2065; x_wconf 81' lang='lat' dir='ltr'>simul</span> <span class='ocrx_word' id='word_1_264' title='bbox 1101 2025 1269 2079; x_wconf 72' lang='lat' dir='ltr'>liebraeae</span> <span class='ocrx_word' id='word_1_265' title='bbox 1301 2025 1434 2078; x_wconf 79' lang='lat' dir='ltr'>gentis,</span> <span class='ocrx_word' id='word_1_266' title='bbox 1467 2039 1508 2066; x_wconf 90' lang='lat' dir='ltr'>v.</span> <span class='ocrx_word' id='word_1_267' title='bbox 1534 2032 1619 2071; x_wconf 71' lang='lat'>402-</span> 
     </span>
     <span class='ocr_line' id='line_1_30' title="bbox 150 2084 1620 2143; baseline -0.001 -15"><span class='ocrx_word' id='word_1_268' title='bbox 150 2092 239 2138; x_wconf 86' lang='grc'>406,</span> <span class='ocrx_word' id='word_1_269' title='bbox 256 2091 365 2142; x_wconf 89' lang='lat' dir='ltr'>cujus</span> <span class='ocrx_word' id='word_1_270' title='bbox 392 2091 567 2143; x_wconf 78' lang='lat' dir='ltr'>perditor</span> <span class='ocrx_word' id='word_1_271' title='bbox 588 2092 729 2143; x_wconf 81' lang='lat' dir='ltr'>(Nero),</span> <span class='ocrx_word' id='word_1_272' title='bbox 743 2091 870 2129; x_wconf 90' lang='lat' dir='ltr'>statim</span> <span class='ocrx_word' id='word_1_273' title='bbox 893 2098 981 2142; x_wconf 88' lang='lat' dir='ltr'>post</span> <span class='ocrx_word' id='word_1_274' title='bbox 996 2084 1134 2128; x_wconf 83' lang='lat' dir='ltr'>terram</span> <span class='ocrx_word' id='word_1_275' title='bbox 1155 2098 1322 2129; x_wconf 83' lang='lat' dir='ltr'>sanctam</span> <span class='ocrx_word' id='word_1_276' title='bbox 1340 2089 1516 2127; x_wconf 85' lang='lat' dir='ltr'>violatam</span> <span class='ocrx_word' id='word_1_277' title='bbox 1536 2104 1620 2141; x_wconf 85' lang='lat' dir='ltr'>per-</span> 
     </span>
     <span class='ocr_line' id='line_1_31' title="bbox 147 2153 1546 2206; baseline -0.001 -13"><span class='ocrx_word' id='word_1_278' title='bbox 147 2168 278 2195; x_wconf 88' lang='lat' dir='ltr'>cussus</span> <span class='ocrx_word' id='word_1_279' title='bbox 291 2153 311 2193; x_wconf 75' lang='lat' dir='ltr'>a</span> <span class='ocrx_word' id='word_1_280' title='bbox 332 2155 721 2205; x_wconf 88' lang='lat' dir='ltr'>Deo,.d0cumentum</span> <span class='ocrx_word' id='word_1_281' title='bbox 739 2155 875 2194; x_wconf 87' lang='lat' dir='ltr'>ceteris</span> <span class='ocrx_word' id='word_1_282' title='bbox 892 2154 1065 2206; x_wconf 80' lang='lat' dir='ltr'>praebere</span> <span class='ocrx_word' id='word_1_283' title='bbox 1080 2153 1269 2193; x_wconf 85' lang='lat' dir='ltr'>debuerat</span> <span class='ocrx_word' id='word_1_284' title='bbox 1282 2183 1292 2198; x_wconf 82' lang='lat'>,</span> <span class='ocrx_word' id='word_1_285' title='bbox 1313 2167 1344 2192; x_wconf 90' lang='lat' dir='ltr'>v.</span> <span class='ocrx_word' id='word_1_286' title='bbox 1363 2160 1546 2201; x_wconf 73' lang='lat'>407—412.</span> 
     </span>
    </p>

    <p class='ocr_par' dir='ltr' id='par_1_12' title="bbox 144 2218 1618 2401">
     <span class='ocr_line' id='line_1_32' title="bbox 154 2218 1618 2270; baseline -0.002 -12"><span class='ocrx_word' id='word_1_287' title='bbox 154 2227 163 2245; x_wconf 79' lang='grc'>-“</span> <span class='ocrx_word' id='word_1_288' title='bbox 202 2220 315 2259; x_wconf 86' lang='lat' dir='ltr'>Venit</span> <span class='ocrx_word' id='word_1_289' title='bbox 330 2221 431 2259; x_wconf 92' lang='lat' dir='ltr'>enim</span> <span class='ocrx_word' id='word_1_290' title='bbox 450 2220 498 2259; x_wconf 92' lang='lat' dir='ltr'>de</span> <span class='ocrx_word' id='word_1_291' title='bbox 514 2221 606 2260; x_wconf 87' lang='lat' dir='ltr'>caelo</span> <span class='ocrx_word' id='word_1_292' title='bbox 638 2221 774 2258; x_wconf 87' lang='lat' dir='ltr'>missus</span> <span class='ocrx_word' id='word_1_293' title='bbox 801 2233 821 2257; x_wconf 92' lang='lat' dir='ltr'>a</span> <span class='ocrx_word' id='word_1_294' title='bbox 850 2221 932 2258; x_wconf 89' lang='lat' dir='ltr'>Deo</span> <span class='ocrx_word' id='word_1_295' title='bbox 954 2219 1014 2257; x_wconf 89' lang='lat' dir='ltr'>vir</span> <span class='ocrx_word' id='word_1_296' title='bbox 1029 2219 1184 2270; x_wconf 85' lang='lat' dir='ltr'>quidam</span> <span class='ocrx_word' id='word_1_297' title='bbox 1211 2218 1402 2270; x_wconf 74' lang='lat' dir='ltr'>(Messias),</span> <span class='ocrx_word' id='word_1_298' title='bbox 1419 2218 1618 2269; x_wconf 81' lang='lat' dir='ltr'>deletisque</span> 
     </span>
     <span class='ocr_line' id='line_1_33' title="bbox 144 2284 1618 2337; baseline -0.001 -14"><span class='ocrx_word' id='word_1_299' title='bbox 144 2284 367 2324; x_wconf 76' lang='lat' dir='ltr'>Judaeorum</span> <span class='ocrx_word' id='word_1_300' title='bbox 390 2285 587 2334; x_wconf 86' lang='lat' dir='ltr'>hostibus,</span> <span class='ocrx_word' id='word_1_301' title='bbox 621 2285 756 2324; x_wconf 87' lang='lat' dir='ltr'>urbem</span> <span class='ocrx_word' id='word_1_302' title='bbox 788 2293 956 2323; x_wconf 82' lang='lat' dir='ltr'>sanctam</span> <span class='ocrx_word' id='word_1_303' title='bbox 989 2285 1203 2337; x_wconf 85' lang='lat' dir='ltr'>reparavit,</span> <span class='ocrx_word' id='word_1_304' title='bbox 1233 2298 1270 2322; x_wconf 84' lang='lat' dir='ltr'>v.</span> <span class='ocrx_word' id='word_1_305' title='bbox 1301 2285 1480 2331; x_wconf 57' lang='grc'>413-434,</span> <span class='ocrx_word' id='word_1_306' title='bbox 1513 2297 1618 2336; x_wconf 81' lang='lat' dir='ltr'>quain</span> 
     </span>
     <span class='ocr_line' id='line_1_34' title="bbox 146 2348 1450 2401; baseline 0.001 -14"><span class='ocrx_word' id='word_1_307' title='bbox 146 2362 278 2388; x_wconf 85' lang='lat' dir='ltr'>omnes</span> <span class='ocrx_word' id='word_1_308' title='bbox 297 2358 425 2401; x_wconf 86' lang='lat' dir='ltr'>gentes</span> <span class='ocrx_word' id='word_1_309' title='bbox 445 2350 698 2389; x_wconf 82' lang='lat' dir='ltr'>admiratione</span> <span class='ocrx_word' id='word_1_310' title='bbox 713 2358 750 2388; x_wconf 85' lang='lat' dir='ltr'>et</span> <span class='ocrx_word' id='word_1_311' title='bbox 766 2350 869 2388; x_wconf 88' lang='lat' dir='ltr'>cultu</span> <span class='ocrx_word' id='word_1_312' title='bbox 887 2357 1183 2400; x_wconf 85' lang='lat' dir='ltr'>prosequentur,</span> <span class='ocrx_word' id='word_1_313' title='bbox 1204 2361 1242 2386; x_wconf 88' lang='lat' dir='ltr'>v.</span> <span class='ocrx_word' id='word_1_314' title='bbox 1268 2348 1450 2394; x_wconf 71' lang='lat'>425-432.</span> 
     </span>
    </p>

    <p class='ocr_par' dir='ltr' id='par_1_13' title="bbox 197 2414 1459 2467">
     <span class='ocr_line' id='line_1_35' title="bbox 197 2414 1459 2467; baseline -0.002 -13"><span class='ocrx_word' id='word_1_315' title='bbox 197 2416 379 2467; x_wconf 86' lang='lat' dir='ltr'>Sequitur</span> <span class='ocrx_word' id='word_1_316' title='bbox 397 2416 622 2467; x_wconf 87' lang='lat' dir='ltr'>imprecatio</span> <span class='ocrx_word' id='word_1_317' title='bbox 639 2416 677 2454; x_wconf 90' lang='lat' dir='ltr'>in</span> <span class='ocrx_word' id='word_1_318' title='bbox 693 2415 929 2466; x_wconf 79' lang='lat' dir='ltr'>Babylonem</span> <span class='ocrx_word' id='word_1_319' title='bbox 947 2414 1200 2460; x_wconf 80' lang='lat' dir='ltr'>Parthorum,</span> <span class='ocrx_word' id='word_1_320' title='bbox 1215 2427 1252 2452; x_wconf 87' lang='lat' dir='ltr'>v.</span> <span class='ocrx_word' id='word_1_321' title='bbox 1277 2414 1459 2459; x_wconf 82' lang='grc'>433-445.</span> 
     </span>
    </p>

    <p class='ocr_par' dir='ltr' id='par_1_14' title="bbox 146 2479 1662 2659">
     <span class='ocr_line' id='line_1_36' title="bbox 198 2479 1619 2532; baseline -0.001 -15"><span class='ocrx_word' id='word_1_322' title='bbox 198 2480 291 2518; x_wconf 87' lang='lat' dir='ltr'>lnde</span> <span class='ocrx_word' id='word_1_323' title='bbox 307 2480 526 2532; x_wconf 84' lang='lat' dir='ltr'>praedicitur</span> <span class='ocrx_word' id='word_1_324' title='bbox 542 2494 677 2532; x_wconf 80' lang='lat' dir='ltr'>magna</span> <span class='ocrx_word' id='word_1_325' title='bbox 697 2488 881 2519; x_wconf 86' lang='lat' dir='ltr'>terrarum</span> <span class='ocrx_word' id='word_1_326' title='bbox 893 2479 1115 2526; x_wconf 89' lang='lat' dir='ltr'>commotio,</span> <span class='ocrx_word' id='word_1_327' title='bbox 1128 2492 1203 2530; x_wconf 85' lang='lat' dir='ltr'>qua</span> <span class='ocrx_word' id='word_1_328' title='bbox 1214 2479 1331 2516; x_wconf 87' lang='lat' dir='ltr'>maria</span> <span class='ocrx_word' id='word_1_329' title='bbox 1347 2479 1502 2527; x_wconf 87' lang='lat' dir='ltr'>siccata,</span> <span class='ocrx_word' id='word_1_330' title='bbox 1519 2487 1619 2516; x_wconf 83' lang='lat' dir='ltr'>terrae</span> 
     </span>
     <span class='ocr_line' id='line_1_37' title="bbox 146 2542 1662 2596; baseline -0.003 -16"><span class='ocrx_word' id='word_1_331' title='bbox 146 2542 258 2581; x_wconf 92' lang='lat' dir='ltr'>undis</span> <span class='ocrx_word' id='word_1_332' title='bbox 275 2553 483 2596; x_wconf 63' lang='lat' dir='ltr'>coopertae,</span> <span class='ocrx_word' id='word_1_333' title='bbox 501 2545 629 2583; x_wconf 83' lang='lat' dir='ltr'>multae</span> <span class='ocrx_word' id='word_1_334' title='bbox 649 2543 763 2582; x_wconf 88' lang='lat' dir='ltr'>urbes</span> <span class='ocrx_word' id='word_1_335' title='bbox 780 2553 818 2582; x_wconf 91' lang='lat' dir='ltr'>et</span> <span class='ocrx_word' id='word_1_336' title='bbox 840 2544 1025 2588; x_wconf 86' lang='lat' dir='ltr'>nationes,</span> <span class='ocrx_word' id='word_1_337' title='bbox 1043 2543 1161 2593; x_wconf 85' lang='lat' dir='ltr'>inque</span> <span class='ocrx_word' id='word_1_338' title='bbox 1181 2542 1227 2580; x_wconf 87' lang='lat' dir='ltr'>iis</span> <span class='ocrx_word' id='word_1_339' title='bbox 1254 2542 1406 2581; x_wconf 87' lang='lat' dir='ltr'>demum</span> <span class='ocrx_word' id='word_1_340' title='bbox 1424 2543 1571 2594; x_wconf 88' lang='lat' dir='ltr'>Cyprus</span> <span class='ocrx_word' id='word_1_341' title='bbox 1585 2548 1617 2579; x_wconf 85' lang='lat' dir='ltr'>et</span> <span class='ocrx_word' id='word_1_342' title='bbox 1657 2570 1662 2576; x_wconf 92' lang='lat'>.</span> 
     </span>
     <span class='ocr_line' id='line_1_38' title="bbox 147 2607 1350 2659; baseline 0 -14"><span class='ocrx_word' id='word_1_343' title='bbox 147 2607 339 2653; x_wconf 84' lang='lat' dir='ltr'>Phoenice,</span> <span class='ocrx_word' id='word_1_344' title='bbox 359 2608 465 2646; x_wconf 79' lang='lat' dir='ltr'>saevis</span> <span class='ocrx_word' id='word_1_345' title='bbox 502 2607 786 2646; x_wconf 86' lang='lat' dir='ltr'>calamitatibus</span> <span class='ocrx_word' id='word_1_346' title='bbox 807 2608 1091 2659; x_wconf 88' lang='lat' dir='ltr'>opprimentur,</span> <span class='ocrx_word' id='word_1_347' title='bbox 1111 2620 1146 2646; x_wconf 86' lang='lat' dir='ltr'>v.</span> <span class='ocrx_word' id='word_1_348' title='bbox 1170 2607 1350 2652; x_wconf 80' lang='grc'>446-456.</span> 
     </span>
    </p>

    <p class='ocr_par' dir='ltr' id='par_1_15' title="bbox 144 2668 1619 2914">
     <span class='ocr_line' id='line_1_39' title="bbox 198 2668 1619 2723; baseline -0.002 -14"><span class='ocrx_word' id='word_1_349' title='bbox 198 2671 340 2718; x_wconf 88' lang='lat' dir='ltr'>Quinta</span> <span class='ocrx_word' id='word_1_350' title='bbox 372 2680 498 2710; x_wconf 90' lang='lat' dir='ltr'>autem</span> <span class='ocrx_word' id='word_1_351' title='bbox 523 2673 769 2723; x_wconf 80' lang='lat' dir='ltr'>generatione</span> <span class='ocrx_word' id='word_1_352' title='bbox 791 2679 993 2722; x_wconf 83' lang='lat' dir='ltr'>postquam</span> <span class='ocrx_word' id='word_1_353' title='bbox 1023 2670 1208 2722; x_wconf 77' lang='lat' dir='ltr'>AEgyptus</span> <span class='ocrx_word' id='word_1_354' title='bbox 1227 2684 1249 2709; x_wconf 88' lang='lat' dir='ltr'>a</span> <span class='ocrx_word' id='word_1_355' title='bbox 1269 2671 1376 2709; x_wconf 89' lang='lat' dir='ltr'>malis</span> <span class='ocrx_word' id='word_1_356' title='bbox 1401 2671 1456 2723; x_wconf 85' lang='lat' dir='ltr'>(id</span> <span class='ocrx_word' id='word_1_357' title='bbox 1482 2678 1551 2719; x_wconf 81' lang='lat' dir='ltr'>est,</span> <span class='ocrx_word' id='word_1_358' title='bbox 1575 2668 1619 2707; x_wconf 90' lang='lat' dir='ltr'>ab</span> 
     </span>
     <span class='ocr_line' id='line_1_40' title="bbox 146 2733 1616 2786; baseline -0.001 -15"><span class='ocrx_word' id='word_1_359' title='bbox 146 2733 324 2772; x_wconf 74' lang='lat' dir='ltr'>Antiochi</span> <span class='ocrx_word' id='word_1_360' title='bbox 351 2734 579 2786; x_wconf 83' lang='lat' dir='ltr'>vastatione)</span> <span class='ocrx_word' id='word_1_361' title='bbox 599 2734 886 2785; x_wconf 89' lang='lat' dir='ltr'>conquieverit,</span> <span class='ocrx_word' id='word_1_362' title='bbox 905 2748 1025 2785; x_wconf 90' lang='lat' dir='ltr'>quum</span> <span class='ocrx_word' id='word_1_363' title='bbox 1049 2747 1179 2785; x_wconf 77' lang='lat' dir='ltr'>regum</span> <span class='ocrx_word' id='word_1_364' title='bbox 1201 2734 1341 2785; x_wconf 89' lang='lat' dir='ltr'>impuri</span> <span class='ocrx_word' id='word_1_365' title='bbox 1369 2735 1461 2773; x_wconf 78' lang='lat' dir='ltr'>fient</span> <span class='ocrx_word' id='word_1_366' title='bbox 1479 2746 1616 2772; x_wconf 82' lang='lat' dir='ltr'>concu-</span> 
     </span>
     <span class='ocr_line' id='line_1_41' title="bbox 146 2796 1617 2851; baseline -0.001 -16"><span class='ocrx_word' id='word_1_367' title='bbox 146 2796 250 2836; x_wconf 87' lang='lat' dir='ltr'>bitus</span> <span class='ocrx_word' id='word_1_368' title='bbox 265 2798 320 2851; x_wconf 87' lang='lat' dir='ltr'>(id</span> <span class='ocrx_word' id='word_1_369' title='bbox 339 2811 408 2836; x_wconf 85' lang='lat' dir='ltr'>nos</span> <span class='ocrx_word' id='word_1_370' title='bbox 425 2798 472 2837; x_wconf 90' lang='lat' dir='ltr'>de</span> <span class='ocrx_word' id='word_1_371' title='bbox 488 2798 693 2850; x_wconf 83' lang='lat' dir='ltr'>Cleopatra</span> <span class='ocrx_word' id='word_1_372' title='bbox 718 2798 992 2850; x_wconf 82' lang='lat' dir='ltr'>intelligimus),</span> <span class='ocrx_word' id='word_1_373' title='bbox 1019 2797 1162 2837; x_wconf 88' lang='lat' dir='ltr'>bellum</span> <span class='ocrx_word' id='word_1_374' title='bbox 1186 2799 1222 2836; x_wconf 87' lang='lat' dir='ltr'>in</span> <span class='ocrx_word' id='word_1_375' title='bbox 1255 2799 1419 2850; x_wconf 75' lang='lat' dir='ltr'>AEgypto</span> <span class='ocrx_word' id='word_1_376' title='bbox 1442 2808 1479 2837; x_wconf 90' lang='lat' dir='ltr'>et</span> <span class='ocrx_word' id='word_1_377' title='bbox 1498 2799 1617 2836; x_wconf 81' lang='lat' dir='ltr'>Mace·</span> 
     </span>
     <span class='ocr_line' id='line_1_42' title="bbox 144 2860 1619 2914; baseline -0.001 -15"><span class='ocrx_word' id='word_1_378' title='bbox 144 2860 256 2903; x_wconf 85' lang='lat' dir='ltr'>donia</span> <span class='ocrx_word' id='word_1_379' title='bbox 288 2874 326 2901; x_wconf 86' lang='lat' dir='ltr'>et</span> <span class='ocrx_word' id='word_1_380' title='bbox 354 2862 442 2902; x_wconf 85' lang='lat' dir='ltr'>Asia</span> <span class='ocrx_word' id='word_1_381' title='bbox 475 2871 513 2901; x_wconf 87' lang='lat' dir='ltr'>et</span> <span class='ocrx_word' id='word_1_382' title='bbox 552 2863 677 2901; x_wconf 76' lang='lat' dir='ltr'>Africa</span> <span class='ocrx_word' id='word_1_383' title='bbox 708 2862 882 2902; x_wconf 80' lang='lat' dir='ltr'>desaeviet</span> <span class='ocrx_word' id='word_1_384' title='bbox 902 2862 1072 2911; x_wconf 87' lang='lat' dir='ltr'>(bellum,</span> <span class='ocrx_word' id='word_1_385' title='bbox 1094 2870 1134 2901; x_wconf 86' lang='lat' dir='ltr'>ut</span> <span class='ocrx_word' id='word_1_386' title='bbox 1155 2863 1371 2914; x_wconf 85' lang='lat' dir='ltr'>opinamur,</span> <span class='ocrx_word' id='word_1_387' title='bbox 1392 2863 1503 2901; x_wconf 85' lang='lat' dir='ltr'>civile</span> <span class='ocrx_word' id='word_1_388' title='bbox 1526 2861 1619 2899; x_wconf 83' lang='lat' dir='ltr'>inter</span> 
     </span>
    </p>
   </div>
  </div>
 </body>
</html>
