1752 3495
534 171 611 215 AD
640 169 791 215 Exco
801 169 961 214 RSUM
995 171 1051 214 ΙΙ.

1425 167 1512 211 127

219 267 384 308 Navibus
404 266 578 306 immittet
595 265 682 303 duri
698 267 905 303 certamina
926 264 1041 314 belli,

218 334 319 378 Quas
334 331 443 370 dolus
456 331 572 369 exitio
589 329 717 376 dabit,
734 328 1032 379 improbitasque
1051 313 1257 378 regentum.

761 401 826 437 IX.

217 472 346 511 Utrem
366 480 401 509 te
417 483 582 509 mersare
601 470 690 507 licet
703 500 714 517 ,
734 469 954 519 demergere
975 482 1050 506 non
1071 467 1139 505 sas.

216 612 344 652 Absim
365 612 651 651 Thermodonte
671 612 803 663 procul
832 623 1033 662 pugnaque
1050 617 1218 657 cruenta,

216 678 322 716 More
338 678 487 729 nquilae,
505 685 681 728 spectans
702 691 722 714 e
740 676 832 714 caelo
848 674 1067 723 etbnubibus
1083 675 1180 713 altis.

217 743 295 780 Flet
310 743 451 787 victus;
470 743 534 780 sed
553 742 686 780 victori
704 756 784 779 sors
805 741 886 778 dii-a
906 750 1075 792 paratur.

754 823 822 860 XI.

217 890 354 939 Vobis,
377 904 401 927 o
423 890 557 942 populi
573 889 784 941 Argeadum
801 890 945 927 ditione
962 887 1142 939 superbi,

215 955 443 1005 imperitans
464 955 565 992 bona
586 955 701 992 inulta
721 954 834 999 seret,
857 954 955 991 mala
974 953 1090 990 multa
1110 951 1324 1002 Phiiippus.

216 1021 306 1058 Nam
327 1020 432 1070 prior
454 1020 623 1070 imponet
642 1020 814 1056 victricia
827 1018 914 1069 jura
932 1017 1097 1055 subactis

217 1084 384 1123 Urbibus
400 1093 436 1122 et
455 1085 627 1135 populis;
648 1085 743 1122 alter
762 1084 901 1122 decora
922 1083 1049 1120 omnia
1068 1082 1224 1133 perdet,

219 1150 409 1200 Hesperiis
429 1150 538 1187 simul
559 1157 671 1199 atque
691 1149 780 1186 Eois
798 1148 958 1185 obrutus
973 1147 1101 1186 armis.

740 1233 838 1270 XII.¹

215 1301 288 1340 Sed
307 1315 423 1352 qutun
444 1301 673 1352 Trojugenis
695 1301 826 1338 tulerit
846 1300 1003 1339 victoria
1021 1299 1170 1338 laudem

217 1366 438 1405 Phoenicum
460 1367 497 1403 in
521 1366 642 1418 bello,
663 1367 754 1404 fient
772 1367 836 1403 vix
857 1365 998 1403 credita
1019 1365 1215 1415 cuiquam.

218 1431 361 1469 Pontus
382 1431 483 1469 enim
504 1431 663 1469 flammis
685 1430 856 1477 ardebit,
880 1443 1024 1482 perque
1040 1428 1273 1481 profundum

213 1496 325 1546 Ignea
348 1496 403 1534 vis
421 1495 570 1533 nimbos
590 1504 627 1533 et
648 1495 803 1533 fulmina
823 1508 920 1532 saeva
941 1495 1103 1543 rotabit,
1168 1484 1173 1489 ’

167 1557 169 1559 ’
217 1562 498 1613 immanemque
515 1561 625 1600 simul
647 1570 792 1612 petram
806 1591 816 1609 ‚
838 1575 915 1611 quo
930 1573 968 1598 se
989 1560 1110 1598 insula
1129 1558 1248 1596 fundo

218 1626 410 1673 Fir-mabit,
432 1639 507 1663 non
528 1628 607 1663 visa
629 1625 734 1677 prius
751 1639 819 1662 nec
840 1625 1013 1675 cognita3
1036 1633 1126 1661 tunc
1146 1632 1182 1662 et

217 1692 393 1730 Deterior
410 1691 536 1729 vincet
553 1699 794 1742 praestantem
813 1690 956 1728 viribus
977 1689 1137 1727 hostem.

724 1757 831 1794 XIII.

214 1829 382 1877 Tempus
398 1834 434 1863 et
456 1825 548 1863 illud
567 1826 662 1873 erit,
681 1825 778 1864 ssavo
800 1839 916 1877 quum
932 1827 1113 1875 Pyramus
1132 1837 1242 1862 amne

216 1891 406 1932 Provehet
424 1892 600 1930 alluviem
616 1905 722 1930 sacra
738 1905 858 1943 usque
879 1892 923 1929 ad
945 1892 1056 1929 litora
1074 1890 1212 1943 Cypri.-

65 2009 151 2050 Τηνεί
165 2020 212 2041 τοι
230 2008 303 2051 κρέα
324 2007 422 2040 πολλὰ
444 2008 629 2050 παρέσσεται
642 2007 754 2048 ἀνθρὼ-

284 2066 398 2086 ποῐσιν.

104 2107 170 2136 Boc
193 2104 264 2135 est:

67 2151 152 2181 absim
171 2150 379 2179 Thermodonte
400 2149 497 2189 procul
524 2158 673 2189 pugnaque
694 2158 756 2178 cru·

284 2202 345 2226 euin
362 2206 368 2228 :

66 2247 186 2284 Namque
206 2244 244 2273 ibi
266 2254 296 2273 ae
312 2244 436 2272 humnnae
456 2242 533 2272 dabit
554 2243 651 2282 ingens
673 2242 755 2282 copia

286 2291 387 2323 carnis.

65 2343 202 2379 Quorum
220 2340 324 2370 tamen
344 2339 492 2368 neutrum
520 2336 649 2376 Delphis
675 2336 754 2367 alhi-

65 2388 147 2425 tum,
172 2384 225 2416 sed
250 2385 421 2423 utrumque
450 2382 490 2412 ab
516 2382 626 2413 otiosis
656 2380 755 2411 homi·

65 2431 153 2463 nibus
166 2440 203 2463 ex
217 2431 333 2464 eventu
352 2429 522 2461 conlictnm
537 2429 641 2468 quivis
656 2427 756 2468 videt,

66 2478 143 2509 hand
160 2478 228 2509 sine
247 2479 389 2515 respectu
407 2475 445 2506 ad
470 2475 589 2506 Bucidis
604 2475 758 2514 fragmen·

65 2527 128 2555 tuni
142 2527 184 2556 111
203 2524 284 2555 infra
302 2521 540 2562 proferendum.

19 2606 30 2615 ,
106 2575 151 2602 11.
178 2573 199 2601 E
217 2569 382 2608 Pausania,
398 2569 525 2600 Achaic.
543 2576 612 2607 cap.
629 2571 658 2600 8.
671 2567 756 2598 Scri—

65 2619 150 2655 ptum
177 2617 225 2648 est
255 2617 371 2653 autem,
396 2616 495 2645 utres
515 2614 581 2654 ipsa
597 2613 756 2652 ostendit,

67 2665 132 2701 post
150 2662 341 2702 Philippum,
362 2660 511 2692 Demetrii
533 2660 631 2691 tilium
643 2684 652 2700 ,
666 2669 684 2691 a
700 2664 758 2692 Ro·

69 2710 164 2741 manis
199 2709 321 2741 victum
352 2707 392 2740 ad
427 2706 698 2748 Cynoscephalas;
735 2707 760 2738 is

67 2757 146 2788 enim
165 2765 237 2788 cum
267 2755 445 2796 antiquiore
468 2756 499 2786 ct
525 2754 662 2786 feliciore
688 2754 760 2785 Phi-

70 2805 149 2846 lippo
175 2806 205 2837 in
230 2806 289 2837 hoc
308 2805 438 2837 oraculo
461 2805 675 2843 comparatur.

111 2857 157 2886 12.
182 2857 201 2884 F.
240 2851 430 2891 Plutarcho,
460 2850 501 2882 de
527 2858 629 2890 resp,
653 2849 743 2890 Pyth.

827 2017 856 2046 v.
883 2009 954 2040 570.
982 2009 1162 2038 innuuntur
1180 2006 1257 2037 satis
1288 2005 1446 2045 eleganter
1469 2013 1522 2037 sa·

797 2054 800 2057 ‘
827 2055 931 2094 tisqne
943 2055 1063 2094 poetice
1070 2055 1171 2085 Thera
1180 2053 1365 2085 et'rherasia
1375 2053 1523 2084 vulcanio

827 2105 914 2131 motu
929 2100 959 2131 in
984 2101 1062 2131 mari
1082 2100 1198 2140 Cyprio
1211 2101 1327 2138 enatzr,
1350 2107 1432 2131 anno
1449 2101 1522 2131 ante

829 2147 900 2179 Chr.
918 2151 989 2186 200,
1001 2147 1056 2187 qui
1071 2156 1172 2178 annus
1185 2147 1302 2178 bellum
1314 2147 1466 2178 Punicum
1479 2155 1525 2178 se-

827 2194 967 2226 cundum
981 2220 990 2233 ,
1011 2194 1164 2226 Φοινίκων
1189 2194 1313 2234 ἀγῶνα,
1334 2196 1523 2226 consecutus

826 2246 882 2273 est.
906 2246 938 2272 1η
961 2241 1022 2273 [ine
1037 2241 1152 2273 belluni
1174 2242 1358 2282 proediuitnr
1376 2242 1524 2273 Macedo-

828 2288 933 2320 nicum
951 2289 1217 2327 secnmltnn,·1no
1233 2288 1418 2328 AEtoli,li=:et
1436 2288 1523 2319 insir-

826 2335 960 2374 :niort-s,
986 2335 1116 2376 χείρονες
1153 2336 1273 2376 ἄνδρες,
1309 2340 1524 2367 Romanorum

827 2382 944 2413 auxilio
962 2383 1138 2422 Philippum
1153 2383 1350 2414 devicerunt.

872 2434 919 2461 13.
946 2433 965 2460 Ε
980 2430 1152 2468 Strabone,
1170 2429 1224 2462 lih.
1242 2433 1271 2468 1,
1291 2439 1322 2469 p.
1338 2432 1394 2468 53,
1408 2431 1440 2461 et
1456 2432 1526 2469 ΧΠ,

831 2485 860 2516 p.
886 2480 944 2507 530
966 2485 972 2506 :
995 2476 1108 2515 legitur
1136 2477 1231 2507 ctiam
1257 2476 1339 2515 apud
1369 2478 1525 2515 Tzetzon,

828 2518 906 2554 (lh'il.
926 2523 1030 2563 v¹1,§
1051 2522 1201 2560 143,ctin
1220 2522 1336 2554 nostris
1354 2522 1526 2563 sibyllinis,

828 2571 881 2601 lib.
900 2573 952 2609 lv,
968 2578 997 2600 v.
1013 2572 1065 2609 97,
1082 2578 1145 2609 sq„
1159 2569 1212 2600 ubi
1231 2572 1339 2600 notata
1356 2569 1442 2601 vide.

873 2617 919 2647 14.
944 2619 1078 2648 Versum
1107 2616 1146 2647 de
1176 2616 1308 2655 Rhodo,
1334 2616 1444 2654 Ἔσται
1469 2617 1523 2648 καὶ

828 2663 974 2702 Ῥοδίοις,
1001 2675 1032 2694 κ.
1057 2674 1086 2693 τ.
1113 2665 1159 2704 λ.,
1185 2673 1202 2695 e
1231 2664 1348 2695 nostris
1368 2663 1528 2703 Sibyllinis

830 2710 1070 2750 hausimus,lib.
1083 2713 1136 2751 lv,
1151 2719 1182 2741 v.
1199 2715 1267 2746 1013
1281 2710 1333 2741 sed
1349 2713 1459 2741 auctor
1473 2719 1525 2741 no·

831 2756 879 2788 his
895 2757 1074 2796 Pausanias,
1089 2757 1230 2790 Corinth.
1250 2766 1319 2797 cap.
1339 2760 1370 2796 7,
1387 2758 1430 2789 ita
1448 2757 1527 2789 scri-

831 2803 906 2835 bens
922 2816 930 2836 ι
945 2804 1004 2836 Καὶ
1019 2804 1146 2839 Ῥοδίοις
1159 2804 1282 2841 &asico-11
1296 2805 1428 2844 μάλιστα
1443 2806 1460 2841 ἡ
1477 2808 1526 2842 νῆ-

830 2862 884 2887 σος
895 2874 905 2891 ,
922 2852 1002 2883 ὥστε
1018 2853 1069 2883 καὶ
1089 2852 1190 2892 λόγιον
1210 2853 1379 2884 τετελέσθαι
1396 2852 1524 2892 &cunfo
