1752 3495
521 276 1091 359 EXCURSUS
1147 278 1241 354 ΙΙ.

190 621 270 663 ΒΕ
298 620 643 664 SIBYLLINIS
678 621 834 663 APUD
874 620 1134 662 VETERES
1161 619 1403 662 GRAECOS
1436 621 1570 663 CAR-

751 695 1020 738 MINIBUS.
1248 705 1253 710 ·

200 863 327 902 Fuisse
360 864 566 914 antiquitus
596 863 696 914 apud
735 864 886 900 Graecos
927 863 1175 900 clarissimum
1214 863 1367 913 Sibyllae
1407 865 1613 915 Erythraeae

149 940 310 974 nomen,
332 928 421 966 satis
441 928 477 965 in
494 928 662 966 Excursu
678 927 805 977 priore
823 927 1122 965 demonstratum
1142 936 1197 965 est
1218 926 1363 979 (confer
1380 929 1431 967 ibi
1451 944 1534 981 cap.
1550 930 1610 980 2);

99 994 105 1002 ’
149 1005 311 1042 eamque
331 992 465 1029 samam
484 991 690 1041 praesertim
712 1006 732 1029 e
751 991 917 1029 carmine
937 991 1101 1042 quodam
1124 992 1277 1029 fatidico
1294 1005 1474 1039 manasse,
1487 994 1608 1043 quod.

149 1055 237 1106 quia
258 1055 337 1106 ejus
356 1055 508 1105 Sibylla:
529 1067 624 1105 opus
647 1054 710 1091 diu
741 1055 926 1092 creditum
945 1064 1020 1099 est,
1045 1055 1279 1104 Erythraeum
1296 1055 1344 1092 de
1367 1070 1471 1094 more
1494 1059 1612 1107 magis

109 1105 114 1111 .
149 1133 262 1171 quam
289 1119 377 1170 jure
405 1119 478 1157 dici
505 1119 719 1157 monuimus
749 1119 883 1169 (ibid).
915 1120 1075 1171 insuper
1099 1120 1308 1170 praecipuas
1331 1119 1411 1171 ejus
1438 1122 1613 1159 carminis

150 1192 274 1236 partes
291 1184 550 1234 exposuimus,
578 1182 774 1221 exordium
806 1196 942 1233 nempe
959 1198 979 1220 a
999 1184 1192 1222 Clemente
1220 1184 1474 1223 Alexandrino
1491 1199 1615 1223 serva·

151 1258 228 1286 tum
245 1277 255 1297 ,
272 1248 460 1299 epilogum
481 1263 499 1284 a
521 1248 752 1299 phlegonte,
773 1262 794 1285 e
815 1248 947 1286 mediis
965 1257 1088 1286 autem
1104 1263 1124 1286 a
1142 1249 1330 1287 Pausania
1350 1263 1479 1288 versus
1498 1265 1614 1301 quos-

149 1312 253 1360 dam,
272 1311 411 1362 quibus
430 1312 612 1363 originem
646 1325 749 1350 suam
780 1311 923 1362 Sibylla
956 1312 1208 1363 profitebatur
1231 1313 1334 1363 (ibid.
1363 1327 1445 1363 cap.
1472 1328 1492 1350 2
1510 1323 1546 1352 et
1566 1316 1614 1353 35.

148 1379 240 1424 Qnae
261 1377 388 1414 omnia
418 1377 612 1427 quomodo
643 1377 741 1414 inter
765 1391 817 1425 se,
847 1378 931 1414 licet
958 1377 1104 1415 diversa
1121 1407 1130 1424 ‚
1161 1378 1353 1415 conciliari
1377 1387 1413 1416 et
1437 1379 1473 1416 in
1499 1393 1614 1417 unum

149 1455 287 1492 corpus
314 1442 416 1479 coire
439 1450 611 1492 possent,
643 1450 683 1479 ut
723 1442 843 1488 licuit,
871 1441 1124 1489 ostendimu53
1157 1455 1277 1491 eaque
1307 1456 1380 1479 nou
1413 1458 1433 1479 e
1458 1442 1616 1480 diversis

151 1505 406 1543 voluminibus
425 1520 505 1543 esse
521 1496 741 1557 desumpta,
755 1507 818 1543 scd
841 1507 886 1543 ad
909 1520 1026 1543 unum
1047 1506 1225 1556 idemque
1242 1520 1391 1544 carmen
1413 1509 1614 1557 pertinere,

151 1569 324 1607 adductis
354 1572 558 1621 praesertim
590 1585 611 1608 e
643 1571 829 1609 Pausania
854 1571 1095 1615 testimoniis,
1123 1571 1304 1608 evicimus
1325 1570 1428 1620 (ibid.
1455 1587 1538 1623 cap.
1565 1574 1614 1621 2).

150 1639 243 1682 Qnae
262 1637 460 1685 quoniam,
481 1644 638 1687 cogente
658 1636 870 1687 argumenti
894 1636 1118 1674 necessitate
1133 1666 1142 1683 ‚
1163 1636 1320 1688 sparsim
1348 1637 1424 1674 illic
1444 1638 1616 1687 exposita

149 1709 254 1746 sunt,
285 1701 421 1738 resumi
453 1715 552 1739 nutic
573 1701 667 1739 etin
693 1715 769 1738 uno
797 1702 904 1751 quasi
934 1710 1140 1752 conspectu
1171 1702 1332 1752 proponi
1361 1716 1510 1739 neca-sse
1539 1712 1615 1748 est,

148 1778 226 1814 quo
245 1765 382 1802 certius
399 1766 446 1803 de
466 1766 580 1802 totius
601 1766 778 1803 carminis
795 1774 928 1803 tenore
942 1765 1127 1815 judicium
1153 1767 1242 1803 ferri
1262 1767 1393 1816 possit.

203 1830 372 1868 Primum
398 1830 511 1880 igitur
525 1818 690 1867 'canebat
712 1830 747 1867 iu
768 1844 813 1867 co
843 1831 1008 1867 carmine
1036 1830 1180 1887 Sibylla
1210 1831 1374 1881 Delphos
1403 1845 1443 1869 se
1471 1832 1613 1877 venire,

151 1894 282 1931 iratam
310 1894 411 1931 fratri
443 1907 511 1931 suo
534 1894 722 1944 Apollini,
750 1894 797 1932 ad
828 1894 1026 1932 revelanda
1060 1893 1280 1932 mortalibus
1311 1896 1416 1933 Jovis
1448 1897 1615 1936 consilia.

154 1958 260 1997 Unde
292 1958 436 1995 veniret
456 1968 492 1995 et
524 1972 593 2001 cur
611 1958 730 2005 irata,
754 1958 812 1995 vel
842 1957 996 1995 omuino
1026 1958 1062 1995 in
1084 1958 1140 1995 his
1157 1959 1320 1996 oraculis
1340 1961 1398 1996 vel
1419 1960 1550 1997 saltem
1578 1961 1617 1998 in

153 2024 224 2061 hoc
255 2023 410 2060 exordio
433 2023 642 2070 reticebat3
681 2024 745 2060 irae
778 2032 901 2061 tamen
937 2023 1088 2061 eausam
1123 2025 1302 2074 suspicati
1337 2039 1468 2063 sumus
1491 2025 1618 2076 (ibid,

151 2101 239 2138 cap.
266 2101 300 2134 2,
321 2102 357 2139 p.
383 2089 462 2139 17),
481 2088 582 2139 qnod
604 2103 623 2125 a
645 2101 823 2126 concessa
842 2088 914 2126 sibi
935 2088 1167 2126 vaticinandi
1193 2089 1368 2127 facultate
1388 2090 1615 2140 prohibere-

154 2162 230 2193 tur.
257 2152 351 2190 Cum
377 2153 433 2191 his
466 2162 673 2204 utcumque
702 2153 986 2190 conciliandum
1020 2153 1057 2191 id
1090 2153 1192 2203 quod
1223 2154 1320 2192 infra
1348 2155 1618 2205 profitebatur,

156 2217 339 2268 Nympha:
357 2231 396 2255 se
415 2209 611 2268 cujusdam
634 2218 736 2256 ldaeae
757 2218 868 2255 liliam
889 2231 969 2256 esse
984 2247 994 2266 ‚
1014 2219 1129 2269 patris
1149 2231 1240 2256 vero
1260 2220 1315 2257 vel
1330 2219 1540 2270 piscatoris,
1561 2221 1619 2259 vel

155 2282 320 2331 pastoris
349 2281 395 2318 ad
425 2294 525 2318 mare
551 2281 737 2331 degentis.
775 2282 814 2320 ln
847 2281 919 2320 line
949 2282 1175 2333 praedicebat
1206 2297 1245 2320 se
1269 2283 1397 2321 decem
1422 2284 1618 2323 hominum

153 2346 414 2396 generationes
442 2346 607 2383 vivendo
641 2346 893 2397 impleturam,
921 2347 1042 2384 donec
1071 2348 1118 2384 ab
1138 2348 1314 2398 Apolline
1345 2348 1618 2388 divinationem

154 2411 346 2449 invidente
365 2410 508 2460 sagittis
527 2409 816 2460 confoderetur3
844 2425 887 2449 ac
919 2426 965 2448 ne
1000 2421 1186 2450 mortuam
1218 2412 1368 2463 quidem
1390 2426 1411 2450 a
1435 2414 1622 2452 vaticiniis

155 2484 383 2513 cessaturam
403 2489 411 2512 z
440 2474 584 2525 qnippe
603 2475 766 2512 animam
790 2476 826 2512 in
848 2485 978 2513 ventos
995 2475 1219 2523 abeuntem,
1238 2477 1366 2514 omina
1391 2478 1526 2527 passim
1548 2478 1623 2517 ‹tif-

135 2540 345 2585 ‘snsuram3
364 2552 505 2589 corpus
532 2539 568 2575 in
595 2538 717 2576 tabem
738 2540 967 2590 collapsum,
988 2553 1140 2591 gramen
1158 2539 1370 2591 herbasque
1388 2543 1619 2591 pariturum,

154 2603 293 2654 quibus
311 2612 427 2654 pastae
455 2603 627 2640 volucres
653 2611 690 2641 et
717 2603 880 2654 pecudes
906 2604 1086 2655 auspiciis
1113 2604 1357 2655 auguriisque
1379 2606 1504 2643 sutura
1524 2620 1619 2658 prae-

157 2676 373 2711 monerent3
394 2668 526 2705 sat-iem
559 2667 721 2718 denique
750 2681 854 2705 suain
883 2669 917 2706 in
951 2669 1049 2706 lunae
1078 2669 1183 2706 disco
1205 2682 1480 2715 remansuram,
1502 2684 1522 2707 e
1545 2684 1617 2720 qua

155 2733 268 2770 ctiam
292 2733 429 2770 indicia
453 2733 667 2770 futurorum
689 2742 926 2782 caperentur.

209 2798 293 2835 t-laec
321 2797 386 2834 illo
413 2797 580 2834 carmine
611 2796 750 2834 inclusa
786 2797 897 2834 fuisse
919 2805 1023 2834 certo
1051 2797 1208 2843 scimus,
1228 2805 1394 2833 extrema
1424 2811 1557 2848 nempe
1584 2808 1619 2835 et

158 2862 306 2902 media:
337 2871 459 2899 cetera
491 2861 675 2899 vaticiniis
695 2861 845 2910 impleta
868 2870 995 2902 ‹·rant;
1017 2860 1242 2909 quibusnam
1276 2869 1417 2903 tamen,
1442 2861 1540 2899 hand
1570 2863 1619 2901 ita
