1686 3500
90 249 188 294 342
468 250 550 295 AD
567 223 928 300 ‘sissrLLiNos
963 249 1189 296 Llssssos‘

139 345 230 384 Post
247 344 349 384 hunc
369 353 447 384 tres
461 345 675 397 regnabunt
690 347 832 387 ultimis
849 344 1103 397 temporibus,
1121 344 1271 384 Adonai
1296 349 1432 384 nomen
1457 348 1567 387 rese-·

86 417 208 447 rentes
232 409 435 460 (Antonini
456 410 614 461 scilicet)
628 441 640 458 ‚
661 424 824 463 quorum
850 423 948 448 unus
976 411 1103 449 senior
1123 410 1361 460 (Antoninus
1380 411 1493 463 Pius)
1515 413 1552 451 in

78 485 203 526 ,regno
221 472 288 512 diu
304 471 509 524 perstabit,
526 474 673 522 infelix,
693 475 756 525 qui
776 473 890 515 totius
912 472 1016 511 orbis
1030 485 1121 525 opes
1139 481 1343 524 congeret,
1357 474 1554 514 essundeu-

84 536 151 574 das
171 549 261 575 mox
278 545 316 575 et
334 537 373 574 in
394 537 517 576 Asiam
539 539 776 590 potissimum
794 536 1070 585 refundendas,
1086 545 1128 575 ut
1145 538 1286 575 auxilia
1306 537 1378 576 sibi
1402 551 1554 590 compa-

84 609 141 638 ret
160 600 341 639 adversus
358 602 547 640 Neronem
571 602 794 641 redeuntem
809 633 819 649 ‚
842 615 878 641 v.
897 602 1029 650 65-72.
1059 623 1063 626 ·

135 664 232 703 Hinc
245 665 330 704 finis
345 665 496 718 imperii
512 666 668 705 llomaui
685 665 916 716 praedicitur,
930 679 968 704 v.
985 667 1048 714 73,
1066 679 1165 717 sqq„
1181 656 1417 704 et'immensa
1437 666 1554 704 totius
1582 691 1584 695 -

80 727 183 766 orbis
202 729 399 775 confusio,
416 739 495 768 tum
513 743 629 781 quum
650 731 752 770 Deus
764 730 891 770 veniet
906 730 1013 769 vivos
1035 726 1283 780 mortuosque
1297 728 1553 780 judicaturus,

79 806 118 832 ν.
139 794 258 832 8ι-83
287 793 352 844 (ita
375 803 416 833 ut
437 795 580 833 nullum
603 794 694 846 poni
720 794 898 834 videatur
919 794 1160 834 intervallum
1182 795 1282 833 inter
1303 794 1464 833 Romani
1487 796 1554 832 im-

78 856 176 907 perii
197 857 343 895 ruinam
378 867 415 896 et
436 857 621 908 judicium
642 871 887 910 supremum3
905 858 970 896 sed
992 859 1073 896 hoec
1103 858 1214 895 latius
1231 858 1411 896 sumenda
1429 872 1438 896 :
1465 872 1552 897 nam

80 930 167 960 ante
181 921 367 974 judicium
390 922 516 960 multae
534 922 686 960 iuterim
708 922 848 960 suturae
867 934 996 960 rerum
1014 922 1115 959 vices
1136 935 1225 959 mox
1245 920 1293 959 ab
1312 921 1394 973 ipsa
1410 921 1553 973 Sibylla

81 985 410 1036 recensebuntur).

134 1049 368 1088 Describitur
394 1050 549 1088 humaui
563 1051 710 1101 generis
726 1063 795 1102 per
812 1050 896 1088 illos
919 1050 999 1089 dies
1017 1051 1198 1097 amentia,
1218 1049 1355 1098 luctus,
1370 1049 1552 1102 despera-

81 1116 148 1162 tio,
164 1128 199 1153 v.
215 1115 347 1162 84-87.
1343 1154 1347 1161 „

132 1180 258 1225 Quum
279 1177 395 1216 draco
415 1177 546 1227 igneus
563 1191 680 1229 super
696 1191 814 1229 aquas
832 1179 1005 1227 venerit,
1023 1179 1171 1229 agmina
1192 1186 1326 1216 ventre
1341 1177 1480 1216 vehens
1499 1177 1554 1215 iu-

79 1242 171 1280 festa
193 1243 320 1281 Romae
339 1242 425 1280 filiis
447 1241 736 1293 (Anticliristum
757 1256 804 1281 ex
820 1242 909 1281 Asia
930 1241 1143 1280 venientem
1164 1241 1348 1293 intellige,
1366 1248 1404 1280 ct
1423 1241 1554 1280 consei-

79 1305 251 1356 Apocal.,
270 1319 354 1357 cap.
382 1320 442 1357 ια,
469 1309 538 1359 sq.)
551 1336 561 1354 ‚
582 1315 662 1346 tum
693 1307 777 1345 finis
794 1321 920 1346 rerum
934 1335 944 1352 ,
963 1308 1087 1358 inquit
1105 1309 1259 1352 Noster,
1282 1307 1406 1345 aderit
1430 1315 1469 1345 et
1487 1320 1552 1358 pn-

79 1377 202 1407 ratum
215 1368 329 1421 justis
343 1370 414 1408 Dei
427 1370 635 1421 judicium,
653 1384 689 1410 v.
712 1372 840 1422 88-92.

131 1435 275 1474 Rursus
303 1435 461 1473 Romani
478 1435 631 1487 imperii
652 1436 785 1483 ruina,
812 1436 941 1476 Romae
962 1436 1173 1487 praesertim
1195 1444 1233 1473 et
1253 1435 1394 1482 ltaliae,
1412 1435 1553 1474 descri-

77 1498 196 1553 bitur,
211 1512 248 1538 v.
262 1501 426 1550 93-122.
444 1500 578 1551 Itaque
592 1500 706 1538 urbes
720 1501 984 1552 increpantur,
998 1500 1103 1551 quod
1121 1499 1193 1538 sub
1212 1501 1312 1538 illius
1328 1500 1552 1538 calamitatis

82 1563 288 1622 adventum
310 1564 459 1614 templis
479 1577 518 1603 se
537 1565 869 1616 monumentisque
889 1566 1062 1603 certatim
1086 1573 1275 1603 exornent
1295 1565 1464 1616 (respicit
1478 1564 1552 1603 boc

78 1626 126 1664 ad
147 1627 403 1669 luxuriantem
420 1627 492 1667 sub
512 1630 719 1668 Antoninis
737 1629 874 1668 :edium
896 1629 1245 1681 magnificentiam),
1266 1643 1302 1668 v.
1325 1631 1410 1677 123,
1431 1643 1513 1680 sqq.

131 1691 228 1728 Hinc
248 1700 350 1728 sexta
373 1691 595 1730 Latinorum
625 1707 755 1744 regum
778 1694 978 1745 progenies
998 1694 1152 1746 (nempe
1179 1694 1476 1744 Antoninorum)
1493 1694 1552 1731 in-

78 1753 208 1792 teribit
221 1784 232 1803 ,
252 1754 303 1792 ita
317 1754 546 1806 jubentibus
566 1756 672 1804 satis,
692 1765 779 1808 post
800 1770 907 1809 reges
932 1758 1151 1810 quindecim
1171 1757 1222 1808 (id
1241 1765 1312 1806 est,
1333 1765 1420 1809 post
1439 1759 1554 1795 Anto-

78 1818 210 1867 ninos,
229 1818 413 1856 Hadriani
429 1832 687 1868 successores,
709 1830 750 1859 ut
770 1834 886 1872 supra
906 1821 1048 1860 dictum
1068 1822 1160 1872 est),
1178 1836 1213 1860 v.
1246 1822 1432 1860 131-138.

127 1883 267 1921 Verum
293 1883 369 1922 hue
391 1885 531 1923 inserta
549 1885 705 1935 legitur,
728 1899 767 1925 v.
790 1887 978 1935 133-136,
997 1886 1207 1938 improvisa
1222 1885 1399 1938 quasdam
1416 1894 1455 1923 et
1481 1885 1552 1923 hoe

77 1948 163 1986 loco
194 1961 350 2000 prorsus
370 1949 494 1988 aliena
515 1950 713 2001 praedictio
740 1950 787 1989 de
816 1964 904 2002 rege
923 1950 1091 2002 quodam
1112 1964 1182 2003 per
1208 1949 1343 1988 orbem
1367 1958 1552 1988 terrarum

79 2012 238 2051 feliciter
267 2021 493 2064 regnaturo,
521 2027 646 2065 neque
669 2015 753 2065 ipso
787 2023 955 2066 tantum,
985 2015 1052 2053 sed
1081 2023 1117 2053 et
1137 2015 1224 2054 filiis
1254 2022 1292 2054 et
1320 2014 1550 2066 nepotibus,

76 2090 174 2129 quos
190 2090 322 2115 versus
338 2077 386 2115 ab
406 2078 535 2129 aliquo
556 2079 768 2118 recentiore
783 2079 1036 2132 interpolatos
1055 2093 1137 2132 esse
1155 2093 1243 2117 mox
1258 2078 1515 2118 ostendemus.

129 2143 256 2188 Quum
275 2155 367 2180 vero
380 2138 634 2182 Phoenix'ales
649 2144 826 2194 quintum
846 2144 947 2183 visus
962 2145 998 2182 in
1021 2136 1130 2182 terris
1148 2144 1263 2182 suerit
1283 2143 1413 2194 (gratis
1430 2143 1503 2181 lioc
1517 2153 1553 2182 et

80 2215 223 2244 temere
244 2207 531 2258 excogitatum),
547 2208 670 2246 veniet
683 2208 930 2247 llebraeorum
947 2208 1120 2246 inimicus
1135 2207 1404 2258 (Antichristus
1421 2208 1549 2258 Nero),

77 2278 116 2308 et
145 2271 300 2310 Romam
322 2272 475 2321 penitus
491 2271 655 2322 affliget,
679 2285 714 2310 v.
741 2272 912 2323 139-1127
928 2301 939 2322 ,
961 2281 1163 2324 postquam
1182 2284 1321 2308 nomeu
1341 2271 1423 2321 ipsa
1441 2261 1548 2308 suum

76 2334 307 2385 impleverit,
323 2336 465 2374 exactis
479 2336 588 2373 annis
606 2349 806 2385 cmxnvm,
826 2335 875 2374 ab
894 2337 1042 2388 origine
1058 2348 1195 2386 nempe
1214 2348 1282 2372 sua
1295 2363 1305 2381 ,
1319 2333 1358 2373 'v.
1386 2334 1550 2379 148-150

81 2399 158 2449 (qui
178 2413 300 2438 annus
320 2413 452 2438 revera
475 2399 577 2438 cadit
600 2401 637 2437 in
659 2400 860 2439 Commodi
878 2400 1121 2452 imperatoris
1137 2399 1261 2448 initia,
1276 2412 1347 2436 nec
1368 2399 1504 2437 mirum
1522 2397 1551 2435 si

81 2463 188 2510 salso,
209 2472 343 2515 utpote
358 2473 447 2502 ante
465 2473 657 2510 eventum,
677 2465 907 2515 praedictus).

131 2528 222 2567 lude
238 2529 338 2567 votis
364 2529 569 2567 arcessitur
596 2530 757 2569 Neronis
781 2530 926 2568 reditus
948 2530 985 2567 in
1010 2529 1139 2567 Romae
1157 2527 1384 2578 perniciem,
1407 2540 1441 2563 v.
1469 2525 1552 2574 151,

79 2604 177 2643 sqq„
204 2606 316 2643 quem
346 2602 469 2631 tamen
494 2604 650 2645 postea,
685 2595 854 2646 potentis
873 2594 1036 2645 alicujus
1058 2592 1196 2630 ultoris
1215 2591 1377 2639 (Messiae
1396 2588 1547 2639 seilicet)

62 2654 298 2692 'interventu
313 2684 324 2701 ,
342 2658 500 2707 sceptris
519 2666 557 2695 et
574 2659 652 2696 vita
678 2659 872 2710 privatum
892 2658 940 2697 iri
962 2657 1174 2702 nuntiatur,
1193 2670 1228 2694 v.
1250 2656 1432 2702 157-159.

134 2719 289 2756 Interim
316 2720 599 2769 portenduntur
629 2722 807 2773 gentibus
838 2731 876 2760 et
916 2721 1077 2760 urbibus
1105 2720 1339 2772 quibusdam
1353 2749 1364 2767 ,
1397 2716 1550 2761 Rhodo,

81 2781 225 2820 Thebis
247 2812 259 2833 ,
289 2784 470 2834 AEgyptO,
491 2784 618 2830 Samo,
655 2786 823 2833 Persidi,
850 2786 1079 2824 calamitates
1097 2784 1185 2836 (sub
1218 2782 1475 2826 Antichristo,
1499 2780 1552 2817 uti

82 2859 224 2897 remur,
239 2847 491 2898 perferendae,
512 2848 578 2887 sed
601 2849 659 2888 hae
681 2852 820 2901 raptim
838 2859 875 2889 et
892 2851 1024 2902 paucis
1045 2849 1258 2899 indicatae),
1283 2861 1321 2887 ν.
1346 2845 1524 2883 160-168-

132 2911 230 2949 Tum
258 2911 407 2950 canitur
427 2912 616 2952 ‚adventus
638 2914 814 2962 Messias,
846 2913 1007 2954 mortuis
1032 2913 1206 2952 excitatis
1227 2910 1483 2963 (omnibusne,
1502 2919 1548 2943 an
