1752 3495
696 247 997 295 EXCURSUS
1032 249 1046 293 l
1055 250 1110 295 V.
1456 246 1464 258 “
1563 251 1650 298 28¹

499 334 757 397 Θρίψενπάλιν
776 344 853 384 ἕπτ’
872 346 1048 385 ἀκόλοισιν

345 409 492 462 Ἀνδρῶν
510 407 672 462 χιλιάδας
684 438 694 456 ,

195 485 377 529 sumptum
391 473 543 511 videtur
561 486 609 511 ex
626 474 869 512 oraculorum
887 482 1104 512 nostrorum
1118 473 1220 512 libro
1232 474 1339 523 Vlll,
1355 488 1389 512 v.
1411 470 1485 524 27'6
1501 489 1512 516 t

342 537 485 591 Ἀνδρῶν
501 536 664 590 χιλιάδας
683 539 717 575 ἐν
735 536 855 590 ἐρήμῳ
871 535 975 575 πέντε
994 537 1164 591 κορέσσει.

242 604 313 644 Sed
335 604 413 642 haec
435 609 560 653 poetae
583 602 701 652 magis
722 601 947 653 imputanda
980 615 1093 653 quam
1122 603 1326 655 episcopo,
1347 604 1446 642 circa
1466 603 1654 656 Sibyllina

195 668 332 710 ludenti
349 667 464 718 magis
484 679 598 717 quam
618 665 718 704 serio
734 666 871 717 agenti.
888 667 1028 705 Postea
1043 680 1220 718 magnum
1232 681 1364 706 rursus
1380 668 1418 706 in
1434 668 1590 708 Oriente
1608 668 1654 708 de

196 735 271 775 istis
290 732 451 771 oraculis
482 730 673 768 silentium
687 759 697 778 ,
716 731 781 768 vix
801 731 915 768 semel
947 739 1012 769 aut
1035 729 1092 768 bis
1113 732 1371 782 interruptum
1393 732 1519 783 aliqua
1543 745 1652 774 voce.

198 799 339 849 Quippe
351 797 415 834 vix
433 795 660 834 indicandus
677 795 826 845 Moyses
840 794 1112 844 Cliorenensis,
1123 796 1326 834 Armenius
1341 797 1508 848 scriptor
1526 797 1655 836 saeculi

198 861 333 915 quInti,
348 861 412 910 qui
432 860 470 897 in
489 859 712 898 Armeniaca
730 859 910 907 historia,
930 859 998 899 lib.
1021 861 1057 907 1,
1077 874 1162 911 cap.
1180 860 1214 907 5,
1231 860 1292 898 ed.
1316 861 1379 899 lat.
1398 861 1520 900 Lond.
1538 863 1653 911 1736,

199 928 267 965 haec
283 924 392 963 habet
413 938 452 960 t«
464 923 558 962 Mihi
580 937 670 961 vero
697 923 846 962 libitum
867 932 924 960 est
945 925 1176 963 narrationis
1201 937 1293 962 meae
1318 925 1469 963 initium
1493 925 1613 963 ordiri
1633 939 1655 964 a

197 988 455 1028 «dilectissima
478 1001 560 1025 mea
587 988 796 1038 ceterisque
815 988 1010 1026 verae-iore
1029 988 1170 1040 Sibylla
1185 1003 1195 1036 ;
1213 1006 1228 1022 ν
1248 998 1453 1040 narratque
1472 990 1654 1028 continuo

197 1056 239 1094 de
256 1049 345 1092 turri
362 1052 473 1091 Babel
491 1067 534 1091 ac
553 1052 600 1091 dc
617 1052 817 1092 Titanibus
835 1053 1025 1092 simillima
1049 1054 1094 1091 iis
1112 1067 1196 1105 quae
1213 1054 1392 1106 leguntur
1413 1049 1451 1093 in
1467 1054 1655 1106 Sibyllino

198 1119 288 1158 libro
309 1119 381 1165 Ill,
403 1121 422 1164 5
445 1132 488 1165 2,
510 1118 579 1155 sub
600 1118 775 1167 initium,
796 1118 1014 1156 nominibus
1030 1126 1175 1156 tantum
1189 1119 1361 1157 nonnihil
1380 1119 1546 1159 mutatis.
1562 1120 1655 1166 Quae

201 1194 313 1223 tamen
338 1183 462 1221 onmia
476 1196 553 1220 non
573 1196 617 1220 ex
636 1182 727 1234 ipsis
749 1182 948 1234 Sibyllinis
964 1183 1020 1221 vir
1035 1183 1161 1222 bonus
1181 1192 1436 1235 excerpserat,
1455 1198 1586 1222 verum
1607 1198 1654 1222 ex

200 1247 344 1286 historia
365 1246 527 1297 quadam
549 1247 772 1285 Armeniace
794 1248 957 1285 conficta
978 1247 1048 1285 sub
1067 1248 1198 1286 Bet-osi
1214 1248 1390 1298 nomine,
1416 1261 1462 1285 an
1485 1261 1506 1285 e
1526 1248 1655 1286 Berosi

200 1310 401 1347 laciniis?a
426 1309 573 1348 Mariba
599 1310 764 1360 quodam
795 1310 912 1361 Syro,
938 1320 980 1348 ut
1000 1311 1079 1362 ipse
1108 1311 1199 1349 alias
1219 1311 1319 1348 ultro
1346 1311 1570 1359 confitetur,
1594 1323 1655 1348 eo-

201 1374 278 1411 dem
297 1372 407 1424 libro,
427 1387 509 1424 cap.
529 1375 567 1423 3,
589 1374 731 1411 mirans
747 1375 850 1420 satis,
874 1374 950 1424 (sed
970 1374 1062 1425 quid
1081 1375 1133 1412 ita
1151 1375 1286 1412 mirum
1299 1375 1327 1425 Ρ)
1347 1374 1438 1412 salsa
1454 1387 1520 1412 sua
1540 1375 1656 1412 Bero-

202 1439 295 1476 siana
315 1438 360 1475 de
385 1437 621 1488 temporibus
654 1438 802 1475 diluvio
829 1439 1085 1477 anterioribus
1110 1439 1271 1476 multum
1299 1438 1455 1477 differre
1480 1451 1501 1475 a
1526 1436 1657 1476 Ber-osi

202 1512 234 1540 ct
257 1502 425 1552 Abydeni
445 1501 664 1552 fragmentis
684 1515 768 1552 quae
784 1502 962 1541 videlicet
985 1517 1032 1540 ex
1054 1502 1223 1541 Eusebio
1240 1506 1475 1553 cognoverat
1492 1516 1500 1539 :
1524 1501 1657 1539 confer

204 1580 318 1617 supra,
339 1580 422 1617 pag.
440 1579 528 1616 279.

247 1632 346 1671 Unus
360 1630 498 1668 deinde
518 1631 740 1668 Graecorum
758 1631 925 1668 occurrit
940 1632 1198 1682 Sozomenus,
1216 1631 1351 1682 quinto
1371 1631 1484 1669 etiam
1504 1630 1567 1668 ille
1586 1644 1658 1669 sae·

202 1696 291 1744 culo,
320 1696 487 1746 Tripart.
509 1696 621 1743 nist„
640 1698 661 1746 S
681 1697 741 1743 18,
758 1704 796 1733 et
813 1696 908 1734 Hist.
925 1696 1031 1735 Eccl.
1053 1696 1107 1745 ll,
1127 1696 1149 1744 ᾧ
1175 1709 1209 1744 1,
1229 1707 1382 1733 versum
1404 1708 1521 1733 unum
1534 1693 1659 1745 Sibyl-

203 1760 307 1798 linum
324 1760 443 1798 citans
463 1774 483 1798 e
503 1761 592 1798 libri
611 1761 704 1799 sexti
727 1761 801 1798 line
824 1774 832 1798 ε

343 1816 390 1862 Ὦ
410 1823 506 1869 ξύλον
523 1818 551 1863 ὦ
568 1824 782 1877 μακαριστὸν
803 1825 857 1877 ἐφ’
877 1819 906 1878 ᾧ
928 1823 1017 1867 Θεὸς
1037 1822 1255 1871 ἐξετανύσθη.

245 1888 417 1929 Ultimum
435 1889 601 1940 denique
619 1888 850 1927 adducemus
867 1888 1116 1938 Procopium,
1130 1888 1197 1938 qui
1216 1888 1263 1925 de
1279 1887 1553 1938 Sibyllinisyut
1573 1895 1655 1925 erat

202 1953 255 1990 vir
282 1953 496 2004 ingeniosus
532 1961 570 1991 ct
597 1952 786 2004 prudens,
814 1952 1002 2003 judicium
1044 1952 1130 1990 tulit
1175 1952 1277 1990 haud
1310 1950 1630 1990 contemnendum
1643 1979 1654 1999 ,

203 2015 245 2054 de
263 2017 349 2057 Bell.
369 2018 486 2056 Goth.
505 2018 542 2064 1,
564 2018 585 2068 g
606 2022 667 2061 24.
688 2016 745 2055 lbi
772 2016 874 2054 enim
895 2029 1015 2067 quum
1044 2016 1242 2053 oraculum
1265 2014 1457 2066 quoddam
1482 2014 1654 2066 pseudo-

202 2078 415 2129 Sibyllinum
450 2095 520 2119 suo
554 2089 729 2132 tempore
765 2080 880 2118 latina
911 2080 1038 2131 lingua
1075 2079 1270 2130 vulgatum
1284 2107 1295 2125 ‚
1329 2079 1376 2117 de
1408 2093 1486 2130 quo
1517 2092 1587 2117 nos
1616 2079 1656 2118 in

205 2143 285 2182 Exo.
315 2145 387 2192 ΙΙΙ,
413 2159 500 2197 pag.
527 2159 613 2196 191,
632 2144 892 2197 ambiguitatis
914 2154 952 2183 et
981 2144 1159 2182 vanitatis
1187 2145 1397 2195 arguisset,
1420 2152 1580 2182 testatur
1598 2157 1655 2191 se,

202 2207 384 2258 Sibyllinis
404 2210 584 2248 omnibus
601 2211 792 2261 perlectis,
813 2209 1066 2260 comperisse,
1090 2208 1184 2246 nihil
1206 2222 1252 2246 ex
1273 2209 1319 2246 iis
1339 2208 1432 2246 certi
1451 2207 1498 2245 de
1527 2209 1658 2246 futuro

203 2284 304 2322 posse
322 2274 468 2321 resciri,
486 2274 590 2326 quod
610 2275 759 2312 nullum
779 2273 924 2324 Sibylla
945 2282 1158 2324 temporum
1181 2281 1246 2310 aut
1266 2273 1437 2310 locorum
1454 2281 1580 2310 servet
1598 2286 1659 2310 or·

204 2335 406 2386 dinem,sed
417 2348 556 2378 temere
570 2339 697 2377 omnia
716 2339 885 2384 misceat,
901 2346 956 2388 ut,
973 2351 1050 2389 quo
1064 2346 1210 2388 spectet
1224 2337 1444 2375 vaticinium
1462 2336 1657 2389 quodque,

204 2400 268 2438 nisi
291 2411 372 2452 post
389 2413 581 2451 eventum,
602 2417 716 2441 nemo
734 2404 851 2441 sciat:
868 2404 949 2441 Τῶν
978 2401 1043 2455 γὰρ
1063 2402 1241 2449 Σιῦύλλης
1260 2402 1386 2453 λογίων
1412 2400 1475 2448 τὴν
1506 2401 1656 2440 διάνοιαν

204 2464 328 2517 προτοῦ
345 2466 442 2520 ἔργου
455 2467 598 2521 ἐξευρεῖν
613 2467 783 2521 ἀνθρώπῳ
800 2461 900 2519 οἶμαι
914 2467 1066 2506 ἀδύνατα
1085 2461 1186 2506 εἶναι.
1203 2466 1322 2507 Αἴτιον
1340 2466 1390 2515 δὲ,
1407 2464 1490 2518 ὅπερ
1510 2465 1578 2518 ἐγὼ
1593 2468 1658 2505 αὖ·

205 2528 276 2566 τίκα
295 2530 451 2579 δηλώσω,
471 2533 584 2571 ἐκεῖνα
605 2532 854 2584 ἀναλεξάμενος
869 2532 1020 2571 ἅπαντα.
1039 2530 1085 2570 ‘ll
1102 2531 1261 2571 Σίὸυλλα
1282 2533 1346 2583 οὐχ
1364 2531 1501 2570 ἅπαντα
1521 2531 1596 2577 ἑξῆς
1613 2530 1657 2569 τὰ

204 2593 381 2646 πράγματα
398 2597 506 2649 λέγει,
524 2596 601 2636 οὐδὲ
619 2597 788 2651 ἁρμονίαν
803 2596 878 2636 τινὰ
891 2596 1079 2647 ποιουμένη
1108 2600 1167 2636 τοῦ
1185 2597 1304 2649 λόγου,
1323 2596 1399 2635 ἀλλ’
1416 2595 1496 2639 ἔπος
1513 2597 1658 2634 εἰποῦσα

205 2659 291 2705 ὁτιδὴ
310 2661 395 2713 ἀμφὶ
412 2668 481 2706 τοῖς
497 2661 630 2710 Λιὸύης
649 2668 783 2710 κακοῖς,
804 2660 1029 2709 ἀπεπήδησεν
1044 2660 1139 2707 εὐθὺς
1171 2662 1218 2705 εἷς
1241 2659 1284 2699 τὰ
1308 2662 1454 2714 Περσῶν
1481 2659 1548 2708 ἤθη
1562 2671 1571 2681 ·
1602 2661 1659 2698 ἐν·

205 2720 345 2761 θὲνδεπε
359 2723 546 2776 Ῥωμαίων
571 2728 604 2770 ἐς
630 2726 772 2777 μνήμην
793 2727 960 2776 ἐλθοῦσα,
986 2725 1208 2777 μεταῧιέἷάζει
1228 2728 1261 2770 ἐς
1288 2725 1364 2769 τοὺς
1383 2725 1578 2778 Ἀσσυρίους
1599 2724 1657 2763 τὸν
1703 2748 1709 2754 -

204 2783 297 2835 λόγον
308 2801 316 2810 ·
335 2788 392 2826 καὶ
407 2790 510 2829 πάλιν
525 2790 615 2843 ἀμφὶ
625 2790 817 2841 Ῥωμαίοις
831 2790 1083 2842 μαντευομένη,
1097 2790 1259 2842 προλέγει
1273 2789 1316 2829 τὰ
1330 2792 1533 2842 Βρεττανῶν
1547 2788 1654 2834 πάθη·

205 2847 305 2898 ταύτῃ
324 2865 359 2887 τε
378 2851 527 2892 ἀδύνατά
545 2855 637 2893 ἔστιν
658 2853 827 2908 ἀνθρώπῳ
844 2857 971 2907 ὁτῳοῦν
990 2853 1058 2906 πρὸ
1079 2858 1138 2892 τοῦ
1158 2853 1258 2906 ἔργου
1274 2856 1344 2892 τῶν
1362 2852 1535 2899 Σιὸύλλης
1546 2851 1657 2904 λόγων

205 2911 264 2959 (an
280 2914 400 2964 λογίων
410 2917 436 2968 i')
460 2916 621 2966 ξυνιέναι,
639 2918 680 2965 ἢν
705 2917 754 2968 μὴ
771 2920 789 2956 ὅ
809 2917 930 2971 χρόνος
949 2918 1060 2965 αὐτὸς,
1081 2917 1246 2961 ἔκὸάντος
1262 2918 1339 2970 Ιἤδη
1359 2919 1419 2956 τοῦ
1438 2916 1655 2968 πράγματος,
