1686 3500
619 177 931 227 EXCURSUS
968 176 1044 225 VI.
1465 178 1553 227 481

89 289 152 322 tur
181 282 218 321 in
250 294 357 334 spem
386 288 538 319 aeternae
559 292 713 318 coronae
742 277 926 317 adversus
957 279 1085 317 omnia
1113 279 1205 318 vitia
1238 278 1475 317 decertantes
1485 292 1496 326 ς
1524 287 1564 317 et

88 346 179 385 inde
194 346 258 385 illa
286 344 520 396 Phocylidea
542 344 738 395 pericope,
760 342 808 381 de
824 356 900 394 qua
920 343 1038 381 multa
1059 356 1127 382 uos
1143 343 1193 393 ‘in
1222 343 1315 383 Exc.
1329 343 1374 391 V,
1396 355 1481 394 cap.
1503 356 1562 382 u.

87 413 240 451 Corona
257 420 383 450 autem
401 410 465 449 illa
481 423 548 448 seu
567 409 744 447 laborum
765 422 910 446 merces
931 408 975 446 iis
990 408 1028 445 in
1050 407 1154 446 aliud
1171 416 1318 459 tempus
1335 416 1565 454 reservatur,
1602 436 1606 440 .

88 487 123 514 v.
148 480 236 525 149,
257 489 358 527 sqq„
377 483 456 513 tum
475 488 594 525 quum
614 473 729 512 certis
746 473 863 524 signis
881 472 1055 510 ultimum
1074 471 1206 510 mundi
1226 473 1338 510 finem
1353 472 1484 511 adesse
1502 485 1567 510 co-

89 549 308 592 gnoscetur,
330 552 366 579 v.
388 539 485 586 154}
496 552 582 590 sqq.
608 538 657 577 Et
678 546 756 575 tum
778 537 931 575 demum
955 536 1131 587 perfectis
1150 535 1348 584 omnibus,
1373 536 1568 575 descendit

89 604 138 642 dc
158 605 251 643 caelo
270 605 375 642 Deus
397 603 537 654 judex,
558 615 714 654 prorsus
733 610 774 639 ut
798 602 838 640 in
857 601 996 639 sanctis
1014 601 1218 652 evangeliis
1238 610 1276 639 et
1294 601 1332 638 in
1351 599 1567 640 orthodoxa

91 668 296 720 theologia.
316 667 418 707 Nihil
438 680 508 705 nos
526 666 680 718 quidem
703 665 956 703 millenarium
975 665 1013 702 in
1035 665 1094 702 his
1117 664 1457 716 deprehendimus3
1476 666 1568 717 imo,

89 734 121 772 si
147 742 251 772 recte
274 746 294 771 a
324 732 436 770 nobis
461 731 635 783 exposita
658 739 765 778 suut,
785 744 829 768 ac
849 730 879 768 si
907 742 1035 768 veram
1068 738 1189 780 poetae
1213 739 1378 768 mentem
1401 731 1572 781 assequi-

92 812 189 845 mur,
214 798 343 837 omnia
364 797 454 851 satis
474 797 637 834 solerter
665 803 701 833 et
721 803 900 833 accurate
927 794 1139 845 composita
1159 802 1261 843 sunt,
1281 803 1325 833 ut
1345 794 1534 846 quidquid
1550 807 1572 832 e

91 863 303 901 millenaria
330 862 506 899 doctrina
528 861 682 898 retineri
704 868 870 911 poterat,
893 860 1097 911 allegorica
1121 859 1403 911 interpretandi
1424 860 1574 898 ratione

88 930 135 968 ad
151 943 280 967 veram
299 928 527 979 theologiam
545 926 807 966 reduceretur.

142 994 261 1045 Magis
283 993 393 1031 nohis
414 992 578 1044 suspecti
598 1000 687 1029 suut
711 991 749 1028 in
779 989 880 1028 libro
911 990 978 1037 111,
1003 995 1022 1038 S
1051 1004 1085 1039 1,
1116 990 1184 1041 qui
1209 989 1433 1041 appendicis
1452 989 1574 1027 instar

91 1058 286 1111 prioribus
306 1057 416 1095 libris
441 1055 636 1107 subjectus
654 1064 723 1102 est,
751 1063 921 1106 quatuor
942 1054 1065 1092 ultimi
1085 1067 1239 1102 versus,
1263 1056 1329 1105 93,
1350 1067 1433 1105 sqq.
1458 1068 1467 1093 e

247 1118 297 1160 Ὦ
313 1118 342 1159 ὢ
360 1119 402 1168 δὴ
421 1121 570 1159 πλωτῶν
589 1118 724 1158 ὑδάτων
744 1118 803 1157 καὶ
820 1118 948 1171 χέρσου
968 1117 1109 1165 ἁπάσης
1120 1149 1132 1168 ,

248 1184 389 1225 ’Πελίου
411 1183 563 1226 ἀνιόντος
576 1214 586 1231 ,
606 1181 691 1221 ὅπου
708 1181 751 1229 δὴ
769 1181 828 1220 καὶ
852 1181 940 1219 πάλι
957 1180 1070 1227 δύνει,

249 1249 360 1289 Πάντ·
378 1246 630 1287 ἐπακούσονται
650 1245 779 1298 κόσμον
801 1245 907 1285 πάλιν
925 1234 1131 1294 εἷσανιόνξι,

247 1313 393 1354 Τοῦνεκ’
408 1314 462 1366 ἄρ’
483 1312 583 1354 αὐτὸς
601 1314 738 1364 πρῶτος
757 1309 932 1362 ἐπέγνωκε
952 1310 1078 1364 κράτος
1098 1311 1218 1351 αὐτοῦ.

91 1382 180 1421 Haec
207 1380 307 1418 enim
328 1379 519 1431 respicere
539 1377 719 1416 videntur
738 1376 786 1415 ad
805 1376 1016 1415 secuudum
1036 1374 1260 1423 adventum,
1279 1375 1574 1429 qualisjudaico

91 1445 150 1484 vel
181 1444 396 1483 millenario
426 1456 538 1482 sensu
570 1443 808 1494 intelligitur,
835 1442 986 1481 Messiae
1003 1441 1042 1480 in
1059 1441 1170 1480 terris
1189 1442 1386 1494 regnaturi
1406 1453 1494 1482 ante
1513 1443 1578 1496 Ju-

90 1511 232 1549 dicium
258 1523 506 1562 supremum,
528 1508 699 1547 nonduin
733 1508 922 1546 dissoluto
952 1507 991 1545 in
1026 1507 1132 1558 ignes
1153 1506 1248 1545 orbe
1274 1515 1476 1550 terrarum.
1500 1509 1575 1549 Sed

91 1584 167 1613 tam
187 1575 318 1626 paucis
338 1588 358 1612 e
379 1573 568 1623 versibus,
589 1573 724 1611 mutilo
745 1573 857 1610 etiam
877 1585 990 1610 sensu
1011 1580 1049 1610 et
1077 1571 1196 1610 dubia
1222 1572 1336 1624 primi
1354 1585 1488 1612 versus
1517 1574 1576 1612 le-

90 1639 231 1689 ctione,
252 1639 347 1677 nihil
366 1647 536 1676 statuere
548 1638 738 1686 ausimus,
755 1637 962 1688 praesertim
980 1630 1097 1688 quum
1114 1637 1175 1675 isti
1194 1650 1343 1686 versus,
1362 1638 1574 1677 undecum-

89 1717 164 1757 que
188 1704 264 1742 huc
293 1704 419 1749 allati,
440 1703 596 1742 minime
611 1717 696 1741 cum
716 1701 910 1755 prioribus
928 1702 1116 1742 cohaerere
1133 1716 1244 1754 posse
1260 1702 1477 1744 videantur.

141 1771 266 1809 Multo
282 1769 406 1807 miuus
426 1768 466 1806 in
487 1769 628 1806 ceteris
647 1767 756 1806 libris
784 1767 906 1806 simile
929 1767 1138 1819 quidquam
1162 1768 1384 1807 millenariis
1413 1769 1572 1808 somniis

89 1836 272 1887 reperias,
299 1836 392 1874 Nam
420 1847 505 1885 quae
529 1833 629 1872 libro
652 1835 701 1872 lV
716 1833 830 1884 justis
848 1833 1087 1883 promittitur
1106 1833 1217 1871 nimis
1235 1835 1394 1872 sortasse
1421 1843 1572 1874 terrena

90 1900 266 1948 felicitas,
285 1913 320 1937 v.
338 1899 514 1949 45,sqq.‚
538 1899 604 1936 181
622 1896 843 1951 (186),sqq.,
859 1905 946 1948 post
964 1897 1156 1948 judicium
1171 1907 1298 1936 tamen
1317 1899 1569 1950 promittitur,

89 1965 253 2016 ideoque
274 1964 337 2002 vel
350 1963 567 2001 orthodoxa
581 1963 641 1999 vel
657 1963 791 1999 saltem
808 1962 1003 1999 toleranda
1020 1962 1185 2008 videtur,
1208 1962 1390 2014 sicutjam
1404 1964 1572 2002 diximus

89 2031 128 2068 in
145 2030 284 2069 Exc.V
298 2042 374 2066 non
386 2027 515 2075 semel,
527 2035 564 2065 et
585 2040 716 2064 rursus
731 2040 802 2064 nos
815 2026 915 2064 infra
926 2026 974 2065 de
994 2040 1037 2064 ea
1054 2041 1106 2065 re.
1122 2028 1248 2066 Ceteri
1261 2040 1355 2066 vero
1369 2027 1459 2067 libri
1477 2029 1571 2068 adeo

90 2107 167 2131 non
186 2100 364 2131 terrestre
385 2104 545 2142 regnum
565 2089 780 2138 somniant,
803 2099 847 2128 ut
866 2098 998 2141 aperte
1010 2089 1205 2141 justorum
1225 2091 1444 2131 felicitatem
1462 2103 1570 2131 extra

91 2167 209 2195 terras
225 2164 389 2208 ponant,
409 2155 511 2206 apud
534 2156 675 2202 Deum,
697 2154 763 2194 lib.
782 2155 927 2203 V111,§
948 2168 985 2201 2,
1007 2169 1043 2192 v.
1073 2158 1162 2202 423,
1179 2156 1218 2193 in
1236 2157 1403 2207 quodam
1424 2157 1572 2196 felicis·-

90 2223 185 2260 simo
206 2223 290 2259 loco
308 2234 420 2272 quein
439 2229 505 2258 aut
528 2219 754 2259 Paradisum
775 2219 1000 2267 nominant,
1019 2221 1204 2268 Prooem.‚
1226 2234 1260 2259 v.
1280 2221 1344 2269 86,
1369 2222 1568 2260 autetiam

92 2287 240 2338 Elysios
259 2299 436 2337 campos,
466 2285 531 2323 lib.
554 2286 606 2334 11,
626 2299 662 2323 v.
687 2285 762 2323 338
783 2299 792 2322 ε
819 2298 904 2335 quae
927 2285 1058 2323 omnia
1076 2298 1179 2323 nunc
1204 2284 1331 2324 obiter
1356 2285 1571 2325 indicamus

91 2361 258 2401 tantum,
278 2352 444 2389 reditura
467 2351 566 2388 infra
587 2364 670 2401 cap.
691 2351 753 2396 25,
776 2349 906 2400 ibique
926 2350 1045 2388 fusius
1063 2350 1306 2401 exponenda.

142 2418 250 2456 Nunc
269 2416 387 2468 igitur
402 2416 550 2454 omissis
568 2415 791 2453 millenariis
811 2414 1173 2462 allucinationibus,
1193 2415 1309 2453 solam
1331 2416 1570 2456 orthodoxo-

91 2493 173 2517 rum
201 2480 386 2517 librorum
416 2479 633 2516 doctrinam
660 2479 873 2530 exposituri
890 2492 1021 2517 sumus
1053 2479 1101 2517 de
1115 2478 1265 2527 judicio
1295 2493 1492 2533 supremo,
1522 2495 1567 2520 ac

93 2545 258 2594 primum
285 2543 333 2582 de
355 2544 508 2595 praeviis
529 2544 562 2582 ei
583 2543 712 2594 signis·

225 2931 308 2976 111.
813 2950 817 2954 -
1319 2931 1371 2977 31
1425 2903 1427 2905 ’
