1686 3500
409 272 976 362 EXCURSUS
1026 272 1206 355 VII.

130 644 208 689 DE
240 643 590 689 GRAECITATE
620 643 699 687 ET
726 641 1020 696 METRICA,
1054 611 1397 693 OBJTERQUE
1426 641 1516 688 DE

417 714 575 758 ARTE
604 713 851 758 POETICA
885 711 1228 756 SIBYLLINA.

137 1036 295 1088 Triplex
319 1044 375 1074 est
395 1035 509 1085 hujus
532 1035 726 1075 Excursus
751 1041 1035 1085 argumentum,
1060 1031 1166 1084 quod
1192 1044 1271 1070 uno
1291 1040 1418 1070 tamen
1439 1023 1560 1071 tituto

86 1099 357 1152 comprehendi
384 1106 558 1150 poterat:
582 1099 636 1136 De
659 1110 795 1149 genere
816 1096 967 1135 dicendi
993 1095 1192 1147 Sibyllino.
1214 1097 1257 1135 ln
1281 1109 1359 1148 quo
1385 1096 1558 1148 primum.

87 1162 237 1200 videtur
255 1161 373 1200 aetatis
394 1159 568 1198 habenda
589 1172 670 1198 esse
689 1160 788 1198 ratio
807 1174 815 1197 :
833 1159 937 1212 quod
961 1173 1009 1199 ex
1035 1160 1081 1198 iis
1100 1158 1335 1198 carminibus
1360 1159 1553 1211 quaedam,

87 1234 129 1263 ut
148 1225 334 1274 diximus,
359 1224 654 1263 Ptolemaeorum
681 1231 854 1274 tempore
876 1224 1039 1275 scripta,
1057 1222 1225 1262 secundo
1250 1230 1338 1260 nnte
1357 1222 1558 1262 Christum.

85 1289 241 1334 saecu103
269 1296 393 1327 cetera
413 1301 490 1326 uno
514 1287 593 1326 sere
621 1287 680 1325 vel
714 1286 863 1325 duobus
891 1295 977 1339 post
1015 1286 1209 1325 Christum
1231 1285 1396 1333 saeculis,
1422 1298 1442 1322 a
1473 1285 1553 1324 'l'iti

85 1352 324 1403 imperatoris
352 1351 571 1402 principatu
591 1363 711 1402 usque
734 1350 780 1388 ad
802 1350 909 1388 initia
938 1349 1152 1397 Aureliani,
1176 1350 1322 1386 natales
1347 1350 1399 1386 ita
1419 1349 1553 1387 diver-

83 1416 251 1454 sissimos
264 1424 486 1466 agnoscant,
502 1415 722 1466 magnisque
741 1414 882 1452 distent
898 1413 1125 1461 intervallis,
1143 1411 1243 1450 unde
1263 1413 1345 1463 ipsa
1359 1412 1490 1450 credas
1506 1426 1557 1454 ex.

84 1480 155 1518 aevi
174 1479 355 1530 quodque
375 1479 432 1517 sui
451 1479 607 1531 ingenio
623 1479 813 1529 privatum
831 1479 999 1516 colorem
1019 1490 1127 1529 paene
1144 1476 1359 1515 necessario
1380 1476 1559 1520 traxisse..

86 1546 161 1584 Nec
190 1554 315 1583 tamen
335 1557 379 1582 ea
404 1552 616 1595 temporum
636 1544 838 1582 diversitas
865 1544 959 1581 tanti
985 1550 1041 1581 est
1066 1541 1239 1580 facienda
1265 1542 1399 1592 quanti
1427 1542 1553 1579 statim

83 1609 287 1648 succurrit.
305 1609 397 1648 Nam
420 1617 507 1659 post
523 1610 732 1647 Homerum
749 1617 786 1645 et
806 1606 1055 1654 Homeridas,
1077 1605 1216 1657 quibus
1237 1604 1447 1644 Hesiodum
1466 1604 1561 1643 addi*

87 1674 297 1713 similitudo
317 1674 521 1720 sermonis,
537 1674 713 1725 licetjam
731 1674 884 1719 inflexi,
905 1673 1061 1721 suadet,
1078 1673 1147 1711 etsi
1165 1685 1361 1722 nunquam
1379 1671 1557 1709 carminis

88 1739 230 1777 heroici
256 1738 398 1777 defecit
429 1752 541 1786 usus,
573 1739 711 1777 sensim
745 1745 870 1776 tamen
897 1737 1128 1788 degenerare
1159 1744 1196 1774 et
1226 1735 1264 1772 in
1295 1736 1403 1786 pejus
1432 1734 1556 1774 delabi

89 1806 220 1858 coepit.
237 1806 318 1844 lmo
338 1814 422 1857 post
437 1803 585 1844 Medica
604 1804 704 1843 bella
725 1818 847 1857 prope
865 1802 1068 1842 obsorduit
1082 1802 1232 1853 epicum
1249 1800 1401 1838 dicendi
1423 1811 1558 1850 genus,

91 1873 321 1923 praevalente
352 1871 471 1922 magis
496 1884 540 1907 ac
568 1870 687 1920 magis
716 1870 906 1907 atticismo
926 1882 1042 1920 quum
1070 1869 1107 1905 in
1136 1866 1275 1905 theatri
1303 1865 1454 1911 fabulis,
1478 1873 1562 1901 tum

90 1936 202 1974 etiam
228 1935 266 1973 in
294 1948 407 1986 prosa
429 1934 615 1979 oratione,
641 1942 726 1985 post
747 1934 956 1972 Pericleum
974 1931 1182 1983 praesertim
1207 1944 1346 1969 aevum.
1375 1928 1568 1976 Quamvis,

91 2009 216 2038 antem
234 1999 500 2038 Alexandriam
524 1999 702 2037 translata
723 1998 907 2036 revixerit
924 1997 1032 2048 epica
1051 1996 1110 2034 vel
1126 1996 1258 2033 similis
1278 1995 1396 2046 epicae
1420 1993 1562 2044 poesis,

93 2078 167 2102 non
188 2077 256 2102 suo
269 2063 368 2114 jam,
387 2064 452 2101 sed
473 2062 617 2101 mutuo
632 2062 681 2100 ab
711 2062 876 2113 antiquis
895 2069 1052 2112 accepto
1074 2073 1247 2099 sermone
1268 2058 1460 2104 utebatur,
1488 2056 1557 2094 de-

95 2138 202 2166 sueto
218 2128 445 2180 jampridem
471 2128 538 2166 illo
559 2136 596 2165 et
615 2127 813 2177 obsoleto,
834 2140 946 2177 quem
980 2138 1161 2164 renovare
1190 2133 1227 2163 et
1247 2124 1294 2161 ad
1315 2124 1480 2174 priscum
1500 2122 1562 2159 ni-

97 2202 217 2230 torem
237 2193 428 2242 expolire,
450 2192 631 2229 doctrina:
648 2200 685 2228 et
701 2189 929 2228 eruditionis
946 2196 1043 2227 erat.
1065 2189 1153 2235 Quo
1171 2187 1255 2238 quis
1274 2187 1391 2237 igitur
1411 2184 1565 2222 doctior

98 2256 385 2306 grammaticus,
401 2269 447 2294 eo
468 2255 602 2293 melior
618 2263 732 2306 poeta
747 2252 973 2291 videbatur:
990 2252 1146 2303 quidam
1162 2252 1289 2297 etiam,
1304 2258 1345 2287 ut
1359 2248 1568 2297 Nicander,

101 2320 341 2371 Lycoplironi
365 2333 480 2370 quam
502 2321 667 2358 Homero
691 2317 913 2369 propiores,
945 2317 1154 2366 glossarum
1182 2313 1357 2353 tenebras
1382 2326 1452 2364 pro
1481 2312 1563 2349 ele-

99 2385 224 2434 gantia
243 2384 372 2422 sectati
393 2392 495 2422 sunt.
523 2383 599 2429 Qui
619 2395 708 2420 vero
732 2382 854 2419 minus
876 2381 1048 2418 doctrina
1069 2378 1265 2425 valebant,
1285 2376 1434 2428 vulgari
1462 2389 1565 2427 quo·-

100 2447 185 2487 dam
197 2448 457 2486 concinnitatis
469 2461 609 2498 genere
625 2446 791 2485 contenti
808 2454 933 2493 erant,
946 2443 1267 2496 quemadmodum
1280 2442 1357 2479 sere
1369 2441 1434 2492 qui
1449 2439 1565 2478 hodie

100 2513 227 2551 latinis
242 2512 413 2551 versibus
433 2513 594 2562 ludunt,
614 2512 728 2550 etiam
747 2525 867 2562 quum
886 2524 964 2549 non
989 2522 1150 2562 prorsus
1168 2508 1353 2558 incompti
1372 2506 1566 2553 videntur,

102 2576 265 2614 multum
299 2574 405 2613 abest
437 2585 480 2613 ut
508 2576 556 2614 ad
586 2575 785 2627 proprium
827 2575 942 2613 decus
969 2573 1141 2624 genuinae
1178 2584 1339 2624 poeseos
1372 2569 1566 2608 accedant.

102 2641 200 2680 lline
235 2640 393 2677 omnino
427 2640 580 2678 difficile
616 2649 673 2677 est
707 2648 793 2690 post
824 2638 1088 2677 Alexandrinae
1123 2637 1265 2675 scliolae
1292 2635 1400 2674 initia
1429 2634 1568 2671 carmi-

103 2720 193 2744 num
214 2706 408 2756 epicorum
432 2713 577 2742 aetatem
595 2704 679 2741 solo
708 2717 754 2741 ex
783 2703 883 2753 stylo
905 2702 1139 2754 dignoscere.
1170 2701 1283 2750 Quod
1314 2701 1345 2739 si
1375 2700 1459 2751 quis
1480 2699 1568 2735 inli-

50 2807 55 2811 .
100 2769 276 2818 tiabitur,
296 2769 398 2807 dicat
416 2782 485 2806 cur
504 2781 574 2806 nec
603 2767 860 2818 Orpliieorum
874 2796 884 2814 ,
916 2768 980 2817 qui
1002 2774 1201 2814 vocantur,
1223 2766 1454 2817 hymnorum
1468 2792 1477 2810 ,
1497 2776 1569 2800 nec

106 2833 446 2886 Argonauticon-nm
480 2846 617 2871 nomen
639 2832 782 2884 Orphei
812 2831 1094 2879 mentientium,
1117 2844 1186 2869 nec
1216 2831 1299 2869 salsi
1331 2827 1568 2870 lilanetliouis
