1752 3495
659 238 982 307 -Excunsus
1013 241 1046 285 1.
1078 254 1082 258 ·
1535 243 1594 287 79

133 346 235 385 sibus
257 343 480 394 accepisset,
501 351 663 389 eamque
680 338 717 376 in
738 352 890 377 scenam
911 338 1093 376 inducere
1109 338 1336 377 decrevisset
1349 366 1366 387 ,.
1380 340 1428 378 ad
1450 353 1596 378 ornan-

133 411 218 448 dam
239 408 402 447 fabulam
420 415 541 450 suam,
554 403 671 440 multa
690 403 729 441 in
746 416 829 441 eam
850 391 1087 439 transtulisse
1102 414 1187 452 quae
1207 401 1255 440 de
1274 402 1401 441 Lamia
1415 404 1597 443 Thessala

133 488 197 513 seu
221 470 388 512 Maliensi
406 467 629 516 audiverat,
649 475 766 517 atque
786 467 835 503 ita
854 465 1062 503 adductum
1088 466 1200 504 fuisse
1219 475 1262 504 ut
1287 467 1398 506 liliam
1416 469 1450 506 ei
1468 468 1595 520 Sibyl·

134 540 207 577 lam
233 534 364 574 daret?
388 531 479 570 Inde
511 531 573 569 alii
600 539 747 582 postea,
771 530 818 568 de
838 529 954 568 rebus
974 529 1194 581 Cyrenaicis
1213 539 1385 581 agentes,
1413 533 1593 585 Sibyllam

134 614 287 653 quoque
312 597 418 637 istius
450 595 589 634 Lamiae
623 596 737 633 liliam
757 608 804 633 ex
826 594 1016 645 Euripidis
1047 595 1122 632 fide
1143 594 1396 633 tradiderint:
1424 597 1476 635 sic
1509 611 1599 649 pro-

134 674 309 717 pagatum
350 659 502 710 Libycae
539 659 694 710 Sibyllae
732 668 1001 700 commentum.
1031 659 1146 711 A'pud
1169 660 1382 698 Diodorum
1413 669 1534 700 tamen
1561 671 1600 700 ct

133 729 371 771 Scholiastas‚
388 726 454 775 qui
476 725 659 763 Duridem
686 725 911 762 historicum
928 724 1046 763 secuti
1066 733 1175 774 sunt,
1196 725 1341 763 nullum
1367 726 1451 764 talis
1479 728 1599 765 tradi-

138 793 247 831 tionis
264 789 447 828 indicium
476 798 622 837 exstat3
649 789 714 826 sed
742 789 834 826 nihil
856 798 978 827 tutum
997 802 1044 826 ex
1064 803 1198 827 eorum
1220 790 1370 827 silentio
1385 790 1513 841 colligi
1530 804 1602 842 po-

139 867 221 896 test.
242 845 457 894 Aeesander
473 855 640 906 quidem,
666 854 785 905 patria
804 854 1051 905 Cyrenaicus,
1068 854 1134 904 qui
1147 863 1183 892 et
1204 855 1331 906 plures
1351 854 1467 893 libros
1487 855 1535 894 de
1548 869 1604 893 rc-

138 923 208 959 bus
221 919 440 970 Cyrenaicis
454 920 660 969 reliquerat
681 919 783 968 (citat
803 919 902 955 enim
925 919 1089 969 primum
1111 918 1200 956 inde
1216 918 1354 956 librum
1375 919 1605 959 Scholiastes

138 984 328 1036 Apollonii
348 984 393 1021 ad
427 984 494 1023 lib.
516 985 577 1032 lv,
607 984 738 1033 1750),
763 983 930 1034 scriptor
949 993 1118 1020 ceterum
1143 984 1321 1034 ignotus,
1346 985 1384 1022 in
1403 984 1502 1022 libro
1524 985 1602 1036 περὶ

137 1048 287 1095 Λιὸύης,
309 1057 401 1086 teste
430 1048 657 1096 Plutarcho,
678 1048 852 1098 SympOS.
876 1049 932 1095 V,
963 1056 1094 1098 quaest.
1117 1061 1153 1094 2,
1177 1047 1223 1085 de
1243 1047 1386 1098 Sibylla
1407 1049 1604 1099 Erythraea

138 1115 306 1153 nonnihil
332 1124 460 1166 egerat
481 1113 635 1164 (confer
655 1127 789 1164 supra,
812 1126 896 1163 pag.
924 1114 996 1163 η).
1017 1113 1119 1158 Quid
1140 1122 1266 1150 autem
1291 1114 1352 1151 ille
1371 1113 1420 1152 de
1435 1114 1606 1165 Sibyllis,

139 1181 207 1218 nisi
231 1180 278 1218 de
296 1179 474 1230 indigena
492 1192 646 1229 quoque
665 1192 709 1216 ac
745 1191 852 1228 paenc
884 1186 1043 1228 cognata
1081 1177 1225 1228 Sibylla
1257 1178 1399 1229 aliquid
1434 1179 1608 1217 dixerat?

138 1244 291 1282 Minime
308 1256 399 1293 ergo
417 1243 649 1292 negandum,
671 1242 786 1280 fuisse
805 1242 909 1294 apud
929 1244 1165 1292 Cyrenenses
1180 1242 1423 1281 traditionem
1444 1244 1606 1295 aliquam

139 1307 186 1346 de
200 1307 343 1357 Sibylla
360 1307 499 1345 Lamiae
518 1307 606 1354 filia3
629 1307 694 1345 sed
713 1320 812 1355 eam,
831 1307 861 1344 si
882 1320 957 1357 qua
977 1307 1061 1354 suit,
1081 1307 1172 1344 satis
1188 1315 1377 1345 recentem
1396 1308 1612 1358 opinamur,

139 1380 175 1409 et
186 1371 393 1422 Euripiden
412 1371 540 1410 fabula
560 1372 827 1423 posteriorem.
849 1372 1029 1415 Ceterum
1047 1373 1105 1409 vel
1119 1373 1242 1424 ipsum
1258 1372 1455 1424 Euripidis
1466 1387 1605 1412 nomen

141 1437 368 1487 Varronem,
387 1437 418 1474 si
440 1436 533 1487 quid
552 1437 707 1484 erravit,
730 1438 822 1475 satis
843 1436 1022 1476 absolvit.
1046 1437 1121 1475 Sed
1142 1437 1254 1474 liceat
1278 1436 1407 1484 nobis,
1439 1439 1609 1488 quamvis

142 1503 354 1553 refragante
371 1510 473 1540 tanto
495 1501 592 1548 viro,
613 1502 859 1552 Euripideam
880 1502 990 1539 istam
1013 1515 1231 1552 personam,
1253 1502 1453 1540 manifesta
1469 1503 1612 1553 quippe

144 1567 339 1604 nominum
369 1567 595 1604 confusione
629 1575 774 1617 ortam,
804 1580 850 1604 ex
880 1566 968 1603 albo
1002 1566 1233 1617 Sibyllarum
1267 1566 1414 1616 delere,
1448 1567 1614 1609 remissis

143 1630 349 1668 lectoribus
367 1630 413 1668 ad
433 1644 474 1669 ea
498 1644 585 1681 quaa
601 1644 730 1681 supra,
755 1628 899 1682 capss5,
916 1631 963 1668 de
983 1630 1126 1681 Sibylla
1141 1631 1313 1676 Maliaca,
1335 1630 1472 1668 Lamiae
1489 1631 1612 1668 Thes-

145 1695 230 1733 salae
249 1695 323 1733 filia
336 1726 345 1744 ,
369 1694 562 1746 disputata
581 1704 684 1734 sunt.

813 1822 940 1835 h

530 1914 639 1952 CAP.
661 1913 762 1952 Xlll.
793 1915 851 1949 De
875 1912 1021 1962 Sibylla
1040 1915 1229 1963 AEgyptia.

199 2021 256 2058 De
281 2019 455 2071 AEgyptia
485 2018 628 2070 Sibylla
648 2020 744 2057 nihil
766 2020 888 2057 Varro
908 2018 1011 2070 apud
1032 2018 1289 2056 Lactantium.
1321 2018 1369 2056 Et
1396 2018 1535 2055 citatur
1552 2018 1617 2056 illa

150 2085 301 2135 quidem
317 2098 338 2122 a
353 2085 557 2133 Pausania,
572 2085 704 2132 Phoe„
721 2084 794 2122 loc.
811 2084 892 2131 cit.;
906 2083 972 2121 sed
994 2083 1046 2121 ita
1063 2092 1105 2121 ut
1125 2096 1211 2120 cum
1228 2081 1389 2120 Hebraea
1402 2091 1439 2120 et
1455 2081 1619 2134 Babylo·

150 2149 213 2187 nia
234 2163 301 2188 seu
321 2149 498 2189 Chaldaea
515 2148 775 2188 confundatur
794 2162 803 2189 ε
824 2150 870 2188 Οἱ
894 2147 929 2186 δὲ
950 2146 1056 2195 αὐτὴν
1073 2145 1151 2202 [τὴν
1170 2138 1472 2201 παρᾶἙὸραίοις]
1496 2147 1619 2187 Βαὸυ-

150 2215 293 2261 λωνίαν,
319 2213 428 2269 ἕτεροι
449 2214 485 2253 δὲ
502 2214 678 2254 Σίὸυλλαν
695 2215 857 2252 καλοῦσιν
878 2213 1084 2263 Αἰγυπτίαν.
1103 2213 1144 2251 ld
1170 2221 1304 2265 aperte
1324 2221 1458 2251 contra
1481 2213 1618 2252 AEliani

151 2289 336 2328 mentem,
356 2281 422 2331 qui
438 2294 520 2319 eam
542 2294 619 2319 non
639 2279 755 2318 modo
774 2280 876 2318 inter
900 2287 1066 2330 quatuor
1086 2280 1299 2330 praecipuas
1329 2287 1502 2316 numerat
1533 2285 1621 2317 cum

152 2345 348 2395 Erythraea
363 2377 372 2394 ,
395 2345 521 2384 Samia
540 2354 577 2384 et
591 2345 776 2384 Sar-diana
789 2374 798 2392 ,
821 2345 910 2382 Var.
930 2344 1016 2383 hist.
1033 2342 1100 2381 lib.
1118 2343 1202 2392 ΧΠ,
1225 2356 1307 2395 cap.
1329 2343 1396 2390 353
1416 2343 1481 2382 scd
1498 2343 1622 2382 statim

151 2410 258 2448 addit
279 2423 300 2448 a
324 2409 555 2460 quibusdam
576 2424 642 2448 sex
666 2410 758 2448 alias·
779 2411 949 2461 agnosci,
977 2409 1156 2459 interque
1176 2421 1239 2446 eas
1266 2410 1475 2447 Cumanam
1495 2417 1532 2447 ct
1549 2396 1623 2447 δυ’-

151 2474 288 2514 daeam.
308 2474 523 2526 AEgyptiam
548 2488 640 2526 ergo
657 2488 679 2513 a
694 2473 828 2513 Judaea
849 2474 965 2525 longe
984 2483 1155 2525 separat,
1177 2472 1373 2523 multoque
1405 2486 1486 2511 eam
1504 2472 1618 2512 nobi-

155 2538 249 2576 liore
267 2539 350 2576 loco
368 2539 490 2589 ponit.
513 2539 606 2585 Quae.
623 2548 750 2577 tamen
766 2538 920 2576 videtur
941 2552 1017 2576 non
1038 2537 1140 2588 apud
1161 2550 1292 2575 omnes
1314 2546 1417 2575 tanto
1434 2537 1472 2575 in
1494 2530 1621 2589 pretio

156 2604 288 2654 fuisse3
307 2617 394 2641 nam
417 2604 589 2642 Clemens
613 2603 917 2649 AlexandrinuS,
937 2604 1097 2649 Strom.,
1121 2601 1184 2639 lib.
1206 2603 1244 2649 1,
1266 2615 1305 2652 p.
1328 2602 1415 2649 384,
1445 2601 1504 2641 ed.
1532 2603 1623 2650 Ox„

164 2668 281 2718 unoip
293 2681 373 2706 sam
390 2667 514 2706 verbo
535 2668 796 2719 praetermittit
818 2682 827 2705 ε
848 2667 924 2706 'Em
943 2666 979 2704 δὲ
995 2665 1058 2712 τὴν
1085 2665 1292 2716 Αἰγυπτίαν.

208 2733 370 2778 Quidam
384 2746 481 2780 eam,
496 2733 598 2783 quod
616 2733 806 2784 plerisque
826 2733 938 2771 etiam
957 2731 1183 2782 Sibyllarum
1203 2730 1384 2769 accidisse
1395 2731 1625 2778 monuimus,

158 2794 339 2846 distingui
352 2797 557 2834 noluerunt
567 2797 614 2835 ab
629 2797 842 2848 Erytliraea,
855 2811 969 2848 quam
979 2796 1065 2834 ideo
1080 2796 1248 2846 usquein
1260 2795 1465 2847 AEgyptum
1477 2795 1623 2848 (quidni

161 2860 305 2912 enimi’)
337 2862 482 2899 venisse
508 2863 721 2908 linxerunt3
753 2871 790 2900 et
808 2862 861 2900 sic
890 2870 1027 2900 auctor
1060 2860 1240 2900 Chronici
1272 2860 1486 2907 Paschalis,
1521 2869 1549 2900 t.
1586 2860 1625 2909 1,

160 2937 197 2974 p.
217 2937 303 2977 aoy,
323 2925 381 2965 ed.
413 2915 559 2964 Bonus:
578 2925 702 2979 Τούτῳ
722 2928 770 2979 τῷ
791 2926 858 2964 ἔτει
885 2926 1039 2977 [primo
1055 2925 1143 2962 anni
1160 2924 1388 2975 captivitatis
1411 2925 1545 2975 Israel]
1565 2925 1625 2964 Σί-
