1686 3500
163 174 256 219 462
548 174 632 218 AD
667 173 714 217 Sl
723 168 1019 219 BYLLINOS
1056 174 1264 220 LIBROS

164 270 212 308 ad
227 269 442 309 pammach.
466 277 504 308 et
521 271 688 317 Ocean.;
711 283 932 322 rursusque,
947 271 1001 309 lib
1023 272 1057 310 ΙΙ
1075 271 1113 308 ἰη
1130 270 1307 321 epist.‚ad
1325 271 1464 318 Galat..
1484 284 1566 322 cap.
1588 279 1626 321 l„

165 352 179 366 ‹-
203 346 240 372 v.
258 334 308 371 6:
329 333 410 372 noc
430 332 537 383 ideo,
565 333 710 383 inquir,
736 334 827 384 quia
851 332 959 372 multi
984 346 1052 384 per
1070 332 1299 382 imperitiam
1317 333 1602 385 Scripturarum
1617 364 1628 381 ‚

120 422 128 430 .
163 414 178 431 ι
198 395 301 447 quod
318 404 356 434 et
376 396 589 436 Firmianus
606 397 643 434 in
661 406 798 436 octavo
815 396 910 451 [lege
927 394 1062 450 altero]
1081 397 1126 434 ad
1145 398 1430 436 Demetrianum
1451 399 1630 450 epistola-

162 477 178 493 «
200 473 284 498 rum
306 459 406 498 libro
425 460 528 508 facit,
550 470 726 499 asserunt
746 463 928 514 Spiritum
947 469 1117 498 sanctum
1138 474 1237 512 saepe
1256 462 1426 510 Patrem,
1445 476 1546 513 saepe
1568 463 1630 502 Fi-

162 543 176 558 ·-
193 525 284 563 lium
304 524 520 576 nominari3
537 534 576 564 et
595 539 712 576 quum
737 527 937 578 perspicue
956 526 994 563 in
1012 525 1202 564 Trinitate
1230 525 1452 576 credamus,
1483 527 1630 565 tertiam

161 607 177 623 κ
193 601 393 640 personam
404 589 634 634 auferentes,
646 602 724 628 non
737 589 985 628 substantiam
1004 590 1086 640 ejus
1107 589 1243 626 volunt
1256 603 1350 637 esse,
1368 589 1599 630 sednomen.
1615 608 1629 624 ι.

162 654 244 700 Qua
264 652 312 691 de
333 661 413 691 tota
429 654 691 692 controversia
714 654 745 692 si
765 654 850 704 quis
869 653 1043 704 pleniora
1061 653 1166 704 cupit
1191 654 1271 704 (nos
1291 653 1390 691 enim
1421 655 1573 706 parcius
1593 663 1631 693 et

159 718 309 757 cautius
339 718 378 756 in
412 717 632 769 theologicis
662 717 803 756 versari
833 716 977 767 decet),
1014 716 1199 755 adeantur
1232 718 1391 755 omnino
1426 719 1628 766 Petavius,

164 782 233 823 lib.
249 783 281 833 l,
294 783 340 822 de
353 783 509 827 Trinit..
527 796 610 834 cap.
627 783 664 830 5,
676 795 779 820 num.
798 795 832 828 7,
844 782 1093 820 inclementer
1106 782 1196 820 satis
1209 780 1257 819 de
1268 781 1434 833 antiquis
1450 782 1631 822 Patribus

157 846 354 898 judicans,
377 856 414 886 et
433 847 582 885 mitiora
597 846 682 895 (nec
702 844 912 897 immerito)
933 845 1156 890 suadentes,
1178 845 1350 894 lluetius,
1376 846 1630 897 Origeniano-

163 924 246 949 rum
271 911 340 952 lib.
365 911 418 960 ll,
442 924 522 961 cap.
546 923 582 957 2,
601 917 638 947 et
653 909 874 956 Witassius,
905 908 952 947 de
970 910 1107 949 Trinit.
1128 918 1258 961 quaest.
1276 911 1346 958 1V,
1367 923 1406 961 p.
1430 916 1521 958 420,
1544 925 1628 963 sqq.

214 977 339 1016 Unum
367 977 490 1012 obiter
513 972 790 1020 annotabimus,
807 973 837 1010 si
861 973 963 1024 apud
986 974 1224 1013 Christianos
1243 974 1431 1027 primaevae
1454 975 1632 1013 Ecclesiae

164 1040 361 1092 theologos
386 1039 483 1077 hanc
511 1038 784 1076 haesitationem
804 1038 864 1076 vel
887 1039 1156 1091 negligentiam
1180 1040 1353 1078 excusari
1381 1040 1488 1086 licet,
1511 1039 1632 1077 multo

165 1106 291 1156 magis,
309 1104 346 1141 in
375 1102 579 1153 Sibyllistis
598 1103 716 1149 venjae
734 1103 859 1141 lucum
880 1116 973 1141 esse.

215 1169 255 1207 ln
273 1167 410 1206 nostris
438 1176 539 1205 certe
559 1166 689 1217 libris,
712 1167 770 1204 vel
795 1168 1036 1218 apertissime
1065 1168 1283 1206 christianis
1297 1196 1308 1215 ,
1336 1181 1523 1219 nusquam
1545 1168 1633 1205 satis

162 1233 376 1284 explicitam
402 1231 450 1270 de
469 1245 512 1269 ea
535 1244 575 1268 re
603 1231 816 1269 doctrinam
840 1232 1067 1272 invenimus.
1095 1233 1136 1271 ln
1159 1241 1296 1284 quarto
1320 1233 1434 1280 libro,
1461 1232 1632 1270 omnium

157 1296 449 1347 antiquissimo,
473 1294 534 1333 bis
552 1295 722 1333 occurrit
743 1308 819 1333 vox
844 1297 1010 1346 Πνεῖμα,
1032 1309 1068 1335 ν.
1089 1298 1137 1342 46
1155 1308 1193 1335 et
1211 1298 1280 1335 182
1302 1299 1407 1348 (187)
1425 1313 1434 1335 ε

317 1362 464 1411 Πνεῦμα
480 1361 573 1400 Θεοῦ
592 1359 706 1402 δόντος
719 1390 730 1411 ,
751 1359 842 1407 ζωήν
863 1361 892 1398 θ’
913 1360 988 1411 ἅμα
1006 1360 1066 1398 καὶ
1085 1360 1188 1413 χάριν
1204 1363 1320 1405 αὐτοῖς
1333 1391 1343 1409 ,

160 1426 264 1477 quod
286 1434 410 1464 tamen
431 1424 478 1462 ad
500 1438 580 1462 rem
600 1433 771 1463 nostram
787 1425 846 1462 vel
869 1425 963 1463 nihil
984 1425 1044 1463 vel
1062 1439 1200 1477 parum
1215 1427 1319 1478 facit,
1340 1427 1430 1477 quia
1442 1430 1581 1476 πνεῦμα
1598 1441 1618 1465 e

159 1489 230 1537 ζωή
244 1489 391 1543 ebs-<ipae
411 1488 713 1540 conjunguntur.
729 1489 850 1540 Magis
870 1489 1084 1527 notandum
1102 1489 1141 1527 in
1160 1491 1371 1537 Prooemio,
1384 1504 1421 1531 ν.
1433 1491 1473 1538 6,
1495 1503 1572 1542 sq.:

500 1551 628 1596 ‘'Ocm
643 1552 751 1604 γλυκὺ
768 1551 906 1604 Πνεῦμ’
926 1555 959 1591 ἐν
980 1553 1090 1592 ἅπασι

318 1618 492 1666 Κάτθετο,
512 1619 701 1671 χήγητῆρα
717 1619 848 1670 βροτῶν
863 1617 1001 1657 πάντων
1021 1617 1181 1665 ἐποίησεν
1194 1648 1205 1667 ,

160 1682 227 1721 ubi
262 1683 479 1722 Lactantius
508 1682 547 1719 in
575 1681 744 1720 secundo
769 1695 883 1720 versu
901 1695 972 1733 pro
993 1683 1124 1733 βροτῶν
1152 1682 1223 1733 legi
1247 1682 1412 1720 malebat
1435 1682 1549 1722 Θεόνε
1569 1682 1635 1721 sed

160 1747 262 1786 idem
288 1749 392 1786 hunc
417 1760 571 1786 versum
601 1747 648 1785 de
676 1747 788 1793 Filio,
824 1758 899 1785 uon
925 1745 973 1784 de
989 1746 1134 1798 Spiritu
1154 1746 1388 1798 accipiebat3
1417 1760 1542 1798 neque
1561 1746 1634 1785 hoc

160 1818 291 1853 contra
310 1813 450 1852 veteris
470 1812 672 1864 theologiae
700 1825 869 1862 morem,
893 1811 1029 1850 Filium
1057 1824 1212 1863 quoque
1235 1812 1419 1863 Spiritum
1444 1825 1541 1863 saepe
1561 1825 1635 1849 vo-

161 1878 303 1926 cantis,
319 1886 360 1916 ut
378 1877 587 1929 praesertim
609 1891 629 1915 e
648 1877 824 1915 Witassio
843 1875 981 1922 discas,
1001 1890 1065 1927 op.
1085 1877 1165 1924 cit„
1188 1878 1407 1928 proferente
1427 1877 1634 1915 clarissima

163 1942 278 1994 hujus
297 1943 412 1981 moris
435 1944 626 1993 exempla,
648 1941 863 1988 Jusfinum,
885 1940 1137 1992 Cyprianum,
1164 1941 1435 1994 Epiphanium.
1456 1940 1566 1980 Absit
1595 1951 1636 1980 ut

163 2007 362 2046 haereticos
385 2006 596 2055 addamus,
626 2006 693 2057 qui
722 2006 917 2043 nominum
945 2007 1172 2060 confusione
1198 2007 1244 2044 ad
1271 2020 1329 2045 res
1358 2008 1461 2059 ipsas
1482 2015 1635 2058 pertur-

162 2071 308 2110 bandas
329 2070 438 2109 abusi
459 2079 567 2117 sunt,
587 2070 634 2108 de
649 2069 790 2121 quibus
810 2070 922 2117 infra,
937 2082 1018 2121 cap.
1044 2070 1079 2107 5.
1171 2071 1175 2076 '

213 2136 272 2174 De
290 2135 390 2173 libro
405 2135 490 2174 vul
504 2163 515 2181 ,
530 2135 552 2186 S
567 2147 602 2181 2,
617 2134 791 2185 quamvis
809 2142 936 2172 cetera
957 2133 1198 2189 orthodoxo,
1216 2147 1293 2173 non
1310 2143 1366 2173 est
1381 2135 1486 2187 quod
1507 2143 1637 2187 aperte

163 2208 393 2250 statuamus,
414 2212 534 2250 quum
549 2199 716 2250 Spiritus
732 2198 964 2236 mentionem
988 2211 1038 2236 ne
1060 2199 1175 2237 semel
1193 2199 1348 2250 quidem
1369 2199 1584 2249 habeat‚ne
1598 2201 1636 2238 in

163 2273 303 2303 sanctae
321 2263 474 2315 quidem
490 2263 764 2301 incarnationis
782 2263 990 2312 mentione,
1005 2275 1044 2301 v.
1063 2263 1152 2314 269,
1167 2277 1264 2315 sqq.,
1281 2264 1382 2303 unde
1400 2278 1577 2303 veremur
1591 2278 1637 2303 ne

164 2330 245 2381 ipse
263 2342 416 2380 quoque
440 2328 523 2366 talis
542 2328 685 2367 erroris
705 2341 842 2379 expers
861 2341 939 2366 non
959 2328 1090 2368 fuerit.
1108 2327 1184 2368 Sed
1205 2329 1298 2367 illud
1326 2329 1520 2367 silentium
1559 2343 1637 2367 ma-

165 2394 220 2445 gis
245 2395 428 2432 miramur
451 2394 490 2431 in
509 2393 609 2431 libro
632 2394 736 2438 vul,
754 2395 775 2444 §
796 2395 832 2441 3,
857 2393 977 2431 fusius
1004 2401 1042 2430 et
1060 2393 1108 2431 ad
1129 2407 1258 2432 veram
1279 2395 1436 2432 omnino
1464 2408 1634 2432 normam

165 2466 279 2508 atque
300 2457 348 2495 ad
367 2458 447 2508 ipsa
466 2458 780 2509 evangelistarum
794 2458 954 2509 vestigia
971 2457 1018 2495 de
1039 2457 1172 2496 codem
1198 2459 1378 2509 mysterio
1403 2468 1552 2510 agente.
1572 2459 1637 2498 Li-

165 2521 276 2560 brum
297 2523 459 2573 primum
476 2532 515 2560 et
532 2522 739 2560 secundum
760 2522 890 2561 eadem
915 2535 1031 2560 causa
1052 2532 1249 2573 suspectos
1270 2524 1379 2572 facit,
1397 2537 1473 2562 non
1496 2532 1636 2563 temere

170 2594 295 2623 tamen
319 2585 569 2624 damnandos.
585 2585 694 2624 Libri
710 2599 801 2623 vero
826 2585 876 2624 Vl
897 2586 1016 2623 etvlt
1037 2585 1181 2623 utinam
1210 2586 1355 2636 pariter
1385 2587 1636 2631 reticuissent,

167 2662 267 2701 quos
289 2658 419 2700 aperte
439 2649 574 2688 falsum
597 2649 645 2688 de
668 2663 713 2688 ea
735 2664 776 2688 re
798 2650 1006 2687 sentientes
1021 2662 1243 2688 amovemus
1263 2665 1365 2690 nunc
1385 2660 1424 2690 et
1448 2652 1487 2689 iu
1511 2666 1593 2703 cap.
1615 2651 1635 2688 5

167 2714 408 2754 disserimus!¹
429 2714 612 2753 Miramur
637 2715 764 2765 itaque
789 2727 920 2765 graecae
946 2714 993 2751 ad
1020 2714 1204 2765 Sibyllina
1225 2716 1463 2756 P1·aefationis
1490 2729 1635 2767 anony-

167 2793 272 2818 mum
297 2788 494 2818 auctorem
518 2778 772 2830 gratulantem
792 2777 866 2817 sibi
893 2777 996 2830 quod
1015 2778 1053 2816 in
1079 2779 1124 2818 iis
1144 2778 1254 2818 libris
1278 2779 1524 2818 clarissimam
1555 2780 1637 2831 ple-

166 2846 439 2896 nissimamque
457 2855 595 2884 sanctae
618 2845 818 2884 Trinitatis
846 2844 1124 2896 expositionem
1144 2846 1313 2899 reperiat
1333 2857 1344 2887 ε
1373 2846 1443 2885 Καὶ
1465 2846 1533 2900 γὰρ
1560 2844 1636 2896 περί
