1686 3500
603 144 902 191 EXCURSUS
939 145 1014 190 VI.
1446 148 1540 194 499

71 247 245 287 tichristo
265 246 440 284 veniente
462 244 617 283 difficile
637 243 721 294 capi
743 250 913 294 poterat,
933 243 1026 294 nisi,
1044 250 1086 281 ut
1109 255 1225 294 supra
1245 242 1433 293 diximus,
1460 245 1542 284 Ro.

70 325 202 351 manos
220 311 285 349 ille
306 310 520 362 transfugas
541 308 680 346 multos
699 307 883 345 adversus
896 305 1057 346 Romam
1077 306 1261 347 ducturus
1277 317 1374 347 esset
1393 321 1403 349 :
1423 322 1539 358 nunc,

68 385 211 415 mutata
229 375 412 424 lectione,
433 375 558 412 nodus
576 373 749 411 solvitur.
780 373 899 423 Cypri
924 380 1057 423 postea
1085 371 1315 412 calamitates
1335 373 1543 423 adduntur,

67 441 305 494 pestilentia,
331 440 502 487 bellum,
529 446 567 476 et
600 447 709 476 terrae
743 445 869 475 motus
904 437 943 474 in
971 449 1015 475 ea
1042 436 1167 475 insula
1200 437 1374 486 futurus,
1405 452 1441 481 v.
1470 445 1542 486 ¹40

69 507 197 557 (ιω),
229 519 286 558 sq.
311 505 386 546 Sed
417 503 512 556 quid
533 503 613 541 haec
633 501 680 541 ad
705 501 1009 541 Antichristum?
1036 501 1211 552 Denique
1232 510 1347 553 raptae
1365 515 1384 541 a
1401 503 1543 544 Roma-

67 558 125 609 nis
144 584 238 622 opes
266 571 306 609 in
339 570 467 609 Asiam
497 580 707 606 reversuras
732 575 938 614 canuntur,
969 580 1010 605 v.-
1039 572 1110 612 ¹4²
1138 566 1270 617 (145).
1299 580 1382 618 sqq.
1411 570 1543 609 Potest

65 636 138 674 Iioc
156 635 204 673 ad
224 635 498 675 Antichristum
523 632 732 684 pertinere,
752 631 911 669 Asianos
930 643 1058 669 secum
1079 631 1116 668 in
1136 630 1268 669 Romae
1289 631 1446 670 exitium
1470 643 1546 673 tra-

66 701 236 747 hentem,
256 700 358 738 unde
380 713 468 751 pars
489 711 624 748 magna
642 699 897 736 Romanarum
920 709 1040 747 opum
1063 709 1194 734 rursus
1212 698 1251 734 in
1277 697 1402 735 Asiam
1425 706 1544 736 trans-

64 766 237 805 vehenda
259 766 307 804 sit
329 767 377 816 (et
394 765 541 813 confer,
562 763 628 802 lib.
646 763 757 812 VIII,
776 777 813 801 v.
836 764 920 812 72);
937 762 1002 800 sed
1018 775 1198 800 veremur
1218 776 1266 801 ne
1281 763 1374 811 llaec,
1396 763 1546 816 aliaque

63 841 206 870 temere
225 830 299 868 huc
327 838 526 880 congesta,
548 828 772 866 Antichristi
793 827 909 865 rebus
930 828 1052 865 aliena
1078 829 1176 877 sint,
1199 826 1365 878 ideoque
1388 841 1544 879 prorsus

61 896 109 934 ab
139 895 312 933 instituto
337 903 471 931 nostro
499 893 709 943 discedant,
732 892 868 930 melius
893 906 994 930 nunc
1015 891 1242 930 omittenda.
1269 893 1362 931 Nam
1384 907 1470 943 quae
1497 893 1545 931 de

60 961 180 999 Cariae
209 959 369 998 urbibus
400 968 437 997 et
469 958 651 997 Maeandri
681 957 932 995 inundatione
967 957 1091 995 statim
1128 957 1367 1009 procedunt,
1397 971 1432 997 v.
1473 959 1542 1003 145

61 1026 183 1075 048),
211 1038 310 1076 sqq„
334 1023 427 1061 nihil
457 1037 547 1061 sane
564 1023 612 1060 ad
635 1030 802 1059 nostram
826 1035 919 1060 rem.

115 1088 254 1139 Utique
269 1101 387 1138 quum
405 1096 442 1126 et
459 1088 621 1126 Neronis
636 1086 790 1124 reditus'
803 1094 840 1124 et
858 1087 939 1133 illae,
957 1100 1042 1136 quae
1059 1086 1198 1124 deinde
1219 1096 1422 1135 camintur,
1441 1087 1545 1126 cala-

62 1153 210 1191 mitates
226 1152 449 1190 ultimorum
471 1160 686 1203 temporum
709 1151 950 1203 praemmtiae,
967 1151 1151 1188 continuo
1168 1160 1255 1202 post
1274 1153 1405 1192 Vesevi
1421 1153 1553 1191 incon·-

63 1219 169 1257 dium
198 1219 238 1256 in
263 1217 433 1255 carmine
456 1217 645 1266 tegantur,
671 1230 798 1267 eaeque
825 1229 911 1253 cum
938 1216 1017 1266 ipsa
1047 1215 1094 1253 (le
1124 1216 1272 1254 Vesevo
1296 1217 1544 1269 praedictione

65 1284 155 1322 satis
175 1290 278 1321 arcte
293 1281 560 1319 devinciamur
581 1281 638 1318 his
659 1280 850 1330 versibus,
873 1281 943 1317 132
967 1280 1094 1329 (135),
1114 1293 1196 1332 sqq.
1218 1295 1226 1317 :

222 1345 411 1386 Γινώσκειν
430 1345 508 1383 τότε
532 1347 634 1396 μ’ἧνιν
653 1345 870 1397 ἐπουρανίοιο
890 1346 1015 1390 Θεοῖο,

221 1409 404 1449 Εὐσεὸέων
424 1408 476 1447 ὅτι
496 1410 600 1461 φῦλον
620 1409 773 1447 ἀναίτιον
791 1407 1020 1453 ἐξολέκουσιν.

224 1476 284 1519 Εἰς
305 1474 341 1512 δὲ
358 1473 452 1512 δύσιν
469 1474 547 1512 τότε
567 1479 675 1517 νεῖκος
690 1473 908 1528 ἐγειρομένου
925 1474 1093 1523 πολέμοιο

216 1538 334 1586 ἽΙΞει,
359 1538 417 1576 καὶ
438 1537 580 1591 Ῥώμης
598 1541 615 1577 ὁ
635 1538 764 1591 φυγάς,
786 1553 820 1576 κ.
839 1554 870 1576 τ.
886 1540 934 1584 λ.,

58 1612 218 1657 apparet
234 1612 377 1655 quanta
396 1604 509 1642 fuerit
524 1602 594 1641 sub
613 1603 701 1641 Tito
720 1596 777 1641 vel
799 1604 1038 1651 Domitiano,
1062 1612 1141 1642 tum
1159 1617 1277 1656 quum
1295 1605 1375 1644 Iiaec
1392 1604 1541 1644 scribe-

59 1670 213 1718 bantur,
236 1669 284 1707 dc
300 1669 462 1709 Neronis
478 1668 619 1716 reditu,
637 1677 818 1720 tanquam
840 1670 1017 1721 proxime
1038 1670 1183 1717 futuro,
1205 1670 1358 1710 fiducia.

113 1740 160 1776 At
178 1735 310 1774 eadem
328 1735 391 1773 illa
411 1733 482 1773 sub
497 1735 702 1773 Antoninis
718 1734 982 1785 permanebat,
1004 1734 1095 1773 licet
1109 1734 1174 1778 dju
1191 1748 1235 1773 ac
1248 1748 1349 1787 saepe
1368 1734 1540 1788 decepta,

57 1809 235 1840 constans
253 1808 374 1838 tamen
390 1812 432 1837 ac
449 1799 508 1837 sni
527 1807 652 1838 tenax.
670 1799 823 1850 Quippe
841 1800 1028 1837 exstincta
1050 1800 1264 1838 Flaviorum
1281 1809 1407 1852 gente,
1421 1814 1538 1852 quum

58 1865 306 1903 nihilominus
322 1865 468 1915 integra
485 1871 599 1901 staret
616 1863 851 1914 respublica,
871 1865 1011 1914 Illoque
1039 1865 1227 1902 continuo
1247 1865 1540 1904 devolverentur

57 1930 224 1968 Romana
247 1929 322 1966 fata
339 1927 411 1967 sub
428 1941 527 1965 nova
549 1927 767 1978 principum
790 1936 915 1978 gente,
941 1929 1081 1976 Nerva,
1107 1928 1277 1979 'I‘rajano
1292 1958 1302 1977 ,
1326 1928 1535 1977 Hadriano,

57 1994 278 2041 Antonino,
303 1993 399 2031 fessa
431 1992 593 2029 fortasse
622 1991 825 2029 resedisset
852 1993 1016 2030 Neronis
1038 2006 1235 2043 nunqnam
1258 1994 1446 2032 venientis
1472 2007 1540 2033 ex·

55 2059 262 2111 spectatio,
278 2058 349 2095 nisi
365 2055 493 2095 subito
508 2056 767 2094 recruduisset
786 2056 932 2094 allectis
953 2056 1002 2094 ab
1018 2057 1212 2095 Antonino
1231 2057 1270 2094 in
1289 2070 1394 2109 spem
1412 2058 1538 2109 impe-

55 2125 101 2162 rii
127 2132 179 2172 et,
204 2132 245 2161 ut
269 2122 385 2173 vulgo
408 2121 632 2173 putabatur,
658 2122 696 2159 in
718 2122 870 2173 imperii
897 2123 1134 2160 consortium
1157 2121 1312 2160 duobus
1342 2121 1536 2175 adoptivis

55 2189 151 2236 filiis,
172 2189 225 2227 M.
252 2187 407 2226 Aurelio
425 2196 462 2225 et
481 2188 524 2225 L.
552 2188 653 2224 Vero
674 2201 682 2223 :
703 2200 778 2236 qua
800 2200 842 2224 re
863 2187 1014 2238 impleri
1034 2187 1239 2225 videbatur
1254 2188 1424 2226 Danielis
1445 2202 1539 2239 pro-

56 2254 185 2306 phetia
204 2253 252 2291 de
269 2251 392 2290 tribus
412 2251 596 2290 cornibus
612 2252 759 2302 (confer
778 2265 894 2303 supra
915 2265 1000 2305 pag.
1022 2253 1133 2304 4903
1151 2252 1279 2304 itaque
1297 2252 1333 2290 in
1356 2251 1462 2291 libris
1479 2253 1537 2293 Si·

53 2317 208 2369 byllinis
223 2316 295 2355 sub
322 2317 386 2354 illa
417 2325 590 2367 tempora
617 2316 769 2366 scriptis
788 2328 868 2354 non
887 2317 1002 2355 semel
1029 2331 1098 2354 nec
1121 2317 1203 2355 sine
1222 2316 1389 2368 quadam
1418 2317 1536 2356 assec-

56 2384 198 2422 tatione
230 2382 392 2421 recurrit
425 2383 538 2419 trium
571 2396 703 2432 regum
742 2382 884 2419 mentio
915 2383 1020 2434 (τρεῖς
1048 2380 1230 2435 ἄρξουσιν,
1257 2382 1371 2430 VIII,
1401 2382 1472 2430 65,
1497 2391 1536 2421 et

54 2449 98 2496 V,
120 2449 202 2499 51),
221 2447 275 2485 uti
297 2447 376 2498 jam
410 2447 504 2486 alias
538 2447 770 2485 notavimus.
802 2446 901 2484 Tum
932 2459 1039 2498 ergo,
1072 2455 1115 2484 ut
1133 2454 1246 2484 antea
1273 2445 1344 2484 sub
1370 2446 1533 2494 Flaviis,

55 2526 186 2551 rursus
202 2512 358 2564 praedici
384 2512 498 2563 coepit
521 2512 764 2563 propinquus
794 2512 877 2549 linis
897 2525 1039 2559 rerum,
1068 2513 1343 2563 proximusque
1371 2513 1532 2551 Neronis

54 2578 221 2629 reditu53
247 2587 284 2615 et
304 2577 378 2616 hoc
395 2586 453 2616 est
469 2577 574 2628 quod
591 2577 732 2629 legitur
747 2576 847 2614 libro
870 2577 972 2624 VllI,
999 2577 1020 2627 ξ
1041 2591 1076 2627 1,
1094 2576 1328 2616 Antoninum
1343 2577 1533 2616 seniorum

54 2652 180 2694 raptas
203 2641 375 2693 undique
397 2650 585 2680 terrarum
605 2642 757 2680 divitias
780 2640 882 2692 apud
904 2654 942 2680 se
961 2650 1235 2693 congestorum
1249 2670 1259 2689 ‚
1277 2641 1418 2692 quibus
1435 2654 1531 2692 pro-

57 2707 145 2745 fusis
163 2706 387 2759 aliqnandO,
410 2706 606 2745 redeuntis
620 2720 664 2745 ex
678 2707 764 2745 Asia
782 2707 946 2745 Neronis
963 2707 1055 2745 iram
1072 2707 1210 2759 placet,
1231 2707 1290 2745 vel
1307 2705 1380 2745 sibi
1398 2705 1531 2744 adver-

55 2786 116 2810 sus
134 2773 258 2825 ipsum
281 2772 495 2811 venientem
516 2772 656 2811 auinIa
677 2781 895 2824 comparet,
919 2787 952 2811 v.
969 2787 1030 2821 70,
1049 2786 1132 2824 sqq.
1155 2788 1163 2811 ε

477 2837 558 2889 “Iv’,
583 2835 664 2875 ὅταν
682 2837 713 2889 γ’
733 2838 904 2891 ἐπανέλθῃ

1298 2903 1369 2949 32.
