1752 3495
74 206 168 253 234
457 178 537 251 AD
569 201 917 249 sissYLuNos
951 199 1156 246 Llssnos

74 307 154 345 vini
173 305 318 345 oraculi
343 305 460 344 literis
479 305 610 356 plenos
629 304 749 342 inesse
768 314 920 349 sensus,
941 313 1018 351 quo
1038 300 1118 338 sere
1138 296 1253 336 modo
1277 298 1492 340 cahbalistae
1512 318 1531 343 e

72 369 231 421 singulis
249 369 444 408 elementis
462 369 620 408 Jehovae
639 367 803 406 nominis
819 364 967 416 singula
991 363 1059 402 Dei
1079 362 1260 401 attributa
1283 362 1443 403 educere
1461 367 1533 406 sibi

72 433 143 470 visi
175 442 283 477 sunt3
311 441 376 471 aut
403 431 724 483 quemadmodum
753 428 949 467 christiani
978 427 1200 479 Sibyllistae,
1219 425 1284 464 lib.
1303 426 1379 478 111,
1407 440 1443 466 v.
1467 432 1528 478 26,

72 504 382 548 tetragrammato
395 496 548 534 nomine
569 494 706 534 ΑΔΑΜ
719 501 887 544 quatuor
900 491 1032 530 mundi
1050 499 1179 542 partes
1196 490 1360 550 inclusas
1371 504 1450 549 esse
1465 507 1529 531 vo-

69 559 247 612 luerunt,
263 559 437 608 Ἀντολίην
449 575 486 598 τε
504 558 608 598 Λύσιν
621 573 658 596 τε
674 556 909 611 Μεσημὸρίην
924 571 962 594 τε
981 555 1039 593 καὶ
1055 554 1214 608 Ἄρκτον.
1230 556 1365 593 Annon
1384 558 1437 593 sic
1454 557 1530 596 sue..

70 632 160 662 runt
179 625 216 662 in
239 638 279 663 re
299 624 543 676 epigraphica
566 622 638 660 viri
654 621 811 668 eruditi,
841 621 904 658 sed
930 620 1103 658 doctrina
1124 619 1242 670 magis
1260 632 1372 669 quam
1386 619 1527 669 judicio

70 688 265 736 instructi,
288 689 353 740 qui
382 702 426 727 ex
451 687 566 739 elogii
593 686 652 725 vel
678 686 783 724 numi
804 685 963 736 alicujus
989 684 1092 735 siglis
1123 684 1218 721 mira
1249 684 1395 721 somnia
1425 685 1529 725 elice-

69 759 175 799 rent,
192 752 494 803 compendioque
526 750 729 788 verborum
749 763 824 788 non
841 749 1032 787 intellecta
1052 748 1091 785 in
1115 759 1373 798 quascumque
1394 748 1528 788 vellent

68 817 277 855 sententias
297 816 595 867 detorquerent?
624 814 861 852 llarduinum
891 812 948 850 vel
971 812 1185 850 nominasse
1209 811 1299 849 satis
1320 811 1379 849 sit.

118 882 185 920 llla
207 894 299 919 vero
319 881 366 918 de
388 880 581 931 Sibyllinis
602 879 707 918 libris
739 878 894 929 opinio,
919 886 1016 929 quot
1039 878 1189 922 literas,
1209 883 1265 914 tot
1283 875 1321 913 in
1348 874 1392 914 iis
1412 876 1527 917 inesse

64 958 217 993 sensus,
238 958 313 981 non
333 944 524 983 XVvirum
545 943 702 995 propria
723 943 818 990 suit,
840 942 905 981 sed
934 942 1044 980 etiam
1072 941 1111 979 in
1127 940 1263 992 vulgus
1289 940 1429 978 diffusa
1455 951 1488 980 et
1506 957 1526 982 a

65 1009 317 1061 grammaticis
334 1009 446 1048 etiam
466 1008 692 1046 doctissimis
709 1016 876 1060 recepta,
894 1015 986 1045 teste
1003 1006 1137 1046 Servio
1150 1005 1198 1044 ad
1213 1007 1296 1044 AEn.
1314 1006 1380 1051 Ill,
1395 1019 1427 1044 ν.
1443 1010 1524 1057 463,

62 1086 139 1125 sq„
155 1072 221 1112 ubi
235 1073 283 1111 ad
303 1073 384 1112 haec
403 1082 523 1124 poetae
542 1072 657 1110 verba
677 1088 685 1110 :

942 1135 1036 1182 Quae
1064 1134 1141 1172 fata
1160 1133 1231 1172 sub
1248 1133 1323 1171 ima

195 1202 304 1252 Rupe
324 1201 448 1248 cauit,
469 1201 644 1251 foliisque
660 1208 770 1238 notas
786 1208 824 1238 et
843 1200 999 1237 nomina
1014 1199 1189 1244 mandat,

60 1283 76 1300 a
91 1264 233 1304 Tribus
256 1265 379 1303 modis
398 1265 450 1302 ait
465 1267 593 1304 sutura
613 1265 814 1317 praedicta,
834 1272 899 1302 aut
917 1276 1031 1312 voce,
1054 1271 1119 1301 aut
1134 1262 1290 1313 scriptu,
1311 1269 1375 1299 aut
1390 1262 1499 1313 signis
1513 1293 1523 1313 ,

60 1349 74 1365 ιι
92 1329 131 1368 id
150 1338 206 1367 est
220 1328 449 1380 quibusdam
467 1329 583 1378 notis,
600 1338 642 1368 ut
661 1329 700 1367 in
716 1328 883 1367 obelisco
899 1328 1026 1366 llomae
1039 1326 1209 1365 videmus
1225 1325 1522 1378 [hieroglyphice

58 1393 214 1432 Scr'vius
229 1393 440 1445 intelligitJ,
456 1411 471 1428 α
488 1394 547 1431 vel
569 1402 611 1432 ut
630 1393 693 1431 alii
711 1390 910 1446 dicunt[et
923 1392 1003 1440 hic,
1026 1391 1157 1437 lector,
1179 1389 1350 1428 attendas
1364 1391 1525 1443 oportet]

59 1475 73 1491 n
92 1457 192 1496 notis
213 1458 429 1503 literarum,
450 1467 491 1496 ut
511 1472 579 1510 per
598 1471 711 1496 unam
740 1457 888 1495 literam
915 1456 1057 1507 aliquid
1087 1455 1313 1506 significet.»
1337 1456 1418 1494 Hoc
1437 1456 1521 1494 ulti·

59 1533 176 1568 mum,
190 1520 263 1558 nisi
284 1521 463 1568 fallimur,
488 1521 534 1558 ad
554 1520 740 1571 Sibyllina
759 1520 984 1558 acrosticliia
999 1519 1244 1558 referendum
1261 1528 1329 1557 est.

109 1583 182 1622 Sed
201 1582 306 1633 quod
327 1597 348 1621 e
377 1592 549 1622 veterum
570 1584 800 1635 scriptorum
828 1584 1053 1622 testimoniis
1076 1582 1324 1634 conjectando
1347 1582 1520 1621 hactenus

56 1647 331 1698 expressimus,
354 1647 391 1685 id
409 1648 669 1699 sagacissimus
695 1648 756 1686 vir
775 1648 1020 1695 Khunsenius,
1048 1648 1086 1686 in
1112 1661 1228 1699 opere
1248 1661 1348 1699 saepe
1371 1661 1391 1685 a
1417 1647 1519 1685 nobis

57 1710 232 1758 laudato,
250 1715 392 1749 AEneas
411 1714 491 1748 und
507 1714 567 1749 die
587 1715 775 1755 penaten.
795 1726 834 1763 p.
857 1712 946 1761 267,
963 1720 1062 1760 not.‚
1084 1724 1160 1749 non
1178 1711 1256 1763 jam
1276 1711 1517 1763 argumentis,

57 1774 122 1813 sed
142 1774 270 1826 reipsa
284 1775 575 1814 demonstravit.
599 1777 749 1815 Primus
771 1776 871 1814 enim
892 1777 929 1813 in
948 1789 1026 1814 uno
1046 1790 1092 1813 ex
1110 1776 1273 1813 oraculis
1293 1776 1483 1826 Sibyllinis
1499 1789 1518 1813 a

57 1838 266 1889 Phlegonte
284 1839 443 1877 servatis
455 1839 512 1892 (ea
528 1840 600 1878 snb
617 1841 726 1878 finem
743 1840 856 1891 hujus
871 1840 1062 1878 Excursus
1076 1840 1356 1892 proponentur)
1373 1839 1520 1878 acrosti-

54 1902 130 1940 chii
161 1903 284 1954 legem
316 1913 504 1942 servatam
531 1918 612 1942 esse
646 1904 914 1956 deprehendit,
943 1918 988 1942 eo
1023 1905 1199 1956 graviore
1232 1904 1392 1951 indicio,
1423 1903 1516 1955 quod

41 1966 226 2017 'Phlegon
256 1967 358 2018 ipse,
388 1981 505 2018 quum
528 1968 621 2006 illud
648 1969 846 2007 oraculum
872 1970 1091 2024 proferret,
1112 1969 1160 2007 de
1183 1969 1410 2007 acrosticliio
1430 1968 1517 2005 nihil

53 2030 205 2069 videtur
236 2045 316 2070 esse
345 2032 572 2083 suspicatus.
608 2034 689 2071 lloc
720 2042 867 2081 tamen,
885 2033 976 2084 quia
1001 2029 1186 2084 singulari
1213 2046 1305 2070 cura
1326 2040 1364 2070 et
1384 2031 1516 2082 majore

53 2096 349 2147 argumentandi
372 2097 497 2149 spatio
519 2106 624 2148 eget,
641 2098 679 2135 in
697 2098 917 2149 proximum
939 2106 1055 2148 eaput
1071 2096 1342 2136 reservabitur.

184 2322 290 2362 CAP.
322 2323 438 2362 xvn.
465 2326 524 2361 De
542 2330 726 2375 responsis
745 2325 937 2375 Sibyllitn's
957 2341 981 2363 a
1009 2327 1208 2376 Phlegonte
1229 2329 1390 2365 servatis.

105 2421 191 2460 Duo
211 2430 301 2460 sunt
318 2422 365 2461 ad
392 2436 461 2461 nos
490 2436 612 2475 usque
628 2433 790 2473 servata,
812 2433 991 2476 tanquam
1010 2438 1031 2463 e
1051 2425 1246 2476 Sibyllinis
1262 2425 1511 2464 Romanorum

52 2485 184 2534 libris,
214 2487 369 2524 oracula
392 2500 583 2538 :quorum
614 2501 733 2526 unum
756 2490 919 2528 maxime
939 2503 1030 2528 cura
1055 2489 1214 2541 dignum
1238 2503 1318 2528 esse
1343 2489 1513 2527 diximus.

52 2548 177 2587 Locus
193 2558 250 2588 est
270 2550 372 2601 apud
389 2551 652 2602 phlegontem,
669 2552 715 2590 de
730 2553 912 2599 Min-abit„
935 2567 1017 2605 cap.
1036 2567 1094 2600 ιο,
1111 2553 1176 2592 ubi
1192 2566 1410 2605 responsum
1429 2550 1512 2589 illud

24 2612 182 2666 *datum
215 2613 327 2652 fuisse
359 2615 411 2653 ait
439 2615 621 2653 consultis
653 2615 761 2654 libris
798 2616 845 2655 de
877 2617 1059 2668 prodigio·
1087 2618 1298 2668 androgyni
1326 2615 1512 2667 cujusdam

52 2678 183 2715 Romae
205 2679 309 2724 nati,
345 2693 562 2731 annumque
596 2681 719 2732 ipsum
748 2690 936 2720 accurate.
956 2681 1109 2729 delinit,
1141 2681 1306 2734 ἄρχοντος
1342 2679 1513 2731 Ἀθήνῃσιν

4 2773 22 2782 c
51 2741 202 2786 Ἰάσονος
231 2742 430 2793 (archonte
462 2745 617 2784 Athenis
647 2746 806 2792 Jasone,
826 2755 993 2785 ceterum
1022 2746 1190 2799 ignoto),
1217 2744 1452 2784 ὑπατευόντων
1480 2743 1510 2779 ἐν

51 2805 176 2860 Ῥώμῃ
198 2807 343 2860 Μάρκου
362 2808 519 2848 Πλατίου
546 2809 603 2848 καὶ
632 2809 758 2855 Σέξτου
790 2807 982 2864 Καρμινίου
1008 2811 1131 2851 Υἱαίου
1148 2811 1207 2851 καὶ
1229 2809 1376 2864 Μάρκου
1394 2807 1509 2849 Φουλ-

52 2871 128 2911 &iou
146 2872 330 2914 Φλάκκου.
