1686 3500
608 161 913 209 exemistis
948 162 1004 206 v.
1144 169 1157 201 .·
1288 128 1291 131 ’
1391 161 1541 210 ,403

231 258 333 309 Μηδὲ
350 257 600 312 γαμοκλοπέειν
613 281 628 308 ,f
646 274 682 300 κ.
704 273 736 299 τ.
757 259 792 298 λ.

78 325 123 365 Et
141 321 214 366 hoc
229 354 240 372 ,
259 337 292 364 v.
314 324 388 369 54:
916 375 919 378 Δ

230 388 340 429 need
354 403 392 429 τε
408 386 473 440 γὰρ
494 385 590 441 ψυχὴ
611 386 774 440 μερόπων
792 389 886 428 Θεοῦ
905 389 980 427 ἐστι
997 386 1181 441 χάρισμα,

74 451 269 493 alluditad
287 452 382 490 illud
403 450 650 503 Phocylidis,
671 465 709 492 v.
736 464 807 490 ιοο
821 466 833 490 τ

231 519 377 567 Πνεῦμα
396 516 462 569 γάρ
482 517 556 555 ἐστι
575 516 668 555 Θεοῦ
685 517 812 568 χρῆσις
829 518 984 563 θνητοῖσι
1003 515 1062 554 καὶ
1080 514 1195 556 εἰκών.

75 584 119 623 Et
137 582 175 620 in
196 594 327 619 versus
348 581 395 618 55
416 580 551 618 ultimo
565 579 664 631 pede
678 579 838 617 verbum
859 579 1007 632 μιαίνειν
1023 591 1182 630 gnomas
1199 578 1344 619 ethicas
1365 580 1549 633 praecedit

75 645 177 698 apud
199 645 404 696 Sibyllam,
424 656 584 696 prorsus
601 651 643 681 ut
662 643 766 694 apud
787 644 1052 696 Phocylidem.
1068 643 1212 695 Sibylla
1231 644 1354 684 enim:

234 709 308 748 Κοῦ
328 708 424 759 θέμις
444 707 636 760 ἀνθρώποις
649 707 747 755 τήνδ’
764 708 886 758 ἄλγεσι
904 713 991 747 πᾶσι
1007 708 1167 759 μιαίνεινι

232 771 296 820 Μὴ
312 774 473 812 πλουτεῖν
492 772 641 820 ἀδίκως,
660 787 694 810 κ.
716 787 749 810 τ.
770 772 807 811 λ.

78 843 310 895 phocylides
330 851 459 883 autem
481 856 489 880 z

233 907 334 956 Μήτι
351 907 471 953 δόλους
485 906 625 962 ῥάπτειν
636 936 646 956 ,
665 907 748 958 μήθ’
766 905 891 957 αἵματι
906 911 1010 960 χεῖρα
1026 906 1187 957 μιαίνειν.

235 973 298 1020 Μὴ
315 974 482 1021 πλουτεῖν,
495 971 636 1022 ἀδίκως,
652 986 689 1012 κ.
714 987 750 1012 τ.
771 972 806 1011 λ.

75 1040 160 1080 Jam
184 1050 513 1091 supervacaneum
531 1045 586 1075 est
604 1045 802 1084 annotare,
819 1036 889 1075 ista
908 1036 1039 1074 omnia
1056 1049 1146 1074 casn
1163 1035 1245 1075 fieri
1263 1049 1341 1076 non
1358 1039 1530 1091 potuisse
1549 1045 1558 1078 ἐ

77 1111 304 1153 constatque
321 1101 410 1140 ideo
426 1109 625 1140 auctorem
644 1101 771 1153 ipsum
787 1100 855 1152 qui
871 1100 1023 1152 priores
1040 1100 1196 1153 scripsit
1216 1114 1360 1151 versus,
1375 1103 1441 1155 52,
1456 1116 1559 1156 sqq„

77 1167 301 1219 phocylidis
318 1166 521 1205 carmenin
541 1166 670 1210 animo
686 1165 886 1213 habuisse3
902 1166 1005 1203 unde
1019 1165 1144 1203 minus
1155 1166 1309 1215 mirum,
1329 1167 1360 1206 si
1379 1167 1561 1207 scribenti

78 1239 116 1270 et
130 1231 329 1270 materiam
351 1230 537 1283 quaerenti
557 1230 661 1269 venit
683 1230 720 1268 in
744 1238 909 1268 mentem
929 1237 1050 1267 totam
1070 1229 1175 1269 illam
1192 1230 1467 1282 Phocylideam
1488 1232 1563 1272 sar-

78 1296 248 1348 raginem
269 1296 378 1348 operi
403 1309 473 1334 suo
492 1295 678 1342 inserere,
703 1308 842 1346 nempe
863 1303 904 1333 ut
923 1302 980 1333 tot
999 1295 1182 1346 praeclara
1198 1305 1389 1349 praecepta
1404 1296 1561 1350 Sibyllae

81 1371 263 1413 tanquam
283 1361 441 1412 propria
461 1360 692 1399 vindicaret.

131 1426 254 1465 Aliter
272 1425 366 1478 quid
384 1426 432 1465 ad
451 1439 531 1464 rem
546 1425 748 1464 commode
766 1424 844 1463 dici
863 1424 1003 1476 possit,
1023 1437 1094 1463 nos
1109 1425 1266 1477 quidem
1285 1426 1390 1465 latet.
1414 1428 1472 1466 An
1487 1416 1577 1479 pa·-

78 1492 184 1544 ginas
202 1491 348 1542 aliquas
378 1491 478 1530 forte
502 1490 671 1528 divulsas
694 1503 715 1527 a
736 1489 908 1528 carmine
928 1491 1112 1543 νουθετικῷ
1131 1490 1230 1529 sorte
1246 1489 1322 1528 huc
1339 1503 1420 1529 esse
1440 1499 1564 1531 tran&

79 1556 188 1607 latas,
210 1555 269 1595 vel
290 1555 380 1594 dum
410 1553 633 1594 scribuntur
652 1568 674 1593 a
696 1553 875 1601 librariis,
900 1554 957 1593 vel
976 1553 1067 1592 dum
1089 1554 1182 1593 solia
1201 1555 1504 1607 compinguntur
1525 1563 1565 1595 et

81 1622 362 1659 consuuntur?.
379 1620 429 1658 At
457 1619 521 1658 hic
554 1632 687 1658 rursus
718 1618 1042 1667 exclamabimus,
1076 1619 1184 1658 nullo
1204 1619 1243 1658 id
1267 1632 1358 1658 casu
1380 1620 1463 1659 fieri
1488 1633 1564 1673 po-

81 1687 219 1734 tuisse,
239 1694 281 1723 ut
299 1698 352 1723 cae
376 1684 542 1736 paginae,
562 1684 672 1736 quasi
689 1693 845 1736 sponte,
864 1692 953 1736 post
973 1696 1105 1723 versus
1121 1684 1270 1736 aliquot
1289 1684 1562 1739 Pliocylideos,

82 1752 171 1803 ipsae
200 1749 459 1801 Phocylideae‚
491 1749 706 1788 insererent
729 1762 791 1797 se,
819 1758 935 1801 atque
958 1761 1004 1787 eo
1032 1749 1274 1801 potissimum
1297 1750 1408 1802 loco,
1441 1750 1507 1791 ubi
1525 1759 1564 1790 et

81 1829 167 1855 cum
194 1813 498 1867 praecedentibus
520 1814 629 1852 facile
648 1813 828 1864 conjungi
854 1821 1036 1867 possent„
1061 1822 1100 1852 et
1121 1827 1255 1853 rursus
1274 1827 1363 1853 cum
1398 1828 1564 1868 sequen-

84 1880 184 1919 tibus
200 1879 305 1919 haud
322 1879 420 1917 male
443 1879 706 1917 coalescerent
722 1877 782 1916 his
801 1876 927 1916 verbis
947 1891 957 1915 ε

239 1939 353 1987 Οὗτος
367 1943 480 1994 ἀγών,
504 1959 540 1983 κ.
565 1958 600 1982 τ.
618 1943 654 1983 λ.

132 2011 276 2049 Verum
302 2008 341 2046 id
373 2007 478 2060 quod
502 2007 734 2058 jamdudum
755 2006 993 2057 argumentis
1013 2014 1051 2044 et
1080 2007 1315 2057 conjecturis
1332 1997 1563 2060 quaerimus,

82 2082 235 2127 poterat
257 2071 410 2112 duobus
433 2071 661 2110 testimoniis
690 2070 864 2122 transigi.
888 2069 1015 2108 Unum
1035 2078 1092 2108 est
1109 2070 1256 2119 Suidoe,
1277 2086 1314 2113 v.
1342 2073 1566 2123 Φωκυλίδης,

83 2142 160 2179 haec
179 2139 227 2178 de
245 2138 313 2177 illo
331 2146 445 2190 poeta
472 2136 655 2175 tradentis
675 2150 684 2176 t
707 2134 888 2188 Ἔγραψεν
908 2133 975 2182 ἔπη
995 2133 1054 2173 καὶ
1082 2135 1237 2187 ἐλεγείας
1259 2137 1317 2189 (an
1337 2137 1467 2189 potius
1486 2139 1564 2178 ἐλε-

83 2204 197 2257 γεῖαῗ)
209 2218 217 2229 ·
240 2200 462 2256 παραινέσεις
475 2200 554 2248 ἤτοι
572 2198 713 2252 γνώμας
725 2230 735 2249 ,
755 2198 891 2243 ἅςτινας
907 2199 1082 2253 κεφάλαια
1099 2200 1366 2255 ἐπιγράφουσιν·
1385 2201 1451 2242 εἶσὶ
1471 2203 1510 2242 δὲ
1527 2204 1568 2242 ἐκ

83 2271 152 2309 τῶν
186 2268 431 2309 Σιῧυλλιακῶν
456 2265 678 2317 κεκλεμμένα
707 2264 769 2317 (an
794 2262 1091 2316 κεκλεμμέναιῗ).
1124 2264 1319 2304 Incertum
1357 2267 1461 2306 unde
1486 2267 1568 2308 haec

85 2334 244 2381 Suidas;
273 2332 338 2372 sed
378 2331 605 2379 manifesto,
639 2337 681 2367 ut
708 2330 894 2381 pleraque
921 2329 1083 2377 similia,
1114 2343 1163 2368 ex
1187 2331 1318 2382 aliquo
1349 2333 1570 2384 antiquiore

87 2400 294 2451 scriptore,
325 2411 369 2436 ac
388 2396 463 2435 nisi
492 2395 681 2444 fallimur,
700 2408 748 2433 ex
767 2394 959 2445 Hesychio
977 2393 1146 2443 Milesio,
1168 2394 1322 2434 vivente
1342 2405 1429 2447 post
1459 2397 1572 2436 Chri-

88 2473 183 2502 stum
198 2462 336 2502 saeculo
353 2469 478 2502 sexto.
497 2461 531 2499 Is
548 2472 653 2511 ergo,
671 2459 731 2497 vel
747 2459 876 2498 Suidae
896 2467 1031 2497 auctor
1046 2459 1280 2511 quicumque
1294 2460 1388 2508 suit,
1409 2461 1571 2502 insertos

84 2528 161 2580 jam
180 2527 376 2579 Sibyllinis
390 2524 649 2576 phocylideos
669 2523 762 2563 istos
780 2536 912 2562 versus
927 2532 1099 2564 noverat.

142 2595 312 2633 Alterum
334 2591 593 2631 testimonium
615 2590 735 2628 multo
762 2590 918 2642 gravius
942 2597 1058 2641 atque
1082 2589 1246 2640 certius,
1269 2590 1389 2642 ipsius
1413 2591 1571 2632 editoris

91 2669 153 2699 seu
182 2658 466 2698 concinnatoris
491 2658 569 2694 sive
594 2655 863 2707 epitomatoris
891 2655 1171 2705 Sibyllinorum
1194 2655 1381 2693 librorum
1411 2657 1427 2695 l
1453 2666 1491 2696 et
1509 2658 1569 2707 11,

93 2724 129 2761 in
155 2723 378 2762 transitione
399 2721 447 2760 ad
467 2720 679 2759 secundum
698 2719 840 2757 librum
871 2719 924 2757 ita
953 2718 1179 2757 scribentis:
1199 2717 1385 2763 Ὡσαύτως
1416 2721 1474 2760 καὶ
1498 2720 1574 2766 τοὺς

94 2787 276 2827 πολυθεΐαν
306 2789 490 2829 νοσοῦντας
521 2783 676 2837 ἐλέγχει.
693 2813 702 2823 .
720 2777 815 2822 ,εἶτα
841 2782 1066 2836 παροιμιάζει
1092 2782 1156 2830 τὴν
1183 2782 1327 2832 ἄθλησιν
1353 2785 1420 2823 τῶν
1449 2784 1572 2839 ἁγίων.

95 2853 187 2892 Nam
210 2851 302 2891 illud
320 2851 478 2890 verbum
496 2849 722 2902 παροιμιάζει
738 2857 871 2900 aperte
885 2849 1042 2900 respicit
1059 2847 1110 2887 ad
1129 2849 1331 2898 paroemias
1350 2849 1496 2901 aliquas
1510 2865 1576 2890 seu

1336 2919 1412 2968 26.
