<?xml version="1.0" encoding="UTF-8"?>
<!DOCTYPE html PUBLIC "-//W3C//DTD XHTML 1.0 Transitional//EN"
    "http://www.w3.org/TR/xhtml1/DTD/xhtml1-transitional.dtd">
<html xmlns="http://www.w3.org/1999/xhtml" xml:lang="en" lang="en">
 <head>
  <title>
</title>
<meta http-equiv="Content-Type" content="text/html;charset=utf-8" />
  <meta name='ocr-system' content='tesseract 3.04.00' />
  <meta name='ocr-capabilities' content='ocr_page ocr_carea ocr_par ocr_line ocrx_word'/>
</head>
<body>
  <div class='ocr_page' id='page_1' title='image "./excursusadsibyll00alexuoft_0335.png"; bbox 0 0 1737 3495; ppageno 0'>
   <div class='ocr_carea' id='block_1_1' title="bbox 0 0 20 1338">
    <p class='ocr_par' dir='ltr' id='par_1_1' title="bbox 0 0 20 1338">
     <span class='ocr_line' id='line_1_1' title="bbox 0 0 20 1338; baseline 0 0"><span class='ocrx_word' id='word_1_1' title='bbox 0 0 20 1338; x_wconf 95' lang='lat' dir='ltr'> </span> 
     </span>
    </p>
   </div>
   <div class='ocr_carea' id='block_1_2' title="bbox 199 235 1289 286">
    <p class='ocr_par' dir='ltr' id='par_1_2' title="bbox 199 235 1289 286">
     <span class='ocr_line' id='line_1_2' title="bbox 199 235 1289 286; baseline 0.002 -6"><span class='ocrx_word' id='word_1_2' title='bbox 199 235 291 281; x_wconf 75' lang='lat'>326</span> <span class='ocrx_word' id='word_1_3' title='bbox 577 238 662 283; x_wconf 82' lang='lat' dir='ltr'>AD</span> <span class='ocrx_word' id='word_1_4' title='bbox 693 239 1055 286; x_wconf 76' lang='lat' dir='ltr'>slssYLLlNos</span> <span class='ocrx_word' id='word_1_5' title='bbox 1074 238 1289 283; x_wconf 80' lang='lat' dir='ltr'>LIBROS</span> 
     </span>
    </p>
   </div>
   <div class='ocr_carea' id='block_1_3' title="bbox 173 331 1657 2326">
    <p class='ocr_par' dir='ltr' id='par_1_3' title="bbox 173 331 1657 1163">
     <span class='ocr_line' id='line_1_3' title="bbox 246 331 1657 387; baseline 0.003 -17"><span class='ocrx_word' id='word_1_6' title='bbox 246 333 383 372; x_wconf 76' lang='lat' dir='ltr'>omnia</span> <span class='ocrx_word' id='word_1_7' title='bbox 402 333 440 371; x_wconf 88' lang='lat' dir='ltr'>in</span> <span class='ocrx_word' id='word_1_8' title='bbox 461 334 534 373; x_wconf 78' lang='lat' dir='ltr'>lioc</span> <span class='ocrx_word' id='word_1_9' title='bbox 549 334 650 373; x_wconf 87' lang='lat' dir='ltr'>libro</span> <span class='ocrx_word' id='word_1_10' title='bbox 669 336 782 387; x_wconf 82' lang='lat' dir='ltr'>plana</span> <span class='ocrx_word' id='word_1_11' title='bbox 799 346 909 383; x_wconf 88' lang='lat' dir='ltr'>sunt;</span> <span class='ocrx_word' id='word_1_12' title='bbox 928 351 973 375; x_wconf 82' lang='lat' dir='ltr'>no</span> <span class='ocrx_word' id='word_1_13' title='bbox 991 337 1050 374; x_wconf 84' lang='lat' dir='ltr'>vix</span> <span class='ocrx_word' id='word_1_14' title='bbox 1075 335 1122 374; x_wconf 83' lang='lat' dir='ltr'>de</span> <span class='ocrx_word' id='word_1_15' title='bbox 1137 334 1218 386; x_wconf 74' lang='lat' dir='ltr'>ojus</span> <span class='ocrx_word' id='word_1_16' title='bbox 1234 342 1343 373; x_wconf 76' lang='lat' dir='ltr'>aetate</span> <span class='ocrx_word' id='word_1_17' title='bbox 1361 331 1501 383; x_wconf 78' lang='lat' dir='ltr'>ambigi</span> <span class='ocrx_word' id='word_1_18' title='bbox 1521 344 1657 385; x_wconf 80' lang='lat' dir='ltr'>potest,</span> 
     </span>
     <span class='ocr_line' id='line_1_4' title="bbox 195 399 1654 452; baseline 0.005 -20"><span class='ocrx_word' id='word_1_19' title='bbox 195 408 308 446; x_wconf 84' lang='lat' dir='ltr'>quam</span> <span class='ocrx_word' id='word_1_20' title='bbox 325 410 396 434; x_wconf 84' lang='lat' dir='ltr'>nos</span> <span class='ocrx_word' id='word_1_21' title='bbox 408 411 524 450; x_wconf 76' lang='lat' dir='ltr'>supra</span> <span class='ocrx_word' id='word_1_22' title='bbox 537 399 790 450; x_wconf 83' lang='lat' dir='ltr'>definivimus,</span> <span class='ocrx_word' id='word_1_23' title='bbox 807 402 876 440; x_wconf 82' lang='lat' dir='ltr'>sub</span> <span class='ocrx_word' id='word_1_24' title='bbox 891 402 982 440; x_wconf 83' lang='lat' dir='ltr'>Tito</span> <span class='ocrx_word' id='word_1_25' title='bbox 1002 413 1140 452; x_wconf 83' lang='lat' dir='ltr'><strong>nempe</strong></span> <span class='ocrx_word' id='word_1_26' title='bbox 1156 400 1213 438; x_wconf 87' lang='lat' dir='ltr'>vel</span> <span class='ocrx_word' id='word_1_27' title='bbox 1230 399 1462 438; x_wconf 75' lang='lat' dir='ltr'>Domitiam.</span> <span class='ocrx_word' id='word_1_28' title='bbox 1479 399 1654 439; x_wconf 79' lang='lat' dir='ltr'>Judaeum</span> 
     </span>
     <span class='ocr_line' id='line_1_5' title="bbox 173 463 1657 516; baseline 0.004 -20"><span class='ocrx_word' id='word_1_29' title='bbox 173 469 387 500; x_wconf 78' lang='lat' dir='ltr'>.auctorem</span> <span class='ocrx_word' id='word_1_30' title='bbox 407 464 544 514; x_wconf 75' lang='lat' dir='ltr'>passim</span> <span class='ocrx_word' id='word_1_31' title='bbox 563 467 801 516; x_wconf 78' lang='lat' dir='ltr'>agnovimus,</span> <span class='ocrx_word' id='word_1_32' title='bbox 819 467 883 505; x_wconf 86' lang='lat' dir='ltr'>sed</span> <span class='ocrx_word' id='word_1_33' title='bbox 901 465 1048 516; x_wconf 80' lang='lat' dir='ltr'>origiue</span> <span class='ocrx_word' id='word_1_34' title='bbox 1066 473 1211 502; x_wconf 83' lang='lat' dir='ltr'>tantum</span> <span class='ocrx_word' id='word_1_35' title='bbox 1224 493 1235 515; x_wconf 88' lang='lat'>,</span> <span class='ocrx_word' id='word_1_36' title='bbox 1255 477 1333 502; x_wconf 90' lang='lat' dir='ltr'>non</span> <span class='ocrx_word' id='word_1_37' title='bbox 1355 463 1548 513; x_wconf 81' lang='lat' dir='ltr'>religione,</span> <span class='ocrx_word' id='word_1_38' title='bbox 1559 478 1657 515; x_wconf 86' lang='lat' dir='ltr'>quo-</span> 
     </span>
     <span class='ocr_line' id='line_1_6' title="bbox 192 525 1657 580; baseline 0.004 -19"><span class='ocrx_word' id='word_1_39' title='bbox 192 525 293 563; x_wconf 82' lang='lat' dir='ltr'>niam</span> <span class='ocrx_word' id='word_1_40' title='bbox 313 537 445 577; x_wconf 78' lang='lat' dir='ltr'>aperte</span> <span class='ocrx_word' id='word_1_41' title='bbox 463 528 642 580; x_wconf 82' lang='lat' dir='ltr'>baptismi</span> <span class='ocrx_word' id='word_1_42' title='bbox 668 532 895 570; x_wconf 80' lang='lat' dir='ltr'>mentionem</span> <span class='ocrx_word' id='word_1_43' title='bbox 924 530 1036 577; x_wconf 81' lang='lat' dir='ltr'>facit,</span> <span class='ocrx_word' id='word_1_44' title='bbox 1057 529 1129 568; x_wconf 84' lang='lat' dir='ltr'>nisi</span> <span class='ocrx_word' id='word_1_45' title='bbox 1151 529 1254 580; x_wconf 88' lang='lat' dir='ltr'>quod</span> <span class='ocrx_word' id='word_1_46' title='bbox 1274 529 1380 566; x_wconf 88' lang='lat' dir='ltr'>illum</span> <span class='ocrx_word' id='word_1_47' title='bbox 1398 527 1657 578; x_wconf 82' lang='lat' dir='ltr'>ejuda‘izanti-</span> 
     </span>
     <span class='ocr_line' id='line_1_7' title="bbox 194 588 1656 646; baseline 0.004 -19"><span class='ocrx_word' id='word_1_48' title='bbox 194 588 266 628; x_wconf 87' lang='lat' dir='ltr'>bus</span> <span class='ocrx_word' id='word_1_49' title='bbox 297 591 434 642; x_wconf 77' lang='lat' dir='ltr'>fuisse,</span> <span class='ocrx_word' id='word_1_50' title='bbox 466 595 533 644; x_wconf 88' lang='lat' dir='ltr'>qui</span> <span class='ocrx_word' id='word_1_51' title='bbox 569 604 649 633; x_wconf 90' lang='lat' dir='ltr'>tum</span> <span class='ocrx_word' id='word_1_52' title='bbox 686 596 807 646; x_wconf 79' lang='lat' dir='ltr'>major</span> <span class='ocrx_word' id='word_1_53' title='bbox 841 608 928 646; x_wconf 81' lang='lat' dir='ltr'>pars</span> <span class='ocrx_word' id='word_1_54' title='bbox 962 603 1069 633; x_wconf 83' lang='lat' dir='ltr'>erant</span> <span class='ocrx_word' id='word_1_55' title='bbox 1102 593 1407 633; x_wconf 81' lang='lat' dir='ltr'>Christianorum</span> <span class='ocrx_word' id='word_1_56' title='bbox 1424 621 1435 639; x_wconf 89' lang='lat'>‚</span> <span class='ocrx_word' id='word_1_57' title='bbox 1476 594 1656 643; x_wconf 80' lang='lat' dir='ltr'>suspicari</span> 
     </span>
     <span class='ocr_line' id='line_1_8' title="bbox 192 653 1653 710; baseline 0.005 -20"><span class='ocrx_word' id='word_1_58' title='bbox 192 653 290 694; x_wconf 85' lang='lat' dir='ltr'>licet.</span> <span class='ocrx_word' id='word_1_59' title='bbox 315 657 441 695; x_wconf 80' lang='lat' dir='ltr'>Patria</span> <span class='ocrx_word' id='word_1_60' title='bbox 467 659 624 698; x_wconf 80' lang='lat' dir='ltr'>incerta.</span> <span class='ocrx_word' id='word_1_61' title='bbox 650 659 762 706; x_wconf 87' lang='lat' dir='ltr'>Quod</span> <span class='ocrx_word' id='word_1_62' title='bbox 784 668 907 697; x_wconf 80' lang='lat' dir='ltr'>tamen</span> <span class='ocrx_word' id='word_1_63' title='bbox 934 659 1096 710; x_wconf 75' lang='lat' dir='ltr'>Assyriis</span> <span class='ocrx_word' id='word_1_64' title='bbox 1125 657 1362 709; x_wconf 78' lang='lat' dir='ltr'>antiquitatis</span> <span class='ocrx_word' id='word_1_65' title='bbox 1390 657 1554 709; x_wconf 87' lang='lat' dir='ltr'>primum</span> <span class='ocrx_word' id='word_1_66' title='bbox 1584 659 1653 697; x_wconf 90' lang='lat' dir='ltr'>ho-</span> 
     </span>
     <span class='ocr_line' id='line_1_9' title="bbox 190 721 1655 773; baseline 0.005 -18"><span class='ocrx_word' id='word_1_67' title='bbox 190 731 321 758; x_wconf 81' lang='lat' dir='ltr'>norem</span> <span class='ocrx_word' id='word_1_68' title='bbox 341 721 441 760; x_wconf 88' lang='lat' dir='ltr'>ultro</span> <span class='ocrx_word' id='word_1_69' title='bbox 455 722 614 772; x_wconf 75' lang='lat' dir='ltr'>deserat,</span> <span class='ocrx_word' id='word_1_70' title='bbox 633 736 669 762; x_wconf 87' lang='lat' dir='ltr'>v.</span> <span class='ocrx_word' id='word_1_71' title='bbox 688 728 736 772; x_wconf 88' lang='grc'>49</span> <span class='ocrx_word' id='word_1_72' title='bbox 752 724 841 773; x_wconf 90' lang='lat' dir='ltr'>(non</span> <span class='ocrx_word' id='word_1_73' title='bbox 857 732 898 762; x_wconf 89' lang='lat' dir='ltr'>ut</span> <span class='ocrx_word' id='word_1_74' title='bbox 919 723 985 763; x_wconf 89' lang='lat' dir='ltr'>lib.</span> <span class='ocrx_word' id='word_1_75' title='bbox 1011 724 1078 768; x_wconf 86' lang='lat' dir='ltr'>III,</span> <span class='ocrx_word' id='word_1_76' title='bbox 1095 736 1131 764; x_wconf 86' lang='lat' dir='ltr'>v.</span> <span class='ocrx_word' id='word_1_77' title='bbox 1158 729 1244 773; x_wconf 74' lang='lat'>149,</span> <span class='ocrx_word' id='word_1_78' title='bbox 1264 730 1302 760; x_wconf 83' lang='lat' dir='ltr'>ct</span> <span class='ocrx_word' id='word_1_79' title='bbox 1318 722 1417 766; x_wconf 81' lang='lat' dir='ltr'>vm.</span> <span class='ocrx_word' id='word_1_80' title='bbox 1431 735 1464 759; x_wconf 89' lang='lat' dir='ltr'>v.</span> <span class='ocrx_word' id='word_1_81' title='bbox 1484 723 1523 769; x_wconf 88' lang='lat'>6,</span> <span class='ocrx_word' id='word_1_82' title='bbox 1544 730 1579 760; x_wconf 88' lang='lat' dir='ltr'>et</span> <span class='ocrx_word' id='word_1_83' title='bbox 1595 723 1655 771; x_wconf 84' lang='lat' dir='ltr'>XI,</span> 
     </span>
     <span class='ocr_line' id='line_1_10' title="bbox 189 786 1654 839; baseline 0.004 -18"><span class='ocrx_word' id='word_1_84' title='bbox 189 797 226 822; x_wconf 90' lang='lat' dir='ltr'>v.</span> <span class='ocrx_word' id='word_1_85' title='bbox 247 797 307 834; x_wconf 86' lang='lat'>19,</span> <span class='ocrx_word' id='word_1_86' title='bbox 320 786 694 838; x_wconf 65' lang='lat' dir='ltr'>(Egyptiis),etquod</span> <span class='ocrx_word' id='word_1_87' title='bbox 711 788 865 839; x_wconf 75' lang='lat' dir='ltr'>AEgypti</span> <span class='ocrx_word' id='word_1_88' title='bbox 879 789 991 827; x_wconf 81' lang='lat' dir='ltr'>semel</span> <span class='ocrx_word' id='word_1_89' title='bbox 1007 796 1153 826; x_wconf 83' lang='lat' dir='ltr'>tantum</span> <span class='ocrx_word' id='word_1_90' title='bbox 1173 787 1401 834; x_wconf 81' lang='lat' dir='ltr'>meminerit,</span> <span class='ocrx_word' id='word_1_91' title='bbox 1424 801 1457 825; x_wconf 90' lang='lat' dir='ltr'>v.</span> <span class='ocrx_word' id='word_1_92' title='bbox 1476 800 1540 834; x_wconf 86' lang='lat'>72,</span> <span class='ocrx_word' id='word_1_93' title='bbox 1558 801 1654 839; x_wconf 75' lang='lat' dir='ltr'>sqq..</span> 
     </span>
     <span class='ocr_line' id='line_1_11' title="bbox 190 850 1655 903; baseline 0.005 -18"><span class='ocrx_word' id='word_1_94' title='bbox 190 850 371 901; x_wconf 84' lang='lat' dir='ltr'>quodque</span> <span class='ocrx_word' id='word_1_95' title='bbox 400 852 606 903; x_wconf 86' lang='lat' dir='ltr'>plurimum</span> <span class='ocrx_word' id='word_1_96' title='bbox 627 853 723 891; x_wconf 68' lang='lat' dir='ltr'>Asiae</span> <span class='ocrx_word' id='word_1_97' title='bbox 750 852 1030 891; x_wconf 75' lang='lat' dir='ltr'>calamitatibus</span> <span class='ocrx_word' id='word_1_98' title='bbox 1058 853 1306 902; x_wconf 74' lang='lat' dir='ltr'><strong>immoretur,</strong></span> <span class='ocrx_word' id='word_1_99' title='bbox 1328 865 1360 890; x_wconf 89' lang='lat' dir='ltr'>v.</span> <span class='ocrx_word' id='word_1_100' title='bbox 1378 865 1449 902; x_wconf 84' lang='lat'>90,</span> <span class='ocrx_word' id='word_1_101' title='bbox 1469 865 1565 903; x_wconf 61' lang='lat' dir='ltr'>sqq„</span> <span class='ocrx_word' id='word_1_102' title='bbox 1590 854 1655 891; x_wconf 73' lang='lat'>106</span> 
     </span>
     <span class='ocr_line' id='line_1_12' title="bbox 188 916 1655 969; baseline 0.001 -17"><span class='ocrx_word' id='word_1_103' title='bbox 188 926 292 965; x_wconf 80' lang='lat' dir='ltr'>sqq.;</span> <span class='ocrx_word' id='word_1_104' title='bbox 311 916 414 967; x_wconf 85' lang='lat' dir='ltr'>quod</span> <span class='ocrx_word' id='word_1_105' title='bbox 437 917 602 967; x_wconf 87' lang='lat' dir='ltr'>denique</span> <span class='ocrx_word' id='word_1_106' title='bbox 621 916 670 955; x_wconf 89' lang='lat' dir='ltr'>dc</span> <span class='ocrx_word' id='word_1_107' title='bbox 688 918 809 969; x_wconf 78' lang='lat' dir='ltr'>raptis</span> <span class='ocrx_word' id='word_1_108' title='bbox 828 917 924 957; x_wconf 77' lang='lat' dir='ltr'>Asiae</span> <span class='ocrx_word' id='word_1_109' title='bbox 945 917 1088 956; x_wconf 86' lang='lat' dir='ltr'>divitiis</span> <span class='ocrx_word' id='word_1_110' title='bbox 1113 916 1319 967; x_wconf 85' lang='lat' dir='ltr'>aliquando</span> <span class='ocrx_word' id='word_1_111' title='bbox 1347 916 1385 954; x_wconf 90' lang='lat' dir='ltr'>in</span> <span class='ocrx_word' id='word_1_112' title='bbox 1407 916 1532 954; x_wconf 82' lang='lat' dir='ltr'>Asiam</span> <span class='ocrx_word' id='word_1_113' title='bbox 1553 917 1655 954; x_wconf 80' lang='lat' dir='ltr'>redi·</span> 
     </span>
     <span class='ocr_line' id='line_1_13' title="bbox 190 980 1653 1034; baseline 0.003 -18"><span class='ocrx_word' id='word_1_114' title='bbox 190 981 285 1017; x_wconf 87' lang='lat' dir='ltr'>turis</span> <span class='ocrx_word' id='word_1_115' title='bbox 319 981 463 1031; x_wconf 87' lang='lat' dir='ltr'>primus</span> <span class='ocrx_word' id='word_1_116' title='bbox 492 981 663 1021; x_wconf 88' lang='lat' dir='ltr'>omnium</span> <span class='ocrx_word' id='word_1_117' title='bbox 686 983 914 1021; x_wconf 84' lang='lat' dir='ltr'>vaticinatus</span> <span class='ocrx_word' id='word_1_118' title='bbox 942 985 1002 1030; x_wconf 84' lang='lat' dir='ltr'>sit,</span> <span class='ocrx_word' id='word_1_119' title='bbox 1035 996 1072 1020; x_wconf 88' lang='lat' dir='ltr'>v.</span> <span class='ocrx_word' id='word_1_120' title='bbox 1093 987 1165 1025; x_wconf 71' lang='grc'>142</span> <span class='ocrx_word' id='word_1_121' title='bbox 1185 980 1307 1034; x_wconf 66' lang='grc'>(145),</span> <span class='ocrx_word' id='word_1_122' title='bbox 1327 994 1427 1032; x_wconf 84' lang='lat' dir='ltr'>sqq.;</span> <span class='ocrx_word' id='word_1_123' title='bbox 1453 980 1653 1020; x_wconf 77' lang='lat' dir='ltr'>Asiaticum</span> 
     </span>
     <span class='ocr_line' id='line_1_14' title="bbox 186 1044 1654 1097; baseline 0.002 -17"><span class='ocrx_word' id='word_1_124' title='bbox 186 1044 290 1082; x_wconf 86' lang='lat' dir='ltr'>illum</span> <span class='ocrx_word' id='word_1_125' title='bbox 312 1045 421 1083; x_wconf 79' lang='lat' dir='ltr'>facile</span> <span class='ocrx_word' id='word_1_126' title='bbox 436 1045 641 1093; x_wconf 77' lang='lat' dir='ltr'>credimus,</span> <span class='ocrx_word' id='word_1_127' title='bbox 656 1060 701 1085; x_wconf 87' lang='lat' dir='ltr'>ex</span> <span class='ocrx_word' id='word_1_128' title='bbox 718 1047 834 1097; x_wconf 80' lang='lat' dir='ltr'>Lycia</span> <span class='ocrx_word' id='word_1_129' title='bbox 848 1047 1005 1085; x_wconf 80' lang='lat' dir='ltr'>sortasse</span> <span class='ocrx_word' id='word_1_130' title='bbox 1021 1046 1081 1084; x_wconf 80' lang='lat' dir='ltr'>vel</span> <span class='ocrx_word' id='word_1_131' title='bbox 1097 1046 1222 1093; x_wconf 85' lang='lat' dir='ltr'>Caria,</span> <span class='ocrx_word' id='word_1_132' title='bbox 1243 1058 1404 1096; x_wconf 80' lang='lat' dir='ltr'>quarum</span> <span class='ocrx_word' id='word_1_133' title='bbox 1420 1044 1654 1096; x_wconf 85' lang='lat' dir='ltr'>potissimum</span> 
     </span>
     <span class='ocr_line' id='line_1_15' title="bbox 187 1107 743 1163; baseline 0.007 -17"><span class='ocrx_word' id='word_1_134' title='bbox 187 1107 300 1147; x_wconf 81' lang='lat' dir='ltr'>urbes</span> <span class='ocrx_word' id='word_1_135' title='bbox 314 1109 407 1148; x_wconf 83' lang='lat' dir='ltr'>citat</span> <span class='ocrx_word' id='word_1_136' title='bbox 420 1120 534 1162; x_wconf 83' lang='lat' dir='ltr'>atque</span> <span class='ocrx_word' id='word_1_137' title='bbox 552 1110 743 1163; x_wconf 74' lang='lat' dir='ltr'>deplorat.</span> 
     </span>
    </p>

    <p class='ocr_par' dir='ltr' id='par_1_4' title="bbox 181 1173 1655 2326">
     <span class='ocr_line' id='line_1_16' title="bbox 238 1173 1654 1227; baseline 0.001 -16"><span class='ocrx_word' id='word_1_138' title='bbox 238 1173 427 1217; x_wconf 79' lang='lat' dir='ltr'>Habemus</span> <span class='ocrx_word' id='word_1_139' title='bbox 449 1187 542 1226; x_wconf 82' lang='lat' dir='ltr'>ergo</span> <span class='ocrx_word' id='word_1_140' title='bbox 562 1176 867 1227; x_wconf 80' lang='lat' dir='ltr'>antiquissimum</span> <span class='ocrx_word' id='word_1_141' title='bbox 889 1189 1014 1227; x_wconf 87' lang='lat' dir='ltr'>eoque</span> <span class='ocrx_word' id='word_1_142' title='bbox 1032 1174 1347 1226; x_wconf 83' lang='lat' dir='ltr'>pretiosissimum</span> <span class='ocrx_word' id='word_1_143' title='bbox 1370 1173 1563 1224; x_wconf 77' lang='lat' dir='ltr'><strong>religionis</strong></span> <span class='ocrx_word' id='word_1_144' title='bbox 1585 1187 1654 1212; x_wconf 89' lang='lat' dir='ltr'>no·</span> 
     </span>
     <span class='ocr_line' id='line_1_17' title="bbox 184 1238 1655 1290; baseline 0.001 -15"><span class='ocrx_word' id='word_1_145' title='bbox 184 1246 272 1276; x_wconf 86' lang='lat' dir='ltr'>strae</span> <span class='ocrx_word' id='word_1_146' title='bbox 288 1249 592 1287; x_wconf 82' lang='lat' dir='ltr'>monumentum,</span> <span class='ocrx_word' id='word_1_147' title='bbox 610 1239 658 1278; x_wconf 76' lang='lat' dir='ltr'>ab</span> <span class='ocrx_word' id='word_1_148' title='bbox 675 1240 829 1278; x_wconf 84' lang='lat' dir='ltr'>homine</span> <span class='ocrx_word' id='word_1_149' title='bbox 845 1239 1059 1278; x_wconf 75' lang='lat' dir='ltr'>Christiano</span> <span class='ocrx_word' id='word_1_150' title='bbox 1077 1239 1259 1290; x_wconf 78' lang='lat' dir='ltr'>scriptum</span> <span class='ocrx_word' id='word_1_151' title='bbox 1275 1238 1494 1289; x_wconf 71' lang='lat' dir='ltr'>apostolicis</span> <span class='ocrx_word' id='word_1_152' title='bbox 1516 1247 1655 1289; x_wconf 82' lang='lat' dir='ltr'>tempo·</span> 
     </span>
     <span class='ocr_line' id='line_1_18' title="bbox 185 1301 1654 1357; baseline 0.001 -17"><span class='ocrx_word' id='word_1_153' title='bbox 185 1301 300 1349; x_wconf 75' lang='lat' dir='ltr'>ribus,</span> <span class='ocrx_word' id='word_1_154' title='bbox 315 1304 428 1355; x_wconf 83' lang='lat' dir='ltr'>paulo</span> <span class='ocrx_word' id='word_1_155' title='bbox 448 1306 813 1357; x_wconf 81' lang='lat' dir='ltr'>postHierosolyma</span> <span class='ocrx_word' id='word_1_156' title='bbox 826 1305 964 1355; x_wconf 85' lang='lat' dir='ltr'>deleta,</span> <span class='ocrx_word' id='word_1_157' title='bbox 983 1312 1072 1341; x_wconf 83' lang='lat' dir='ltr'>ante</span> <span class='ocrx_word' id='word_1_158' title='bbox 1088 1303 1246 1342; x_wconf 79' lang='lat' dir='ltr'>Joannis</span> <span class='ocrx_word' id='word_1_159' title='bbox 1257 1303 1492 1354; x_wconf 80' lang='lat' dir='ltr'>evangellum</span> <span class='ocrx_word' id='word_1_160' title='bbox 1510 1304 1518 1340; x_wconf 75' lang='grc' dir='ltr'><strong>Ξ</strong></span> <span class='ocrx_word' id='word_1_161' title='bbox 1539 1302 1654 1354; x_wconf 84' lang='lat' dir='ltr'>Cujus</span> 
     </span>
     <span class='ocr_line' id='line_1_19' title="bbox 183 1367 1654 1422; baseline 0.001 -17"><span class='ocrx_word' id='word_1_162' title='bbox 183 1367 268 1406; x_wconf 82' lang='lat' dir='ltr'>idco</span> <span class='ocrx_word' id='word_1_163' title='bbox 287 1367 499 1408; x_wconf 75' lang='lat' dir='ltr'>doctrinam</span> <span class='ocrx_word' id='word_1_164' title='bbox 531 1370 566 1408; x_wconf 92' lang='lat' dir='ltr'>in</span> <span class='ocrx_word' id='word_1_165' title='bbox 590 1371 764 1409; x_wconf 84' lang='lat' dir='ltr'>Excursu</span> <span class='ocrx_word' id='word_1_166' title='bbox 789 1369 981 1422; x_wconf 84' lang='lat' dir='ltr'>proximo,</span> <span class='ocrx_word' id='word_1_167' title='bbox 997 1381 1072 1420; x_wconf 85' lang='lat' dir='ltr'>qua</span> <span class='ocrx_word' id='word_1_168' title='bbox 1095 1381 1163 1419; x_wconf 84' lang='lat' dir='ltr'>par</span> <span class='ocrx_word' id='word_1_169' title='bbox 1193 1367 1472 1419; x_wconf 75' lang='lat' dir='ltr'>cstdiligentia,</span> <span class='ocrx_word' id='word_1_170' title='bbox 1496 1367 1654 1406; x_wconf 78' lang='lat' dir='ltr'>investi-</span> 
     </span>
     <span class='ocr_line' id='line_1_20' title="bbox 181 1432 1654 1487; baseline 0.001 -17"><span class='ocrx_word' id='word_1_171' title='bbox 181 1432 369 1483; x_wconf 76' lang='lat' dir='ltr'>gabimus.</span> <span class='ocrx_word' id='word_1_172' title='bbox 392 1435 546 1474; x_wconf 82' lang='lat' dir='ltr'>Interim</span> <span class='ocrx_word' id='word_1_173' title='bbox 561 1436 649 1474; x_wconf 80' lang='lat' dir='ltr'>satis</span> <span class='ocrx_word' id='word_1_174' title='bbox 665 1436 711 1474; x_wconf 82' lang='lat' dir='ltr'>sit</span> <span class='ocrx_word' id='word_1_175' title='bbox 730 1435 873 1483; x_wconf 82' lang='lat' dir='ltr'>dicere,</span> <span class='ocrx_word' id='word_1_176' title='bbox 895 1443 1046 1487; x_wconf 82' lang='lat' dir='ltr'>poetam</span> <span class='ocrx_word' id='word_1_177' title='bbox 1068 1433 1170 1472; x_wconf 84' lang='lat' dir='ltr'>hunc</span> <span class='ocrx_word' id='word_1_178' title='bbox 1190 1442 1376 1481; x_wconf 78' lang='lat' dir='ltr'>nostruin,</span> <span class='ocrx_word' id='word_1_179' title='bbox 1402 1434 1488 1471; x_wconf 85' lang='lat' dir='ltr'>licet</span> <span class='ocrx_word' id='word_1_180' title='bbox 1511 1433 1654 1485; x_wconf 75' lang='lat' dir='ltr'>origine</span> 
     </span>
     <span class='ocr_line' id='line_1_21' title="bbox 182 1498 1652 1551; baseline 0.001 -16"><span class='ocrx_word' id='word_1_181' title='bbox 182 1498 374 1549; x_wconf 65' lang='lat' dir='ltr'>Judaeum,</span> <span class='ocrx_word' id='word_1_182' title='bbox 393 1507 431 1538; x_wconf 89' lang='lat' dir='ltr'>et</span> <span class='ocrx_word' id='word_1_183' title='bbox 452 1501 616 1549; x_wconf 83' lang='lat' dir='ltr'>affectu,</span> <span class='ocrx_word' id='word_1_184' title='bbox 636 1501 667 1539; x_wconf 91' lang='lat' dir='ltr'>si</span> <span class='ocrx_word' id='word_1_185' title='bbox 685 1514 761 1538; x_wconf 90' lang='lat' dir='ltr'>non</span> <span class='ocrx_word' id='word_1_186' title='bbox 781 1500 902 1551; x_wconf 83' lang='lat' dir='ltr'>cultu,</span> <span class='ocrx_word' id='word_1_187' title='bbox 918 1499 1191 1551; x_wconf 68' lang='lat' dir='ltr'>judu&#39;ifflntem,</span> <span class='ocrx_word' id='word_1_188' title='bbox 1212 1506 1335 1537; x_wconf 76' lang='lat' dir='ltr'>cetera</span> <span class='ocrx_word' id='word_1_189' title='bbox 1362 1511 1517 1550; x_wconf 80' lang='lat' dir='ltr'>prorsus</span> <span class='ocrx_word' id='word_1_190' title='bbox 1538 1498 1652 1537; x_wconf 76' lang='lat' dir='ltr'>videri</span> 
     </span>
     <span class='ocr_line' id='line_1_22' title="bbox 182 1563 1653 1617; baseline 0.001 -17"><span class='ocrx_word' id='word_1_191' title='bbox 182 1563 439 1603; x_wconf 78' lang='lat' dir='ltr'>orthodoxum</span> <span class='ocrx_word' id='word_1_192' title='bbox 462 1581 470 1604; x_wconf 96' lang='lat'><strong>:</strong></span> <span class='ocrx_word' id='word_1_193' title='bbox 491 1565 637 1617; x_wconf 88' lang='lat' dir='ltr'>quippe</span> <span class='ocrx_word' id='word_1_194' title='bbox 657 1579 705 1603; x_wconf 86' lang='lat' dir='ltr'>ne</span> <span class='ocrx_word' id='word_1_195' title='bbox 725 1565 934 1604; x_wconf 79' lang='lat' dir='ltr'>millenaria</span> <span class='ocrx_word' id='word_1_196' title='bbox 956 1564 1109 1615; x_wconf 83' lang='lat' dir='ltr'>quidem</span> <span class='ocrx_word' id='word_1_197' title='bbox 1137 1563 1236 1611; x_wconf 80' lang='lat' dir='ltr'>labe,</span> <span class='ocrx_word' id='word_1_198' title='bbox 1263 1577 1348 1615; x_wconf 83' lang='lat' dir='ltr'>quae</span> <span class='ocrx_word' id='word_1_199' title='bbox 1367 1573 1455 1601; x_wconf 87' lang='lat' dir='ltr'>tunc</span> <span class='ocrx_word' id='word_1_200' title='bbox 1478 1564 1653 1614; x_wconf 85' lang='lat' dir='ltr'>temporis</span> 
     </span>
     <span class='ocr_line' id='line_1_23' title="bbox 184 1628 1654 1680; baseline 0.001 -16"><span class='ocrx_word' id='word_1_201' title='bbox 184 1628 256 1666; x_wconf 81' lang='lat' dir='ltr'>late</span> <span class='ocrx_word' id='word_1_202' title='bbox 274 1629 413 1668; x_wconf 77' lang='lat' dir='ltr'>diffusa</span> <span class='ocrx_word' id='word_1_203' title='bbox 435 1630 522 1679; x_wconf 83' lang='lat' dir='ltr'>suit,</span> <span class='ocrx_word' id='word_1_204' title='bbox 546 1631 706 1669; x_wconf 83' lang='lat' dir='ltr'>insectus</span> <span class='ocrx_word' id='word_1_205' title='bbox 727 1631 890 1669; x_wconf 88' lang='lat' dir='ltr'>videtur.</span> <span class='ocrx_word' id='word_1_206' title='bbox 916 1632 1010 1678; x_wconf 82' lang='lat' dir='ltr'>Quae</span> <span class='ocrx_word' id='word_1_207' title='bbox 1039 1643 1130 1668; x_wconf 87' lang='lat' dir='ltr'>vero</span> <span class='ocrx_word' id='word_1_208' title='bbox 1152 1629 1252 1680; x_wconf 78' lang='lat' dir='ltr'>apud</span> <span class='ocrx_word' id='word_1_209' title='bbox 1277 1642 1364 1667; x_wconf 90' lang='lat' dir='ltr'>cum</span> <span class='ocrx_word' id='word_1_210' title='bbox 1393 1629 1554 1666; x_wconf 82' lang='lat' dir='ltr'>lectores</span> <span class='ocrx_word' id='word_1_211' title='bbox 1575 1628 1654 1680; x_wconf 78' lang='lat' dir='ltr'>pios</span> 
     </span>
     <span class='ocr_line' id='line_1_24' title="bbox 183 1694 1652 1746; baseline 0.003 -17"><span class='ocrx_word' id='word_1_212' title='bbox 183 1696 322 1730; x_wconf 74' lang='lat' dir='ltr'>morari</span> <span class='ocrx_word' id='word_1_213' title='bbox 338 1704 509 1745; x_wconf 76' lang='lat' dir='ltr'>possunt,</span> <span class='ocrx_word' id='word_1_214' title='bbox 525 1694 571 1733; x_wconf 85' lang='lat' dir='ltr'>de</span> <span class='ocrx_word' id='word_1_215' title='bbox 588 1695 783 1733; x_wconf 85' lang='lat' dir='ltr'>hominum</span> <span class='ocrx_word' id='word_1_216' title='bbox 797 1704 897 1733; x_wconf 85' lang='lat' dir='ltr'>statu</span> <span class='ocrx_word' id='word_1_217' title='bbox 910 1694 1190 1746; x_wconf 85' lang='lat' dir='ltr'>postjudicium</span> <span class='ocrx_word' id='word_1_218' title='bbox 1203 1707 1439 1746; x_wconf 75' lang='lat' dir='ltr'>supremum,</span> <span class='ocrx_word' id='word_1_219' title='bbox 1458 1707 1497 1734; x_wconf 90' lang='lat' dir='ltr'>v.</span> <span class='ocrx_word' id='word_1_220' title='bbox 1518 1701 1582 1739; x_wconf 81' lang='grc' dir='ltr'>4ο,</span> <span class='ocrx_word' id='word_1_221' title='bbox 1600 1708 1652 1745; x_wconf 83' lang='lat' dir='ltr'>sq.</span> 
     </span>
     <span class='ocr_line' id='line_1_25' title="bbox 181 1751 1655 1811; baseline 0.001 -17"><span class='ocrx_word' id='word_1_222' title='bbox 181 1765 219 1794; x_wconf 87' lang='lat' dir='ltr'>ct</span> <span class='ocrx_word' id='word_1_223' title='bbox 243 1770 314 1807; x_wconf 77' lang='lat'>¹7⁴)</span> <span class='ocrx_word' id='word_1_224' title='bbox 335 1751 457 1811; x_wconf 76' lang='lat'>(181),</span> <span class='ocrx_word' id='word_1_225' title='bbox 478 1772 577 1811; x_wconf 63' lang='lat' dir='ltr'>sqq„</span> <span class='ocrx_word' id='word_1_226' title='bbox 592 1773 669 1798; x_wconf 90' lang='lat' dir='ltr'>non</span> <span class='ocrx_word' id='word_1_227' title='bbox 690 1760 890 1798; x_wconf 78' lang='lat' dir='ltr'>discedunt</span> <span class='ocrx_word' id='word_1_228' title='bbox 908 1774 929 1798; x_wconf 76' lang='lat' dir='ltr'>a</span> <span class='ocrx_word' id='word_1_229' title='bbox 948 1760 1113 1811; x_wconf 78' lang='lat' dir='ltr'>receptis</span> <span class='ocrx_word' id='word_1_230' title='bbox 1133 1769 1211 1797; x_wconf 88' lang='lat' dir='ltr'>tum</span> <span class='ocrx_word' id='word_1_231' title='bbox 1235 1760 1290 1797; x_wconf 85' lang='lat' dir='ltr'>vel</span> <span class='ocrx_word' id='word_1_232' title='bbox 1314 1759 1483 1797; x_wconf 79' lang='lat' dir='ltr'>toleratis</span> <span class='ocrx_word' id='word_1_233' title='bbox 1505 1759 1655 1810; x_wconf 84' lang='lat' dir='ltr'>opinio-</span> 
     </span>
     <span class='ocr_line' id='line_1_26' title="bbox 183 1821 1654 1876; baseline 0.002 -18"><span class='ocrx_word' id='word_1_234' title='bbox 183 1821 295 1860; x_wconf 82' lang='lat' dir='ltr'>nibus</span> <span class='ocrx_word' id='word_1_235' title='bbox 316 1824 428 1862; x_wconf 83' lang='lat' dir='ltr'>ctiam</span> <span class='ocrx_word' id='word_1_236' title='bbox 460 1825 561 1863; x_wconf 77' lang='lat' dir='ltr'>inter</span> <span class='ocrx_word' id='word_1_237' title='bbox 589 1824 849 1869; x_wconf 77' lang='lat' dir='ltr'>orthodoxos3</span> <span class='ocrx_word' id='word_1_238' title='bbox 871 1838 992 1876; x_wconf 80' lang='lat' dir='ltr'>eaque</span> <span class='ocrx_word' id='word_1_239' title='bbox 1014 1838 1132 1876; x_wconf 87' lang='lat' dir='ltr'>quum</span> <span class='ocrx_word' id='word_1_240' title='bbox 1149 1824 1188 1862; x_wconf 90' lang='lat' dir='ltr'>in</span> <span class='ocrx_word' id='word_1_241' title='bbox 1211 1823 1309 1862; x_wconf 86' lang='lat' dir='ltr'>libro</span> <span class='ocrx_word' id='word_1_242' title='bbox 1329 1823 1554 1875; x_wconf 76' lang='lat' dir='ltr'>apocrypho</span> <span class='ocrx_word' id='word_1_243' title='bbox 1573 1824 1654 1874; x_wconf 85' lang='lat' dir='ltr'>qui-</span> 
     </span>
     <span class='ocr_line' id='line_1_27' title="bbox 183 1885 1651 1940; baseline 0.001 -17"><span class='ocrx_word' id='word_1_244' title='bbox 183 1885 283 1935; x_wconf 86' lang='lat' dir='ltr'>dem,</span> <span class='ocrx_word' id='word_1_245' title='bbox 297 1887 360 1925; x_wconf 86' lang='lat' dir='ltr'>sed</span> <span class='ocrx_word' id='word_1_246' title='bbox 383 1897 506 1927; x_wconf 78' lang='lat' dir='ltr'>tamen</span> <span class='ocrx_word' id='word_1_247' title='bbox 523 1891 682 1940; x_wconf 79' lang='lat' dir='ltr'>antiquo</span> <span class='ocrx_word' id='word_1_248' title='bbox 701 1898 739 1928; x_wconf 81' lang='lat' dir='ltr'>ct</span> <span class='ocrx_word' id='word_1_249' title='bbox 753 1888 983 1935; x_wconf 81' lang='lat' dir='ltr'>venerando,</span> <span class='ocrx_word' id='word_1_250' title='bbox 1002 1888 1326 1927; x_wconf 83' lang='lat' dir='ltr'>Constitutionum</span> <span class='ocrx_word' id='word_1_251' title='bbox 1347 1888 1651 1938; x_wconf 83' lang='lat' dir='ltr'>apostolicarum,</span> 
     </span>
     <span class='ocr_line' id='line_1_28' title="bbox 182 1950 1650 2004; baseline 0.001 -16"><span class='ocrx_word' id='word_1_252' title='bbox 182 1950 262 1988; x_wconf 84' lang='lat' dir='ltr'>sinc</span> <span class='ocrx_word' id='word_1_253' title='bbox 281 1952 599 2004; x_wconf 81' lang='lat' dir='ltr'>reprehensione,</span> <span class='ocrx_word' id='word_1_254' title='bbox 631 1954 706 1991; x_wconf 85' lang='lat' dir='ltr'>imo</span> <span class='ocrx_word' id='word_1_255' title='bbox 738 1953 974 1991; x_wconf 80' lang='lat' dir='ltr'>auctoritatis</span> <span class='ocrx_word' id='word_1_256' title='bbox 1006 1953 1134 1999; x_wconf 85' lang='lat' dir='ltr'>instar,</span> <span class='ocrx_word' id='word_1_257' title='bbox 1168 1953 1441 2003; x_wconf 81' lang='lat' dir='ltr'>proferantur,</span> <span class='ocrx_word' id='word_1_258' title='bbox 1471 1952 1590 1990; x_wconf 84' lang='lat' dir='ltr'>durus</span> <span class='ocrx_word' id='word_1_259' title='bbox 1608 1952 1650 1989; x_wconf 85' lang='lat' dir='ltr'>sit</span> 
     </span>
     <span class='ocr_line' id='line_1_29' title="bbox 183 2016 1649 2068; baseline 0.001 -17"><span class='ocrx_word' id='word_1_260' title='bbox 183 2016 339 2054; x_wconf 84' lang='lat' dir='ltr'>omnino</span> <span class='ocrx_word' id='word_1_261' title='bbox 364 2018 429 2068; x_wconf 87' lang='lat' dir='ltr'>qui</span> <span class='ocrx_word' id='word_1_262' title='bbox 451 2019 619 2056; x_wconf 85' lang='lat' dir='ltr'>severius</span> <span class='ocrx_word' id='word_1_263' title='bbox 640 2018 821 2056; x_wconf 78' lang='lat' dir='ltr'>damnare</span> <span class='ocrx_word' id='word_1_264' title='bbox 850 2018 988 2056; x_wconf 79' lang='lat' dir='ltr'>audeat</span> <span class='ocrx_word' id='word_1_265' title='bbox 1019 2018 1054 2055; x_wconf 87' lang='lat' dir='ltr'>in</span> <span class='ocrx_word' id='word_1_266' title='bbox 1077 2017 1232 2056; x_wconf 82' lang='lat' dir='ltr'>homine</span> <span class='ocrx_word' id='word_1_267' title='bbox 1253 2017 1404 2054; x_wconf 83' lang='lat' dir='ltr'>illorum</span> <span class='ocrx_word' id='word_1_268' title='bbox 1428 2025 1649 2068; x_wconf 87' lang='lat' dir='ltr'>temporum,</span> 
     </span>
     <span class='ocr_line' id='line_1_30' title="bbox 183 2080 1649 2135; baseline 0 -18"><span class='ocrx_word' id='word_1_269' title='bbox 183 2080 382 2133; x_wconf 80' lang='lat' dir='ltr'>theologus</span> <span class='ocrx_word' id='word_1_270' title='bbox 405 2082 630 2129; x_wconf 85' lang='lat' dir='ltr'>hodiernus,</span> <span class='ocrx_word' id='word_1_271' title='bbox 653 2098 696 2121; x_wconf 81' lang='lat' dir='ltr'>ca</span> <span class='ocrx_word' id='word_1_272' title='bbox 719 2097 802 2135; x_wconf 83' lang='lat' dir='ltr'>quae</span> <span class='ocrx_word' id='word_1_273' title='bbox 828 2082 996 2121; x_wconf 86' lang='lat' dir='ltr'>secundo</span> <span class='ocrx_word' id='word_1_274' title='bbox 1019 2082 1156 2121; x_wconf 74' lang='lat' dir='ltr'>saeculo</span> <span class='ocrx_word' id='word_1_275' title='bbox 1184 2082 1358 2133; x_wconf 81' lang='lat' dir='ltr'>plerique</span> <span class='ocrx_word' id='word_1_276' title='bbox 1377 2082 1495 2119; x_wconf 81' lang='lat' dir='ltr'>sancti</span> <span class='ocrx_word' id='word_1_277' title='bbox 1524 2082 1649 2120; x_wconf 83' lang='lat' dir='ltr'>Patres</span> 
     </span>
     <span class='ocr_line' id='line_1_31' title="bbox 183 2137 1646 2199; baseline 0.002 -18"><span class='ocrx_word' id='word_1_278' title='bbox 183 2145 283 2182; x_wconf 76' lang='lat' dir='ltr'>haud</span> <span class='ocrx_word' id='word_1_279' title='bbox 304 2146 423 2185; x_wconf 82' lang='lat' dir='ltr'>dubie</span> <span class='ocrx_word' id='word_1_280' title='bbox 444 2148 500 2185; x_wconf 88' lang='lat' dir='ltr'>vel</span> <span class='ocrx_word' id='word_1_281' title='bbox 526 2147 724 2199; x_wconf 82' lang='lat' dir='ltr'>probaturi</span> <span class='ocrx_word' id='word_1_282' title='bbox 745 2149 806 2186; x_wconf 86' lang='lat' dir='ltr'>vel</span> <span class='ocrx_word' id='word_1_283' title='bbox 828 2161 941 2199; x_wconf 83' lang='lat' dir='ltr'>aequo</span> <span class='ocrx_word' id='word_1_284' title='bbox 961 2150 1088 2187; x_wconf 84' lang='lat' dir='ltr'>animo</span> <span class='ocrx_word' id='word_1_285' title='bbox 1110 2137 1224 2187; x_wconf 74' lang='lat' dir='ltr'>laturi</span> <span class='ocrx_word' id='word_1_286' title='bbox 1244 2148 1421 2193; x_wconf 83' lang='lat' dir='ltr'>fuissent,</span> <span class='ocrx_word' id='word_1_287' title='bbox 1441 2147 1510 2185; x_wconf 85' lang='lat' dir='ltr'>etsi</span> <span class='ocrx_word' id='word_1_288' title='bbox 1525 2146 1646 2185; x_wconf 80' lang='lat' dir='ltr'>eadem</span> 
     </span>
     <span class='ocr_line' id='line_1_32' title="bbox 182 2209 1640 2260; baseline 0.003 -15"><span class='ocrx_word' id='word_1_289' title='bbox 182 2218 311 2259; x_wconf 78' lang='lat' dir='ltr'>postea</span> <span class='ocrx_word' id='word_1_290' title='bbox 339 2209 426 2260; x_wconf 82' lang='lat' dir='ltr'>jure</span> <span class='ocrx_word' id='word_1_291' title='bbox 445 2211 623 2250; x_wconf 83' lang='lat' dir='ltr'>derelicta</span> <span class='ocrx_word' id='word_1_292' title='bbox 649 2221 757 2259; x_wconf 85' lang='lat' dir='ltr'>sunt,</span> <span class='ocrx_word' id='word_1_293' title='bbox 790 2221 828 2251; x_wconf 91' lang='lat' dir='ltr'>et</span> <span class='ocrx_word' id='word_1_294' title='bbox 854 2226 956 2250; x_wconf 89' lang='lat' dir='ltr'>nunc</span> <span class='ocrx_word' id='word_1_295' title='bbox 987 2213 1158 2250; x_wconf 86' lang='lat' dir='ltr'>omnium</span> <span class='ocrx_word' id='word_1_296' title='bbox 1186 2212 1430 2250; x_wconf 80' lang='lat' dir='ltr'>ecclesiarum</span> <span class='ocrx_word' id='word_1_297' title='bbox 1459 2224 1640 2250; x_wconf 87' lang='lat' dir='ltr'>consensu</span> 
     </span>
     <span class='ocr_line' id='line_1_33' title="bbox 183 2275 1125 2326; baseline 0.005 -14"><span class='ocrx_word' id='word_1_298' title='bbox 183 2275 405 2326; x_wconf 77' lang='lat' dir='ltr'>rejiciuntur</span> <span class='ocrx_word' id='word_1_299' title='bbox 424 2292 434 2315; x_wconf 89' lang='lat'>:</span> <span class='ocrx_word' id='word_1_300' title='bbox 453 2278 518 2316; x_wconf 84' lang='lat' dir='ltr'>sed</span> <span class='ocrx_word' id='word_1_301' title='bbox 536 2279 583 2317; x_wconf 86' lang='lat' dir='ltr'>dc</span> <span class='ocrx_word' id='word_1_302' title='bbox 603 2277 661 2317; x_wconf 88' lang='lat' dir='ltr'>his</span> <span class='ocrx_word' id='word_1_303' title='bbox 680 2279 837 2316; x_wconf 90' lang='lat' dir='ltr'>omuino</span> <span class='ocrx_word' id='word_1_304' title='bbox 859 2279 928 2317; x_wconf 79' lang='lat' dir='ltr'>cfr.</span> <span class='ocrx_word' id='word_1_305' title='bbox 950 2278 1041 2317; x_wconf 86' lang='lat' dir='ltr'>Exc.</span> <span class='ocrx_word' id='word_1_306' title='bbox 1060 2279 1125 2317; x_wconf 88' lang='lat' dir='ltr'>VI.</span> 
     </span>
    </p>
   </div>
   <div class='ocr_carea' id='block_1_4' title="bbox 532 2489 1266 2538">
    <p class='ocr_par' dir='ltr' id='par_1_5' title="bbox 532 2489 1266 2538">
     <span class='ocr_line' id='line_1_34' title="bbox 532 2489 1266 2538; baseline -0.001 -9"><span class='ocrx_word' id='word_1_307' title='bbox 532 2490 642 2529; x_wconf 71' lang='lat' dir='ltr'><strong>CAP.</strong></span> <span class='ocrx_word' id='word_1_308' title='bbox 673 2490 736 2529; x_wconf 90' lang='grc' dir='ltr'>ΙΙΙ.</span> <span class='ocrx_word' id='word_1_309' title='bbox 777 2493 836 2528; x_wconf 86' lang='lat' dir='ltr'>De</span> <span class='ocrx_word' id='word_1_310' title='bbox 864 2492 1047 2528; x_wconf 75' lang='lat' dir='ltr'>Prooemio</span> <span class='ocrx_word' id='word_1_311' title='bbox 1076 2489 1266 2538; x_wconf 77' lang='lat' dir='ltr'>Sibyllino.</span> 
     </span>
    </p>
   </div>
   <div class='ocr_carea' id='block_1_5' title="bbox 175 2591 1638 3030">
    <p class='ocr_par' dir='ltr' id='par_1_6' title="bbox 175 2591 1638 3030">
     <span class='ocr_line' id='line_1_35' title="bbox 233 2591 1638 2645; baseline -0.001 -14"><span class='ocrx_word' id='word_1_312' title='bbox 233 2591 424 2631; x_wconf 84' lang='lat' dir='ltr'>Prodeant</span> <span class='ocrx_word' id='word_1_313' title='bbox 443 2606 546 2631; x_wconf 87' lang='lat' dir='ltr'>nunc</span> <span class='ocrx_word' id='word_1_314' title='bbox 572 2600 659 2645; x_wconf 89' lang='lat' dir='ltr'>post</span> <span class='ocrx_word' id='word_1_315' title='bbox 688 2603 865 2645; x_wconf 84' lang='lat' dir='ltr'>quartum</span> <span class='ocrx_word' id='word_1_316' title='bbox 889 2592 1028 2631; x_wconf 89' lang='lat' dir='ltr'>librum</span> <span class='ocrx_word' id='word_1_317' title='bbox 1057 2592 1184 2631; x_wconf 87' lang='lat' dir='ltr'>statim</span> <span class='ocrx_word' id='word_1_318' title='bbox 1205 2591 1232 2630; x_wconf 86' lang='lat' dir='ltr'>ii</span> <span class='ocrx_word' id='word_1_319' title='bbox 1260 2592 1347 2630; x_wconf 83' lang='lat' dir='ltr'>libri</span> <span class='ocrx_word' id='word_1_320' title='bbox 1374 2605 1439 2631; x_wconf 68' lang='lat' dir='ltr'>eeu</span> <span class='ocrx_word' id='word_1_321' title='bbox 1460 2593 1638 2632; x_wconf 87' lang='lat' dir='ltr'>librorum</span> 
     </span>
     <span class='ocr_line' id='line_1_36' title="bbox 179 2656 1637 2709; baseline 0 -14"><span class='ocrx_word' id='word_1_322' title='bbox 179 2670 234 2695; x_wconf 78' lang='lat' dir='ltr'>eae</span> <span class='ocrx_word' id='word_1_323' title='bbox 256 2665 383 2708; x_wconf 80' lang='lat' dir='ltr'>partes</span> <span class='ocrx_word' id='word_1_324' title='bbox 407 2670 490 2707; x_wconf 84' lang='lat' dir='ltr'>quae</span> <span class='ocrx_word' id='word_1_325' title='bbox 507 2671 582 2695; x_wconf 87' lang='lat' dir='ltr'>non</span> <span class='ocrx_word' id='word_1_326' title='bbox 606 2657 760 2709; x_wconf 88' lang='lat' dir='ltr'>quidem</span> <span class='ocrx_word' id='word_1_327' title='bbox 796 2666 884 2697; x_wconf 82' lang='lat' dir='ltr'>ante</span> <span class='ocrx_word' id='word_1_328' title='bbox 912 2656 1069 2696; x_wconf 85' lang='lat' dir='ltr'>secundi</span> <span class='ocrx_word' id='word_1_329' title='bbox 1095 2656 1222 2695; x_wconf 84' lang='lat' dir='ltr'>saeculi</span> <span class='ocrx_word' id='word_1_330' title='bbox 1254 2657 1399 2696; x_wconf 85' lang='lat' dir='ltr'>medios</span> <span class='ocrx_word' id='word_1_331' title='bbox 1420 2670 1559 2706; x_wconf 82' lang='lat' dir='ltr'>annos,</span> <span class='ocrx_word' id='word_1_332' title='bbox 1577 2656 1637 2695; x_wconf 81' lang='lat' dir='ltr'>sed</span> 
     </span>
     <span class='ocr_line' id='line_1_37' title="bbox 176 2720 1638 2773; baseline -0.001 -14"><span class='ocrx_word' id='word_1_333' title='bbox 176 2720 280 2772; x_wconf 79' lang='lat' dir='ltr'>apud</span> <span class='ocrx_word' id='word_1_334' title='bbox 295 2721 491 2760; x_wconf 66' lang='lat' dir='ltr'>,Iustinum</span> <span class='ocrx_word' id='word_1_335' title='bbox 517 2730 638 2769; x_wconf 84' lang='lat' dir='ltr'>certe,</span> <span class='ocrx_word' id='word_1_336' title='bbox 661 2722 761 2760; x_wconf 81' lang='lat' dir='ltr'>illius</span> <span class='ocrx_word' id='word_1_337' title='bbox 791 2723 860 2760; x_wconf 82' lang='lat' dir='ltr'>aevi</span> <span class='ocrx_word' id='word_1_338' title='bbox 881 2723 1106 2773; x_wconf 78' lang='lat' dir='ltr'>scriptorem</span> <span class='ocrx_word' id='word_1_339' title='bbox 1120 2750 1130 2768; x_wconf 85' lang='lat'>‚</span> <span class='ocrx_word' id='word_1_340' title='bbox 1150 2721 1254 2760; x_wconf 81' lang='lat' dir='ltr'>citati</span> <span class='ocrx_word' id='word_1_341' title='bbox 1275 2722 1532 2772; x_wconf 77' lang='lat' dir='ltr'>reperiuntur.</span> <span class='ocrx_word' id='word_1_342' title='bbox 1553 2722 1638 2761; x_wconf 78' lang='lat' dir='ltr'>Tale</span> 
     </span>
     <span class='ocr_line' id='line_1_38' title="bbox 177 2785 1636 2838; baseline 0 -14"><span class='ocrx_word' id='word_1_343' title='bbox 177 2794 235 2824; x_wconf 85' lang='lat' dir='ltr'>est</span> <span class='ocrx_word' id='word_1_344' title='bbox 254 2785 496 2836; x_wconf 86' lang='lat' dir='ltr'>Sibyllinum,</span> <span class='ocrx_word' id='word_1_345' title='bbox 512 2786 614 2836; x_wconf 86' lang='lat' dir='ltr'>quod</span> <span class='ocrx_word' id='word_1_346' title='bbox 633 2788 747 2838; x_wconf 75' lang='lat' dir='ltr'>vulgo</span> <span class='ocrx_word' id='word_1_347' title='bbox 766 2787 918 2834; x_wconf 80' lang='lat' dir='ltr'>(licitur,</span> <span class='ocrx_word' id='word_1_348' title='bbox 934 2786 1180 2834; x_wconf 82' lang='lat' dir='ltr'>Prooemium,</span> <span class='ocrx_word' id='word_1_349' title='bbox 1200 2794 1238 2824; x_wconf 88' lang='lat' dir='ltr'>et</span> <span class='ocrx_word' id='word_1_350' title='bbox 1259 2786 1340 2824; x_wconf 83' lang='lat' dir='ltr'>tulis</span> <span class='ocrx_word' id='word_1_351' title='bbox 1358 2786 1431 2825; x_wconf 84' lang='lat' dir='ltr'>erit</span> <span class='ocrx_word' id='word_1_352' title='bbox 1450 2786 1538 2825; x_wconf 87' lang='lat' dir='ltr'>libri</span> <span class='ocrx_word' id='word_1_353' title='bbox 1555 2786 1636 2825; x_wconf 88' lang='lat' dir='ltr'>VIII</span> 
     </span>
     <span class='ocr_line' id='line_1_39' title="bbox 175 2848 1636 2903; baseline 0 -16"><span class='ocrx_word' id='word_1_354' title='bbox 175 2862 263 2900; x_wconf 84' lang='lat' dir='ltr'>pars</span> <span class='ocrx_word' id='word_1_355' title='bbox 282 2848 459 2889; x_wconf 86' lang='lat' dir='ltr'>secunda.</span> <span class='ocrx_word' id='word_1_356' title='bbox 483 2849 556 2888; x_wconf 85' lang='lat' dir='ltr'>Sed</span> <span class='ocrx_word' id='word_1_357' title='bbox 577 2864 597 2887; x_wconf 76' lang='lat' dir='ltr'>u</span> <span class='ocrx_word' id='word_1_358' title='bbox 617 2850 811 2889; x_wconf 85' lang='lat' dir='ltr'>Prooemio</span> <span class='ocrx_word' id='word_1_359' title='bbox 845 2851 1103 2903; x_wconf 79' lang='lat' dir='ltr'>incipiendum</span> <span class='ocrx_word' id='word_1_360' title='bbox 1132 2851 1189 2888; x_wconf 81' lang='lat' dir='ltr'>ch</span> <span class='ocrx_word' id='word_1_361' title='bbox 1223 2851 1343 2903; x_wconf 89' lang='lat' dir='ltr'>ipsius</span> <span class='ocrx_word' id='word_1_362' title='bbox 1366 2851 1582 2903; x_wconf 85' lang='lat' dir='ltr'>titulijure,</span> <span class='ocrx_word' id='word_1_363' title='bbox 1603 2859 1636 2888; x_wconf 90' lang='lat' dir='ltr'>ct</span> 
     </span>
     <span class='ocr_line' id='line_1_40' title="bbox 179 2912 1631 2968; baseline 0.001 -18"><span class='ocrx_word' id='word_1_364' title='bbox 179 2912 282 2964; x_wconf 91' lang='lat' dir='ltr'>quod</span> <span class='ocrx_word' id='word_1_365' title='bbox 309 2912 427 2961; x_wconf 87' lang='lat' dir='ltr'>illud,</span> <span class='ocrx_word' id='word_1_366' title='bbox 447 2913 484 2951; x_wconf 90' lang='lat' dir='ltr'>in</span> <span class='ocrx_word' id='word_1_367' title='bbox 502 2914 693 2952; x_wconf 86' lang='lat' dir='ltr'>nonnullis</span> <span class='ocrx_word' id='word_1_368' title='bbox 710 2914 798 2952; x_wconf 88' lang='lat' dir='ltr'>olim</span> <span class='ocrx_word' id='word_1_369' title='bbox 828 2914 1122 2966; x_wconf 82' lang='lat' dir='ltr'>exemplaribus,</span> <span class='ocrx_word' id='word_1_370' title='bbox 1143 2916 1247 2954; x_wconf 87' lang='lat' dir='ltr'>tertii</span> <span class='ocrx_word' id='word_1_371' title='bbox 1270 2915 1358 2954; x_wconf 86' lang='lat' dir='ltr'>libri</span> <span class='ocrx_word' id='word_1_372' title='bbox 1376 2916 1548 2968; x_wconf 79' lang='lat' dir='ltr'>partibus</span> <span class='ocrx_word' id='word_1_373' title='bbox 1567 2928 1631 2952; x_wconf 88' lang='lat' dir='ltr'>nn-</span> 
     </span>
     <span class='ocr_line' id='line_1_41' title="bbox 180 2977 1631 3030; baseline 0.001 -16"><span class='ocrx_word' id='word_1_374' title='bbox 180 2978 397 3028; x_wconf 74' lang='lat' dir='ltr'>tiquissimis</span> <span class='ocrx_word' id='word_1_375' title='bbox 425 2977 495 3015; x_wconf 85' lang='lat' dir='ltr'>sub</span> <span class='ocrx_word' id='word_1_376' title='bbox 512 2979 701 3017; x_wconf 89' lang='lat' dir='ltr'>communi</span> <span class='ocrx_word' id='word_1_377' title='bbox 724 2979 928 3029; x_wconf 77' lang='lat' dir='ltr'>Erythraeae</span> <span class='ocrx_word' id='word_1_378' title='bbox 951 2979 1106 3029; x_wconf 72' lang='lat' dir='ltr'>Sibylla».</span> <span class='ocrx_word' id='word_1_379' title='bbox 1123 2980 1274 3018; x_wconf 87' lang='lat' dir='ltr'>nomine</span> <span class='ocrx_word' id='word_1_380' title='bbox 1305 2979 1499 3030; x_wconf 82' lang='lat' dir='ltr'>praeflxum</span> <span class='ocrx_word' id='word_1_381' title='bbox 1523 2979 1631 3017; x_wconf 82' lang='lat' dir='ltr'>fuisse</span> 
     </span>
    </p>
   </div>
  </div>
 </body>
</html>
