1752 3495
140 184 199 230 32
239 152 245 158 ’
498 182 576 226 An
609 183 954 229 smYLLiNos
988 182 1199 226 [annos

137 279 230 331 quid
265 278 316 318 de
346 279 445 317 illius
487 277 642 330 Sibyllae
671 278 780 318 astate
813 281 970 319 senserit
999 279 1194 330 Phlegon,
1230 277 1362 316 auctor
1399 281 1596 331 ceteroqui

137 345 271 383 doctus
291 343 407 394 magis
434 356 549 394 quam
577 343 743 382 criticus.
772 343 937 383 Additur
961 344 998 382 in
1025 342 1214 394 Apollinis
1235 341 1421 392 Gergitliii
1455 342 1598 394 templo

135 408 350 460 sepulcrum
371 407 573 446 monstrari
592 408 764 459 Sibyllae,
783 408 818 445 ἐν
838 409 887 459 τῷ
906 409 988 460 ἱερῷ
1011 409 1070 445 τοῦ
1091 405 1267 459 Γεργιθίου
1290 405 1514 451 Ἀπόλλωνος·
1531 407 1596 445 sed

135 485 314 511 veremur
344 484 392 510 ne
419 472 584 510 confusis
612 484 810 523 perperam
845 471 939 509 locis
967 485 1010 510 ac
1047 469 1267 508 nominibus
1300 469 1496 520 sepultura
1533 472 1597 509 illa

134 535 266 574 eadem
297 535 344 573 sit
371 548 482 586 quam
514 548 534 572 a
560 534 744 573 Pausania
781 542 874 572 teste
903 535 1053 573 oculato
1085 534 1317 585 ‹le-signatam
1355 534 1520 572 vidimus
1558 535 1597 572 in

135 599 324 651 Apollinis
339 599 527 638 Smintliei
548 598 635 635 luco
649 626 660 645 ,
680 598 714 635 ἐν
735 598 784 650 τῷ
805 596 904 636 ἄλσει
921 601 982 637 τοῦ
1000 597 1190 648 Σμινθέως.

187 664 483 715 Hellespontiam
500 663 621 700 Varro
641 669 752 700 vocat
770 661 871 712 apud
892 661 1143 710 Lactantium,
1163 663 1236 702 loc.
1255 663 1340 711 cit.,
1358 657 1614 700 Heraclidem'

135 737 287 767 secutus
309 737 522 773 auctorem,
544 734 581 763 et
598 725 706 775 jure,
727 725 815 775 quia
835 726 958 763 omnis
985 727 1048 764 illa
1069 727 1197 778 regio,
1225 722 1301 777 qua
1326 726 1446 764 Troas
1470 725 1596 763 inclu-

135 793 252 841 ditur,
273 792 480 842 antiquitus
509 798 546 827 et
573 789 673 840 apud
703 790 908 827 Homerum
935 790 1111 841 Phrygiae
1139 804 1307 838 annexa,
1336 789 1437 842 apud
1466 803 1597 828 recen-

133 858 248 896 tiores
265 869 363 907 saepe
377 854 541 905 Phrygia
556 853 602 891 ad
624 853 908 905 Hellespontum
931 853 1006 891 dici
1026 854 1134 892 solet.

185 921 387 971 Phrygiam
424 919 539 970 igitur
573 926 673 955 recte
709 931 864 968 quoqne
894 930 977 956 eam
1010 918 1206 956 mulierem
1238 917 1389 956 vocavit
1421 917 1597 956 Clemens

134 983 432 1028 Alexandrinus,
462 996 507 1020 ex
540 983 675 1020 eodem
697 982 922 1022 Heraclide:
953 992 1053 1020 recte
1082 983 1143 1020 ille
1168 982 1346 1033 quidem,
1375 982 1441 1020 sed
1473 982 1595 1020 ambi-

131 1062 221 1100 gue,
253 1047 435 1098 quoniam
459 1047 549 1084 alias
568 1047 755 1098 Phrygias
782 1047 947 1097 Sibyllas
971 1047 1142 1085 videmus
1170 1046 1219 1085 ab
1247 1046 1468 1085 auctoribus
1497 1046 1597 1083 ‹lesi-

131 1111 259 1164 gnari3
274 1123 435 1161 quarum
448 1110 572 1162 primo
587 1112 671 1149 loco
689 1111 866 1163 ponenda
880 1112 1130 1151 estVarronis
1145 1114 1356 1162 Ancyrana,
1369 1110 1598 1149 recensentis

130 1175 234 1228 apud
254 1175 376 1222 Lact„
405 1175 475 1212 loc.
503 1188 603 1225 saepe
624 1176 742 1224 laud.‚
768 1189 938 1214 «nonam
967 1176 1171 1228 Phrygiam
1204 1189 1290 1227 quae
1326 1175 1526 1214 vaticinata
1551 1175 1599 1212 sit

133 1258 148 1274 «
169 1243 372 1290 Ancyrae,=›
399 1238 465 1276 ubi
485 1247 609 1277 tamen
637 1240 804 1278 auctoris
832 1254 970 1278 nomen
992 1241 1050 1278 vel
1072 1254 1093 1278 a
1121 1241 1290 1278 Varrone
1322 1254 1398 1277 non
1425 1240 1598 1278 additum

130 1305 189 1343 vel
216 1318 236 1342 a
263 1303 460 1342 Lactantio
495 1317 740 1355 suppressum
767 1313 837 1345 est.
874 1306 930 1343 De
957 1318 1031 1355 qua
1059 1304 1204 1355 Sibylla
1234 1318 1351 1355 quum
1383 1305 1478 1342 nihil
1506 1305 1598 1343 certi

131 1381 290 1420 usquam
312 1367 499 1415 tradatur,
512 1381 579 1406 nos
601 1382 757 1419 quoque
777 1368 869 1406 nihil
889 1367 1069 1407 habemus
1084 1368 1311 1420 notandum,
1330 1368 1403 1407 nisi
1422 1370 1599 1419 Ancyra-

130 1447 213 1480 nos,
231 1432 375 1472 'l'roadi
396 1432 563 1480 vicinos,
586 1433 743 1470 fortasse
771 1442 918 1483 partem
946 1433 1048 1485 ipsos
1072 1445 1225 1484 quoque
1247 1433 1498 1484 'frojanarum
1521 1441 1598 1469 tra-

129 1498 318 1535 ditionum
340 1495 414 1534 sibi
439 1496 636 1534 vindicare
657 1497 845 1548 voluisse3
877 1511 1000 1536 nonus
1028 1506 1150 1536 tamen
1178 1497 1284 1535 locus
1315 1498 1369 1535 illi
1397 1497 1551 1548 Sibyllae
1576 1510 1597 1534 a

129 1564 298 1600 Varrone
317 1561 527 1612 assignatus
546 1561 734 1599 diversam
756 1575 838 1599 eam
859 1576 881 1600 a
899 1562 1118 1600 Mermessia
1137 1562 1324 1613 longeque
1342 1562 1596 1599 recentiorem

128 1627 252 1665 facere
280 1626 439 1664 videtur.
474 1625 617 1664 Eadem
655 1626 816 1664 sortasse
847 1627 985 1674 suerit,
1015 1626 1064 1663 «le
1091 1640 1165 1677 qua
1198 1626 1334 1664 Suidas
1366 1635 1402 1664 et
1430 1639 1514 1663 cum
1551 1639 1597 1663 eo

131 1691 301 1730 Eudocia
319 1703 329 1729 :
346 1689 507 1728 Σίὸυλλα
527 1689 669 1743 Φρυγία
687 1693 709 1737 ἡ
735 1691 904 1737 κληθεῖσα
924 1689 990 1729 ὑπό
1008 1706 1108 1728 τινων
1126 1689 1274 1741 Σάρδις,
1293 1690 1359 1727 ubi
1379 1703 1450 1741 pro
1465 1688 1596 1742 Σάρδις

127 1755 250 1794 codex
269 1768 366 1792 unus
386 1753 536 1807 Σαρύσις
552 1754 664 1792 habet
682 1770 690 1793 :
715 1763 920 1806 utrumque
937 1763 1041 1792 certe
1060 1754 1265 1792 barbarum
1293 1750 1431 1792 nomen
1451 1762 1488 1791 et
1512 1754 1595 1791 sor-

128 1829 224 1858 tasse
241 1819 467 1871 Phrygium,
489 1819 560 1856 nisi
580 1818 650 1856 sub
672 1824 834 1869 utroque
855 1819 1040 1856 delitescit
1060 1819 1247 1857 Chaldaeae
1276 1818 1432 1869 Sibyllae
1459 1832 1596 1856 nomen

127 1882 274 1929 2:46625,
290 1883 338 1920 de
354 1895 431 1933 quo
453 1882 565 1933 plura
582 1895 651 1920 nos
666 1883 782 1928 infra,
798 1897 883 1935 cap.
906 1890 968 1929 14.
989 1883 1065 1922 Sed
1081 1897 1198 1935 quum
1215 1884 1351 1923 Suidas
1371 1892 1408 1921 et
1426 1882 1597 1922 Eudocia

127 1949 254 1986 statim
283 1947 424 1986 addant
447 1947 696 1985 Cassandram
726 1947 898 1986 eamdem
927 1962 996 1986 seu
1011 1948 1299 1987 Taraxantlram
1324 1962 1345 1986 a
1371 1948 1596 2000 quibusdam

128 2013 276 2058 vocari,
295 2012 506 2050 cavendum
524 2025 571 2050 ne
602 2026 676 2063 qua
712 2012 766 2051 ibi
795 2012 919 2051 subsit
946 2013 1144 2051 nominum
1174 2023 1213 2051 et
1245 2027 1372 2052 rerum
1402 2013 1598 2060 confusio,

128 2078 278 2129 qualem
295 2076 512 2114 notavimus
532 2076 648 2129 paulo
667 2084 772 2124 ante,
789 2090 877 2128 pag.
901 2090 962 2128 29.

181 2140 386 2192 Trojanam
407 2154 513 2188 vero,
528 2154 606 2178 non
618 2140 695 2192 jam
714 2141 1010 2191 llellespontiam
1027 2149 1092 2179 aut
1107 2141 1326 2193 Phrygiam,
1341 2150 1452 2180 vocat
1468 2151 1597 2193 aperte

127 2198 338 2247 Martianus
353 2206 523 2255 Capella,
542 2206 613 2245 loc.
633 2219 748 2256 supra
763 2206 845 2254 cit.,
863 2206 1034 2245 eamdem
1053 2202 1262 2258 quaenobis
1276 2208 1493 2246 Mermessia
1511 2216 1567 2246 est
1584 2220 1594 2248 ε

124 2291 140 2308 n
159 2271 378 2324 Erophilam
404 2270 661 2323 Trojanamm
691 2271 838 2321 inquit,
870 2271 1103 2310 «Marmensi
1136 2271 1305 2318 filiam,»
1327 2272 1394 2310 ubi
1417 2281 1597 2323 corrupta

125 2338 280 2390 quidem
300 2337 452 2385 omnia,
470 2337 569 2375 clara
587 2345 712 2375 tamen
730 2345 767 2375 et
786 2337 998 2389 manifesta,
1016 2338 1047 2376 si
1064 2338 1186 2390 legas:
1203 2356 1219 2373 a
1238 2338 1486 2389 Herophilam
1506 2338 1599 2376 Tro-

129 2423 143 2438 ·
159 2403 288 2455 janam
308 2402 500 2440 Mermessi
529 2401 657 2441 filiam.
678 2419 693 2436 υ
717 2402 876 2440 Videtur
905 2403 1005 2440 enim
1027 2403 1254 2451 Martianus,
1278 2403 1334 2440 uti
1360 2416 1475 2454 supra
1495 2402 1596 2440 dixi-

127 2481 223 2517 mus,
247 2480 287 2519 p.
309 2472 378 2514 24,
397 2479 474 2503 non
502 2469 750 2504 Mermessum
770 2466 925 2518 urbem,
943 2467 1008 2505 sed
1030 2467 1246 2518 Nympliam
1262 2467 1426 2518 aliquam
1448 2468 1597 2505 intelle-

125 2533 242 2580 xisse,
280 2545 363 2582 quae
396 2531 593 2569 Mermessi
616 2530 826 2578 coleretur,
849 2531 920 2569 sub
943 2531 1078 2570 eodem
1108 2532 1268 2570 sortasse
1288 2545 1365 2583 quo
1396 2531 1487 2570 urbs
1512 2532 1594 2583 ipsa

126 2596 292 2636 numine.
329 2596 382 2634 A‘c
401 2595 762 2647 'frojanae.quidein
788 2610 1001 2648 cognomen
1021 2598 1058 2634 in
1077 2597 1296 2636 Mermessia
1322 2598 1466 2648 Sibylla
1489 2598 1596 2635 facile

125 2661 238 2700 nobis
267 2660 451 2711 placeret,
483 2661 647 2711 primum
675 2661 779 2711 quod
814 2663 1042 2700 Mermessus
1076 2662 1113 2699 in
1141 2663 1293 2701 Troade
1328 2664 1418 2710 snit3
1457 2662 1595 2700 deinde

127 2726 230 2778 quod
265 2724 448 2775 Sibyllam
470 2725 720 2775 Erythraeam,
742 2739 825 2777 quae
852 2727 977 2764 verius
995 2726 1210 2765 Mei-messia
1232 2736 1310 2775 est,
1333 2727 1510 2778 Trojanis
1533 2741 1589 2765 re-

125 2792 197 2830 bus
217 2790 430 2828 interfuisse
459 2802 480 2827 a
499 2790 624 2827 multis
646 2789 825 2828 traditum
847 2792 1001 2832 scimus.
1023 2791 1094 2829 Sed
1118 2793 1250 2830 melius
1269 2793 1476 2829 convenire
1494 2792 1595 2830 vide·

127 2867 188 2894 tur
215 2855 420 2906 appellatio
454 2854 533 2892 lia-c·
567 2855 772 2904 antiquiori
808 2856 957 2894 cuidam
989 2855 1160 2907 Sibyllae,
1191 2858 1296 2907 cujus
1330 2857 1502 2895 meminit
1522 2860 1594 2895 ΛΓ-
