1752 3495
687 197 996 242 excusssus
1031 197 1069 241 ις
1208 199 1212 204 ’
1551 195 1603 241 01

151 307 323 350 quuntur
350 294 451 347 apud
471 300 630 344 poetam·
641 291 688 329 ‹le
708 291 861 342 Sibyllae
877 292 922 329 ad
941 292 1094 330 AEneam
1116 292 1326 344 responsis,
1344 305 1392 330 ec
1411 290 1458 329 tle
1477 292 1614 330 utrius·

152 375 226 413 que
254 357 557 413 peregrinatione
576 368 645 406 per
671 356 835 402 inferos,
854 355 1035 405 quoniam
1054 355 1101 392 ad
1123 356 1330 406 pleniorem
1344 355 1498 407 Sibyllae
1515 355 1614 392 noti.

152 427 240 463 tiam
260 424 352 462 nihil
373 420 514 459 addere
534 427 714 471 possunt,
740 432 897 469 prorsus
916 413 1124 462 omittenda
1144 432 1350 458 censemus.

151 671 258 709 CM).
281 666 385 706 Vlll.
407 667 464 702 De
478 664 831 715 pseudo-Cumana,
858 666 899 700 dd
916 672 984 709 est,
1010 665 1179 702 Cumana
1202 665 1394 710 Varronis,
1417 677 1479 702 seu
1491 670 1616 714 potius

512 732 681 767 Romana
713 732 778 765 vel
812 731 1069 778 Tarquiniana
1086 727 1248 777 SfflyHu,

203 854 250 891 Et
276 852 354 903 jam
380 852 537 889 sortasse
567 850 753 888 disserere
780 857 929 906 tempus
957 858 1054 887 esset
1081 848 1128 887 de
1157 849 1273 887 altera
1305 848 1469 900 Sibylla,
1501 863 1615 900 quam

150 919 269 956 Varro
294 925 331 954 et
360 916 427 967 qui
446 928 533 953 eum
549 915 672 953 secuti
691 923 800 962 sunt,
822 915 1033 952 Cumanam
1051 922 1212 957 vocant,
1233 927 1255 951 a
1275 913 1475 953 Cimmeria
1494 913 1617 951 diver·

149 995 241 1030 sam,
259 993 329 1017 nos
355 979 725 1030 pseudo-Cumanam
755 991 818 1015 seu
855 979 1062 1016 Romanam
1082 978 1209 1015 dicere
1230 978 1428 1015 malumus.
1448 977 1545 1015 Sunt
1570 977 1618 1016 (le

149 1060 190 1084 ea
210 1044 313 1096 apud
341 1044 582 1082 Lactantium
599 1072 608 1090 ‚
634 1043 718 1080 loco
748 1055 846 1093 saepe
872 1042 955 1087 cit.‚
973 1042 1155 1079 Varronis
1181 1042 1260 1079 haec
1283 1041 1397 1079 verba
1424 1056 1466 1079 :u
1483 1043 1616 1080 Cuma-

149 1126 163 1140 «
194 1120 296 1154 nam,
316 1106 470 1143 nomine
493 1105 752 1153 Amaltheam,
782 1118 865 1155 quae
884 1105 931 1142 ab
957 1105 1040 1142 aliis
1071 1105 1297 1156 Demophile
1327 1105 1384 1143 vel
1410 1105 1617 1157 ileropliile

150 1189 163 1204 ιι
186 1170 427 1219 nominatur3
465 1184 625 1221 eamque
662 1183 800 1207 novem
837 1169 953 1207 libros
998 1170 1169 1207 attulisse
1205 1169 1252 1207 ad
1285 1183 1411 1220 regem
1450 1171 1620 1220 Tarqui-

148 1253 163 1269 ι(
184 1235 290 1273 nium
303 1264 313 1282 ,
330 1244 402 1274 etc.
415 1252 430 1269 υ
451 1236 554 1273 lllam
574 1248 711 1285 nempe
730 1233 927 1272 mulierem
958 1234 1134 1285 intelligit
1160 1248 1243 1285 quae
1263 1248 1310 1272 ex
1328 1235 1526 1272 annalibus
1542 1235 1618 1273 Ro-

150 1313 349 1337 manorum
370 1299 565 1337 notissima
591 1307 667 1348 est,
687 1311 770 1348 quae
790 1299 1034 1336 oraculorum
1054 1298 1197 1345 libros,
1217 1307 1348 1350 postea
1368 1300 1405 1336 in
1426 1299 1619 1350 Capitolio

148 1365 447 1412 consecrandos,
471 1364 684 1414 Tarquinio
701 1363 878 1414 Superbo
904 1363 1017 1415 (non,
1041 1372 1082 1401 ut
1102 1365 1222 1400 Varro
1242 1378 1326 1401 cum
1343 1363 1445 1410 aliis,
1467 1364 1617 1414 Prisco)

147 1429 337 1468 vendidit.
360 1430 433 1468 Sed
455 1429 556 1467 illam
587 1429 783 1466 mulierem
806 1428 949 1465 nullam
974 1441 1145 1478 unquam
1179 1428 1293 1466 fuisse
1308 1457 1318 1475 ,
1348 1441 1450 1466 mera
1472 1428 1618 1479 quippe

148 1494 348 1544 Tarquinii
371 1493 504 1531 fraude
526 1494 801 1543 excogitatam,
825 1493 884 1530 vel
907 1493 936 1529 si
961 1506 1036 1543 qua
1069 1493 1159 1539 fuit,
1187 1493 1432 1530 oraculorum
1452 1492 1619 1543 pseudo-

147 1558 420 1609 Sibyllinorum
446 1557 695 1595 venditricem
724 1556 983 1607 peregrinam,
1013 1570 1089 1593 non
1116 1556 1299 1606 Sibyllam
1330 1556 1450 1607 ipsam
1480 1556 1616 1603 fuisse,

148 1637 191 1661 ac
210 1623 330 1660 serius
350 1622 505 1672 Sibyllae
524 1635 662 1659 nomen
681 1630 814 1658 contra
829 1621 1071 1658 historiarum
1091 1621 1201 1658 [idem
1222 1622 1434 1672 accepisse,
1456 1620 1621 1657 demon-

147 1687 354 1724 strabimus
374 1687 411 1724 in
430 1688 520 1725 Exc.
550 1686 622 1732 lll,
643 1699 760 1736 quare
791 1685 901 1736 plura
928 1685 975 1722 de
995 1698 1038 1721 ea
1060 1684 1164 1735 loqui
1193 1698 1294 1722 nunc
1312 1684 1617 1735 supersedemus.

147 1754 252 1790 Vana
282 1765 438 1802 quoque
465 1751 619 1788 nomina
644 1750 767 1787 eidem
794 1764 815 1787 a
838 1751 1032 1794 Varrone,
1066 1749 1150 1786 loco
1178 1762 1292 1803 supra
1317 1750 1407 1797 cit.,
1441 1749 1620 1800 imposita

148 1816 391 1862 docebimus,
422 1828 587 1866 quorum
616 1828 732 1851 unum
750 1844 759 1862 ,
786 1813 1006 1860 Amalthea,
1026 1814 1223 1864 proprium
1246 1814 1317 1850 suit
1338 1814 1539 1863 Epiroticae
1553 1815 1618 1853 Si-

148 1880 282 1931 byllae3
307 1881 472 1926 tertium,
495 1879 713 1930 llerophile,
735 1878 962 1928 Erythram),
982 1877 1164 1925 medium,
1199 1878 1440 1929 Demopltilc‚
1464 1891 1618 1929 prorsus

147 1944 319 1996 ignotum
334 1973 343 1991 ,
361 1944 432 1981 nisi
453 1957 498 1981 ex
516 1944 662 1980 incerto
674 1943 853 1980 Cumanae
870 1943 1037 1991 nomine,
1054 1943 1189 1991 Demo,
1204 1941 1407 1979 confictum
1421 1950 1489 1980 est.
1504 1943 1616 1989 Quod

148 2025 239 2049 vero
262 2011 498 2050 Amaltheam
527 2010 626 2047 hanc
657 2023 814 2060 quoque
843 2009 1024 2046 dixerunt
1048 2007 1238 2054 Tibullus,
1269 2008 1366 2046 liber
1385 2003 1549 2061 11‚‘elt·g.
1572 2010 1616 2056 5,

148 2090 181 2113 v.
206 2076 274 2123 67,
291 2084 327 2113 et
342 2076 495 2114 Servius
510 2074 556 2112 ad
574 2073 723 2112 AEne‘id.
739 2074 801 2119 vl,
818 2087 883 2123 72,
905 2082 942 2111 et
961 2072 1091 2124 Lydus
1107 2072 1152 2110 de
1169 2073 1288 2111 Mens.
1302 2102 1312 2119 ,
1328 2072 1396 2111 lib.
1416 2074 1479 2119 lv,
1498 2087 1535 2125 p.
1557 2088 1619 2121 70,

148 2140 207 2178 etl.
226 2142 369 2187 Romu„
391 2140 428 2177 id
448 2154 468 2177 e
483 2139 667 2176 Varronis
688 2138 760 2175 ss‹l‹=
788 2141 926 2175 sactum
947 2138 1089 2175 nemini
1109 2151 1184 2174 non
1203 2138 1329 2174 statim
1350 2147 1525 2188 apparet.
1544 2139 1619 2177 Nec

151 2215 273 2243 tamen
305 2206 373 2242 ista
403 2204 565 2242 omniaa
595 2204 768 2241 Varrone
795 2203 919 2254 primo
952 2203 1166 2253 excogitata
1202 2202 1328 2241 dicere
1361 2216 1526 2254 unquam
1546 2218 1619 2242 au-

149 2271 277 2308 simus.
316 2273 502 2308 Aut-tores
522 2269 695 2320 profecto
715 2281 805 2306 suos
824 2269 908 2318 ipse
926 2267 1063 2305 habuit
1078 2297 1087 2313 ‚
1114 2281 1177 2304 seu
1198 2267 1335 2304 latinos
1350 2295 1359 2312 ,
1379 2264 1443 2305 se‘u
1464 2282 1619 2319 graecos,

149 2335 213 2372 sed
233 2335 356 2371 minus
371 2347 520 2385 graves,
540 2328 636 2383 quos
664 2332 751 2370 ideo
783 2324 901 2369 citare
924 2332 1108 2382 neglexit3
1131 2332 1232 2381 iique
1251 2331 1335 2382 plus
1355 2332 1502 2382 vulgari
1522 2333 1619 2370 sarna

148 2412 192 2437 ac
225 2398 476 2450 popularibus
511 2398 736 2436 commentis
773 2410 886 2447 quam
921 2407 1093 2435 veterum
1132 2397 1362 2446 scriptorum
1397 2396 1620 2434 testimoniis

148 2463 320 2501 obsecuti
338 2471 455 2500 erant.
477 2465 569 2501 Post
583 2463 791 2499 Varronem
813 2475 887 2498 non
907 2461 1115 2509 convaluit,
1134 2475 1180 2497 ne
1193 2461 1286 2498 tanti
1302 2461 1456 2511 quidem
1474 2462 1545 2498 viri
1558 2462 1620 2510 J’u-

147 2530 249 2566 ‹licio
269 2529 380 2573 fulta,
401 2528 523 2565 inanis
540 2528 610 2564 ista
628 2526 1019 2577 atqueintolerabilis
1037 2526 1168 2576 opinio
1187 2540 1272 2576 quae
1301 2525 1483 2574 Sibyllam
1506 2539 1618 2564 unam

151 2602 236 2643 post
264 2601 320 2629 tot
341 2591 432 2629 alias
461 2592 546 2629 ideo
579 2591 753 2637 creabat,
776 2599 832 2637 ut,
854 2590 1075 2640 ceteroquin
1098 2590 1249 2641 ignota,
1273 2590 1387 2626 semel
1415 2589 1619 2640 aliquando

152 2658 278 2696 ltomae
293 2655 363 2693 sub
378 2656 483 2693 dium
501 2655 686 2706 prodiret,
703 2649 923 2692 me'rcaturae
940 2654 1125 2693 librorum
1144 2653 1323 2692 faciendae
1336 2667 1466 2698 causa;
1481 2654 1620 2692 deinde

148 2721 212 2758 vix
230 2729 386 2770 accepta
409 2720 571 2771 pecunia
586 2751 595 2769 ,
620 2720 816 2758 recederet
835 2729 946 2771 atque
968 2729 1232 2766 evanesceret,
1255 2721 1348 2758 nulli
1369 2720 1528 2772 posthac
1560 2721 1618 2757 vi-

150 2784 273 2822 denda
290 2784 542 2824 audiendave.
573 2785 751 2839 Virgilius
778 2798 870 2834 ergo
890 2785 1050 2822 Varroni
1068 2785 1104 2822 in
1137 2785 1208 2821 hac
1228 2797 1269 2822 re
1297 2798 1373 2821 non
1392 2792 1449 2821 est
1472 2784 1618 2833 astipu-

152 2849 266 2895 latus,
286 2850 349 2886 sed
374 2849 504 2886 fatales
522 2848 783 2887 Romanorum
807 2849 927 2886 libros
951 2863 971 2886 a
994 2851 1161 2888 Cumana
1181 2849 1334 2899 quidem
1357 2847 1499 2898 Sibylla
1521 2848 1616 2884 scri-
