1686 3500
524 346 534 353 ·
570 281 880 329 Excunsus
911 283 993 328 vi.
1344 260 1352 270 “
1427 272 1513 328 5οι·

46 386 186 429 quarto
217 378 330 430 plane
360 378 549 418 consentit
573 378 622 417 de
649 378 810 419 Neronis
843 379 882 418 in
912 364 1112 419 Parthiam*
1133 378 1220 430 suga
1248 392 1291 418 ac
1312 379 1359 418 de
1392 379 1523 417 futuro

45 443 127 492 ejus
150 442 297 492 reditu;
315 456 395 495 quo
410 457 482 482 nec
500 443 635 492 semel,
656 457 727 483 nec
747 444 827 493 bis,
847 444 911 483 sed
939 443 1078 495 saepius
1097 442 1264 482 animum
1287 442 1463 492 intendit,
1485 451 1523 480 et

47 507 201 558 quidem
219 508 346 546 statim
360 508 441 560 jam
463 507 511 547 ab
531 508 663 556 initio,
687 522 721 547 v.
744 510 811 557 33,
833 523 892 561 sq.
916 523 925 548 t

208 572 301 612 Ἀλλ’
321 572 420 612 ἔσται
441 573 501 612 καὶ
522 574 640 617 ἄϊστος
659 577 677 613 ὁ
695 574 844 625 λοίγιος·
863 567 926 612 εἶτ’
944 571 1166 627 ἀνακάμψει,

207 637 351 684 Ἰσάζων
370 639 453 692 Θεῷ
472 639 593 687 αὑτόν,
616 655 651 678 κ.
671 654 704 680 τ.
727 640 761 678 λ.

47 700 196 740 Deinde
210 701 340 741 eadem
356 702 533 755 plurIbus
552 702 728 755 exponit,
750 716 794 742 ac
813 701 862 741 de
874 701 956 754 ejus
967 701 1123 754 quidem
1137 715 1159 740 e
1173 699 1386 753 Babylone,
1398 699 1438 739 id
1453 710 1524 748 est,

52 767 169 806 Roma
192 765 382 817 discessu,
403 767 530 819 deque
551 767 708 806 latebris
736 767 840 819 apud
870 768 1006 806 Persas
1031 765 1222 818 quaesitis,
1243 778 1278 804 v.
1311 760 1400 814 1'42,
1417 777 1498 815 sqq.
1518 778 1526 803 ι

206 831 380 878 Φεύξεται
400 833 439 871 ἐκ
457 831 666 876 Βαὸυλῶνος
689 831 774 878 ἅναξ
792 831 936 886 φοὸερὸς
964 831 1023 872 καὶ
1047 831 1232 879 ἀναιδής...

206 896 308 942 “niet
322 898 351 935 δ’
367 897 414 941 εἷς
430 896 572 945 Μήδους
588 898 646 936 καὶ
667 899 814 951 Περσῶν
828 898 913 951 πρὸς
930 896 1101 950 βασιλῆας
1114 925 1126 945 ,

211 960 377 1015 Πρώτους
395 960 452 1005 οὒς
469 960 638 1010 ἐπόθησε.
654 990 665 1002 .
681 992 690 1002 .

48 1023 107 1064 Ibi
123 1025 244 1065 latens
265 1026 328 1065 ille
349 1039 437 1064 curn
458 1027 586 1066 Persis
606 1026 764 1065 insidias
786 1025 914 1065 moliri
938 1025 1081 1065 dicitur
1099 1025 1283 1065 adversus
1301 1032 1454 1078 gentem
1477 1023 1533 1063 in·

49 1089 169 1129 visam
184 1119 198 1140 ,
218 1089 256 1128 id
277 1098 348 1140 est,
369 1090 554 1130 adversus
573 1091 764 1130 Romanos
779 1119 789 1137 ,
808 1105 841 1129 v.
863 1092 934 1136 148
954 1104 964 1131 τ

207 1154 391 1195 Φωλεύων·
411 1156 500 1206 μετὰ
518 1156 630 1194 τῶνδε
647 1157 764 1195 κακῶν
785 1157 834 1199 εἷς
851 1154 945 1199 ἔθνος
964 1155 1082 1204 ἀηδές.

49 1220 240 1258 Hactenus
253 1220 380 1257 onmia
399 1229 439 1258 ut
459 1220 556 1258 libro
570 1221 619 1258 IV
636 1228 674 1276 et
693 1221 795 1258 VIII.
817 1219 958 1259 Dissert
978 1228 1105 1257 autem
1125 1232 1147 1257 a
1166 1217 1267 1257 libro
1286 1218 1337 1259 IV
1355 1217 1418 1257 hic
1433 1216 1532 1256 liber

46 1293 85 1322 et
105 1284 222 1336 magis
240 1284 389 1322 accedit
413 1284 461 1323 ad
486 1285 587 1331 VIII,
614 1285 720 1336 quod
743 1283 844 1323 libro
865 1285 914 1323 IV
942 1283 1014 1323 ista
1031 1283 1102 1322 sub
1119 1283 1209 1323 Tito
1229 1283 1288 1322 vel
1308 1282 1529 1322 Domitiano

49 1349 180 1389 futura
198 1349 529 1402 praedi‹·ebantur;
545 1364 648 1389 nunc
667 1350 740 1388 sub
764 1349 970 1389 Antoninis
994 1348 1178 1389 Radriani
1210 1348 1398 1401 posteris,
1420 1360 1531 1400 pror·

49 1428 113 1454 sus
140 1425 181 1453 ut
203 1415 305 1454 libro
326 1416 414 1455 VIII
434 1430 444 1453 ι
464 1423 502 1454 et
531 1416 606 1454 hoc
637 1415 875 1468 apertissime
895 1415 1097 1464 delinitur,
1118 1427 1157 1454 v.
1181 1420 1245 1464 49,
1269 1427 1368 1466 sqq„
1388 1412 1455 1453 ubi
1478 1413 1531 1452 sic

50 1481 306 1534 compellatur
325 1480 543 1520 Hadrianus
563 1496 572 1519 ε
669 1524 676 1533 ¹

209 1542 280 1584 Καὶ
299 1544 358 1583 ἐπὶ
377 1544 456 1593 σοὶ,
475 1544 689 1598 πανάριστε,
711 1544 902 1596 πανέξοχε,
925 1548 1140 1596 κυανοχαῖτα
1154 1572 1165 1591 ,

208 1609 282 1650 Καὶ
301 1610 358 1649 ἐπὶ
373 1615 466 1649 σοῖσι
483 1610 643 1649 κλάδοισι
657 1609 735 1649 τάδ’
754 1609 895 1649 ἔσσεται
911 1608 1033 1661 ἤματα
1048 1608 1181 1648 πάντα·

206 1676 312 1727 Τρεῖς
329 1672 488 1727 ἄρξουσιν
499 1705 510 1715 .
527 1705 536 1714 .
553 1703 563 1714 .

48 1740 150 1790 Ergo
173 1739 327 1778 ultimos
357 1739 490 1778 mundi
510 1738 590 1778 dies
615 1738 686 1777 sub
716 1739 790 1778 illis
816 1739 939 1778 tribus
965 1737 1213 1790 exspectabat
1243 1745 1372 1790 poeta,
1402 1749 1529 1787 neque

46 1812 254 1855 antequam
272 1803 408 1841 tertius
434 1816 567 1842 eorum
587 1794 748 1855 regnare
773 1803 974 1855 coepisset,
995 1803 1039 1842 L.
1058 1805 1201 1849 Verus,
1232 1800 1366 1854 procul
1385 1799 1528 1849 dubio,

47 1880 180 1917 quem,
200 1876 241 1906 ut
258 1867 451 1919 juniorem
464 1897 474 1916 ,
498 1868 552 1907 M.
572 1868 731 1907 Aurelio
745 1867 946 1919 supersum
965 1867 1037 1905 sibi
1057 1865 1222 1918 fingebat
1240 1879 1248 1904 ε

207 1933 312 1984 Τρεῖς
329 1931 509 1984 ἄρξουσιν·
529 1933 547 1969 ὁ
567 1930 603 1970 δὲ
621 1931 779 1984 τρίτατος
798 1933 893 1983 σφῶν
910 1929 973 1984 ὀψὲ
993 1931 1174 1983 κρατήσει.

101 1996 179 2035 Illis
195 1996 313 2048 igitur
329 1996 535 2047 imperium
549 1994 819 2042 tenentibus,si
833 1996 972 2034 Nostro
986 1995 1089 2043 fides,
1104 1994 1243 2034 redibit
1253 2007 1301 2033 ex
1312 1993 1402 2034 Asia
1412 1995 1531 2040 Nero,

48 2068 207 2112 paratus
224 2060 449 2098 Antichristi
468 2060 570 2099 vices
587 2061 795 2108 sustiuere3
815 2073 980 2111 eumque
1001 2059 1161 2111 trajecto
1182 2059 1381 2110 Euphrate
1402 2059 1529 2097 Asiam

51 2126 236 2163 minorem
256 2124 584 2176 perdomiturum,
605 2133 754 2164 tacente
781 2125 867 2164 licet
886 2133 1067 2172 auctore,
1088 2132 1194 2163 certo
1220 2123 1409 2176 conjicere
1435 2136 1530 2175 pos-

49 2203 193 2228 sumus.
215 2189 257 2227 Id
277 2202 434 2240 quoque
457 2188 558 2228 libro
579 2190 629 2228 IV
653 2189 997 2228 observaveramus
1024 2189 1171 2240 (confer
1186 2202 1315 2240 supra,
1335 2202 1421 2240 pag.
1440 2188 1531 2238 (098,

49 2255 180 2305 sq.),et
193 2254 241 2292 de
259 2253 347 2293 Asia
363 2267 442 2292 rem
457 2254 578 2306 ipsam
591 2255 642 2293 ita
657 2254 818 2294 suadere
834 2263 1118 2293 notaveramus.
1137 2255 1273 2294 Statim
1294 2266 1385 2292 vero
1402 2261 1531 2304 poeta,

49 2327 92 2356 ut
109 2326 199 2370 pote
220 2319 437 2369 AEgypfius,
466 2319 654 2358 Neronem
673 2319 712 2357 in
729 2319 936 2371 AEgyptum
955 2318 1127 2368 adducit,
1150 2317 1368 2356 immaniter
1387 2315 1440 2354 ibi
1460 2314 1530 2353 de-

50 2381 352 2428 bacchaturum,
377 2395 410 2420 v.
434 2383 508 2432 93,
530 2394 614 2433 sqq.
633 2396 642 2419 ι

209 2444 281 2485 Καὶ
305 2445 369 2493 σὴν
388 2451 504 2484 πᾶσαν
523 2446 596 2484 ὀλεῖ
614 2450 716 2497 γαῖαν
731 2445 909 2498 ἄνθρωπος
926 2444 1133 2497 κακότεχνος
1148 2474 1158 2493 ,

206 2507 339 2559 Αἵματι
357 2512 416 2547 καὶ
435 2509 594 2549 νεκύεσσι
613 2511 696 2562 παρ’
715 2509 921 2561 ἐκπάγλοισί
937 2524 975 2547 τε
997 2512 1143 2561 βωμοῖς,

205 2571 483 2626 Βαρὸαρόφρων,
500 2573 683 2627 σθεναρὸς,
699 2572 952 2624 πολυδείματος
964 2603 976 2625 ,
993 2573 1124 2626 ἄφρονα
1143 2574 1281 2612 λυσσῶν
1294 2602 1306 2623 ,

207 2637 422 2688 Παμπληθεὶ
441 2638 650 2690 ψαμαθηδὸν
674 2635 829 2683 ἀπαΐξων
845 2637 904 2676 σὸν
920 2638 1073 2690 ὄλεθρον.

50 2702 96 2741 ‚Et
112 2703 256 2750 statim,
283 2710 463 2752 tanquam
483 2716 530 2741 ne
549 2703 635 2754 quis
651 2716 785 2755 parum
803 2703 1058 2752 intellexerit,
1080 2716 1118 2742 v.
1141 2715 1229 2751 too,
1249 2715 1334 2753 sqq.
1353 2715 1361 2741 :

208 2765 317 2810 Αὐτὸς
332 2767 362 2806 δ’
385 2766 419 2810 ὃς
435 2768 583 2821 Περσῶν
602 2767 732 2821 λάχεν,
752 2766 929 2818 Αἴγυπτον
952 2767 1171 2819 πτολεμίξει,

210 2830 358 2873 Κτείνας
377 2830 485 2883 ἄνδρα
505 2830 664 2879 ἕκαστον,
682 2830 760 2869 δ’λον
778 2831 851 2883 βίον
873 2829 1093 2880 ἐξαλαπάξει,

206 2893 318 2934 Ὥστε
336 2893 450 2946 με’νειν
469 2900 593 2946 μοῖραν
606 2894 771 2948 τριτάτην
792 2895 935 2933 δειλοῖσι
951 2898 1115 2949 βροτοῖσι.

52 2958 139 2997 Haec
169 2958 206 2998 in
226 2959 407 3011 AEgypto.
429 2958 502 2998 Sed
523 2959 646 2998 statim
666 2959 766 2998 idem
785 2960 850 3010 qui
869 2959 982 2998 modo
1012 2973 1031 2997 a
1063 2958 1189 3000 Persis
1217 2965 1396 3008 venerat,
1428 2955 1527 3002 αὐτὸς
