1752 3495
615 213 918 258 excussus
951 215 988 257 1.
1051 279 1054 283 ⁴
1471 215 1531 259 35

78 331 192 368 teste,
222 319 376 366 Annal„
396 315 463 354 lib.
485 313 519 352 ss
536 312 587 362 ,§
618 311 686 360 54,
712 311 902 350 ministros
935 319 1099 356 tantum,
1120 323 1185 348 seu
1205 310 1444 360 sacerdotes,
1466 325 1530 350 seu

77 384 303 436 prophetas;
329 383 393 432 qui
422 377 575 430 quidem
599 389 696 427 aqua
725 391 746 414 e
774 389 883 414 sacro
915 375 1021 413 sonte
1040 374 1173 413 hausta
1198 375 1348 415 divinos
1377 376 1532 428 spiritus

74 447 349 500 concipiebant,
363 440 543 487 Mam-ob„
561 441 716 480 Saturn.
729 439 794 477 lib.
812 441 844 486 l,
863 453 949 489 cap.
969 437 1254 487 1831amb1ich.,
1269 441 1315 478 de
1333 443 1447 492 Mysi.
1463 441 1530 491 111,

74 515 94 563 5
117 527 129 550 ι
142 526 176 563 ¹3
195 522 355 563 quorum
377 506 539 557 primum
559 504 672 541 fuisse
687 503 886 554 Mopsum,
903 504 1051 540 Mantus
1069 502 1199 548 filium,
1214 505 1413 552 persuadet
1427 513 1534 543 tenor

73 577 155 627 ipse
175 583 333 614 narratae
350 582 461 621 supra
482 567 630 606 sabulae.
647 567 718 606 Sed
737 567 874 604 mirum
892 575 949 604 est
964 565 1147 617 Sibyllam
1162 566 1411 617 Colophoniis
1428 570 1535 608 Lam-

74 655 209 693 pusam
235 639 359 691 potius
377 633 595 673 Calchantis
617 633 753 681 fuisse,
775 645 886 682 quam
906 633 1035 671 Manto
1065 632 1238 678 'l'iresiae,
1258 645 1341 683 quae
1360 633 1458 690 inter
1475 635 1536 672 Si..

76 707 196 758 byllas
216 720 236 743 a
256 700 482 755 quibusdam
500 707 696 737 numerata
712 707 787 745 est,
809 707 886 736 tum
906 711 1023 748 (pium
1043 696 1114 735 sub
1136 697 1314 748 Daphnes
1332 699 1484 738 nomine
1498 700 1534 738 in

77 770 259 823 Apollinis
288 764 462 816 Delphici
492 763 633 814 templo
656 762 908 807 ministraret3
935 762 1073 799 iterum
1094 762 1223 800 confer
1241 776 1322 813 cap.
1340 762 1375 802 5.
1408 762 1538 814 Sibyl-

77 836 149 873 lam
172 835 197 872 ii
216 833 373 870 fortasse
393 828 533 866 nullam
555 828 625 866 nisi
641 827 843 878 virginem,
867 826 1019 877 agnosci
1042 838 1149 876 posse
1169 826 1426 867 crediderunt.

130 897 351 949 Colophone
363 894 503 932 Samon
520 893 640 931 facilis
662 902 718 931 est
741 891 945 942 trajectus3
962 892 1091 942 itaque
1104 891 1290 942 Sibyllam
1312 906 1418 931 suam
1438 894 1540 933 Sami

78 976 231 1015 quoque
250 960 448 1005 habitasse,
468 966 504 995 et
523 958 676 1009 quidem
706 958 909 1009 maximam
941 956 1009 993 aevi
1035 955 1092 993 sui
1118 965 1261 1006 partem
1290 956 1341 995 ibi
1371 957 1539 1010 degisse,

74 1028 185 1066 finxit
204 1023 421 1070 Pausanias,
441 1022 515 1061 loc.
547 1022 612 1061 cit.
636 1036 644 1060 :
669 1019 765 1068 Αὕτη
786 1023 807 1068 ἦ
832 1019 989 1059 Etenna
1006 1017 1121 1073 ᾤκησε
1141 1019 1203 1071 μὲν
1219 1020 1259 1059 τὸ
1277 1020 1364 1060 πολὺ
1387 1026 1446 1061 τοῦ
1464 1022 1539 1074 βίου

70 1095 105 1131 ἐν
129 1090 250 1143 Σάμῳ.
268 1088 340 1128 Sed
370 1087 409 1125 id
443 1086 567 1124 minus
588 1086 759 1141 speciose
779 1100 787 1122 :
813 1097 898 1121 nam
927 1084 1133 1134 Mat-pessia
1153 1098 1218 1123 seu
1238 1085 1477 1133 Mermessia,
1493 1088 1541 1125 de

77 1169 152 1207 qua
171 1153 397 1198 Pausanias,
427 1165 666 1204 quacumque
695 1150 846 1194 demum
879 1149 1025 1186 ratione
1045 1149 1126 1199 ejus
1156 1158 1245 1187 aetas
1264 1151 1540 1207 constituatur,

75 1219 266 1271 antiquior
287 1216 395 1254 valde
420 1215 594 1253 habenda
613 1224 669 1253 cst
690 1226 805 1265 quam
825 1214 905 1251 haec
935 1214 1082 1261 Samia,
1112 1228 1196 1265 quae
1215 1228 1291 1253 non
1309 1215 1391 1266 jam
1413 1217 1460 1255 ad
1482 1218 1540 1254 sa-

74 1284 207 1322 bulosa
219 1296 284 1320 seu
297 1281 459 1332 poetica,
476 1281 541 1318 sed
556 1280 601 1317 ad
616 1280 811 1326 historica,
827 1288 867 1316 ut
882 1292 983 1316 nunc
999 1279 1112 1329 vulgo
1132 1279 1353 1330 loquuntur,
1369 1289 1540 1333 tempora

74 1349 255 1400 pertinet3
276 1346 378 1384 unde
401 1345 636 1393 Lactantius,
662 1359 708 1383 ex
727 1345 908 1383 Varronis
928 1343 1024 1391 fide,
1045 1352 1189 1382 sextam
1210 1344 1306 1382 hanc
1326 1345 1460 1384 ordine
1478 1361 1540 1384 re·
1573 1339 1576 1343 ⁸

74 1416 164 1462 sert,
193 1432 207 1446 α
223 1413 270 1450 de
293 1426 368 1463 qua
396 1411 538 1449 scribat
558 1411 830 1449 Eratosthenes
853 1410 891 1447 in
916 1410 1082 1460 antiquis
1110 1409 1310 1447 annalibus
1327 1411 1539 1450 Samiorum

74 1499 88 1514 ιι
107 1478 291 1530 reperisse
308 1491 346 1514 se
369 1476 564 1528 scriptum.
585 1494 599 1510 υ
622 1475 734 1522 Quod
755 1476 785 1512 si
819 1488 951 1513 verum
980 1483 1060 1524 est,
1093 1483 1130 1512 et
1154 1475 1183 1512 si
1207 1475 1299 1525 quid
1333 1475 1380 1513 de
1395 1489 1437 1514 ea
1460 1485 1542 1515 tan-

73 1557 183 1594 quam
215 1550 415 1589 coaetanea,
436 1542 618 1592 scriptum
637 1549 718 1579 erat
745 1541 785 1578 in
810 1540 1008 1578 annalibus
1036 1540 1249 1579 Samiorum
1265 1569 1274 1587 ‚
1296 1554 1411 1591 quum
1433 1542 1457 1579 ii
1475 1556 1543 1580 an-

74 1608 175 1646 nales
194 1608 258 1645 vix
277 1607 426 1658 possint
446 1606 682 1656 antiquiores
701 1605 864 1655 septimo
878 1606 1015 1642 saeculo
1035 1605 1149 1642 fuisse
1169 1613 1329 1656 propter
1347 1606 1543 1657 scripturae

25 1704 27 1708 ,
75 1687 245 1724 magnam
279 1681 358 1710 tum
392 1672 622 1722 imperitiam
649 1679 686 1708 et
711 1670 1000 1716 difficultatem,
1034 1670 1170 1707 vixisse
1198 1683 1241 1707 ea
1277 1670 1411 1708 mulier
1441 1670 1542 1710 haud

73 1739 193 1776 multo
215 1737 320 1788 prius
341 1737 504 1784 videtur,
526 1734 751 1773 florentibus
770 1735 984 1774 Samiorum
1008 1733 1121 1771 rebus
1144 1742 1232 1771 ante
1252 1735 1454 1773 Persarum
1472 1732 1544 1774 doss

73 1803 341 1840 minationem:
360 1801 410 1838 ita
438 1809 480 1837 ut
496 1810 595 1838 recte
612 1808 759 1837 aetatem
785 1798 865 1849 ejus
891 1798 1047 1836 deliniat
1067 1797 1254 1836 Eusebius
1273 1798 1374 1837 Tulli
1394 1801 1544 1840 Hostilii

74 1869 332 1907 Romanorum
359 1865 457 1916 regis
479 1863 732 1915 temporibus,
754 1877 867 1914 quam
888 1863 1042 1913 quidem
1068 1863 1139 1901 viri
1157 1863 1366 1901 doctissimi
1386 1874 1541 1903 senten-

74 1932 161 1968 tiam
191 1931 237 1968 de
261 1943 366 1967 more
399 1942 468 1966 suo
505 1930 765 1975 retinuerunt,
798 1928 892 1965 nihil
916 1937 982 1965 aut
1014 1941 1147 1978 parum
1175 1927 1213 1964 in
1237 1935 1451 1979 temporum
1478 1940 1543 1968 aut

74 1984 202 2048 regum
219 1995 479 2046 designatione
497 1994 732 2042 differentes,
747 1993 1051 2043 Hieronymusin
1062 1993 1542 2045 Chronici53Augustinus,

77 2062 121 2099 (le
136 2061 298 2099 Civitate
319 2060 402 2106 Dei,
423 2059 489 2096 lib.
509 2060 649 2107 xvlu,
669 2071 751 2108 cap.
769 2062 816 2100 24
833 2073 842 2104 3
860 2057 961 2107 apud
983 2058 1137 2094 Graecos
1161 2066 1296 2107 praeter
1313 2058 1543 2109 Syncellum,

76 2126 184 2162 etiam
203 2124 399 2163 Cedrenus
419 2123 560 2173 aliique
579 2122 878 2172 chronographi.
907 2122 947 2159 1n
972 2121 1145 2160 Cedreno
1171 2121 1212 2158 id
1231 2122 1459 2171 notandum,
1487 2124 1544 2163 bis

78 2189 175 2240 apud
194 2190 297 2227 illum
313 2187 496 2238 Sibyllam
514 2188 612 2225 hanc
627 2196 665 2225 et
679 2185 832 2237 quidem
845 2185 892 2223 ad
909 2185 1059 2224 diversa
1074 2194 1246 2236 tempora
1262 2186 1411 2234 referri,
1428 2190 1543 2228 semel

78 2255 173 2291 enim
191 2253 236 2290 ad
257 2253 393 2300 Josiae,
424 2252 459 2289 id
483 2260 553 2297 est,
577 2252 679 2289 Tulli
711 2250 882 2295 Hostilii,
906 2249 958 2301 ἐφ’
977 2242 1024 2286 ὧν
1049 2248 1109 2286 καὶ
1130 2248 1287 2287 Σίὸυλλα
1307 2252 1328 2296 ἡ
1350 2251 1543 2301 Σαμωναία

78 2319 291 2370 ἐγνωρίζετο,
307 2318 444 2356 iterum
462 2317 509 2354 ad
530 2316 621 2367 Cyri
640 2347 648 2364 ,
670 2315 707 2354 id
729 2324 807 2362 est,
829 2314 1030 2365 Tarquinii
1055 2314 1222 2364 Superbi
1242 2323 1433 2366 tempora;
1453 2318 1542 2357 κατὰ

77 2381 211 2426 τούτους
239 2381 315 2425 τοὺς
344 2380 486 2434 χρόνους
512 2384 534 2427 ἡ
557 2380 713 2419 Σίὸυλλα
744 2382 766 2426 ἦ
794 2379 829 2416 ἐν
850 2379 964 2431 Σάμῳ
992 2379 1202 2430 ἐγνωρίζετο.
1235 2379 1307 2418 Sed
1330 2382 1543 2431 posteriore

77 2447 161 2483 loco
184 2447 230 2484 ad
252 2446 552 2497 'l'arquinianam
576 2444 728 2481 videtur
746 2443 874 2493 potius
891 2456 1006 2493 qnam
1024 2443 1070 2479 ad
1089 2443 1250 2482 Samiam
1268 2444 1491 2493 respexisse.

132 2509 338 2558 Eusebius,
361 2510 499 2547 horum
521 2509 692 2546 omnium
723 2507 824 2553 dux,
852 2520 930 2558 qno
950 2520 989 2545 se
1008 2515 1163 2545 auctore
1182 2515 1367 2554 tueretur,
1391 2509 1545 2550 minime

79 2574 182 2611 (lixit.
200 2575 319 2611 Varro
336 2583 476 2620 tamen,
495 2587 541 2611 ex
563 2572 749 2610 Lactantii
768 2571 841 2608 fide
857 2585 973 2621 supra
994 2572 1147 2615 citatus,
1168 2571 1267 2608 favet
1290 2572 1444 2610 Eusebii
1460 2587 1546 2612 sen-

80 2638 219 2683 tentiae,
253 2637 342 2675 dnm
375 2638 538 2677 Samiam
569 2636 729 2673 mediam
761 2636 850 2672 facit
879 2636 980 2672 inter
1004 2634 1242 2684 Erythraeam
1267 2643 1304 2672 et
1324 2635 1543 2676 Romanam.

130 2700 351 2739 Ceterorum
374 2700 592 2739 testimonia
611 2700 702 2737 nihil
722 2699 768 2736 ad
791 2712 868 2736 rem
900 2699 1065 2747 faciunt,
1087 2699 1153 2749 qui
1173 2699 1345 2749 plerique
1362 2700 1442 2751 ipsa
1461 2711 1546 2740 tan·-

83 2772 157 2801 tum
179 2766 362 2804 Lactantii
393 2765 510 2803 verba
530 2765 590 2802 vcl
623 2765 737 2802 latine
760 2764 816 2800 vel
839 2777 959 2814 graece
991 2763 1330 2813 transcripserunt,
1360 2774 1401 2802 ut
1429 2765 1545 2805 latine

82 2828 266 2878 Isidorus,
296 2844 417 2882 graece
444 2839 568 2869 autem
611 2829 769 2867 Photius
799 2841 886 2866 cnm
907 2828 1115 2867 Scholiasta
1146 2828 1335 2876 Platonis,
1353 2838 1391 2867 et
1411 2830 1545 2869 Suidas

83 2905 119 2929 v·
144 2893 329 2943 Σίνῗυλλαι,
357 2904 393 2932 et
427 2899 649 2945 Anonymus
681 2893 858 2945 praesatus
879 2894 924 2930 ad
959 2902 1087 2931 nostra
1109 2893 1308 2942 Sibyllina.
1334 2895 1545 2933 Notandum

1339 2965 1381 3008 3.
