1752 3495
560 166 643 211 AD
676 165 1001 211 EXCURSUM
1036 168 1118 213 111.

1407 164 1569 245 “¹249

242 267 402 317 Insuper
422 276 608 315 agnorum
628 277 784 316 quoque
803 263 930 302 sobria
947 263 1048 302 dona
1065 265 1237 304 feruntur

240 328 417 369 Manibus
437 315 621 376 infernis',
638 337 861 380 praesentem
882 342 999 380 quum
1023 327 1091 366 tibi
1113 330 1246 368 Divam

242 392 388 433 Feceris
400 421 410 440 ,
431 400 561 430 erecto
580 393 799 441 simulacro,
817 401 854 431 et
867 406 952 444 quae
969 391 1036 431 tibi
1055 393 1174 431 multa

167 461 214 499 65
241 459 282 497 In
303 457 403 496 soliis
419 457 621 495 suntdicta
638 460 742 496 meis.
762 458 858 497 Dein
874 466 1046 508 tempora
1062 458 1205 496 circum

240 523 294 562 Te
308 520 427 572 jubeo
443 521 567 559 crines
582 522 666 560 olea
682 522 864 560 >redimire
886 522 1022 572 feraci,

241 585 387 624 Fronde
404 585 559 622 salutari
580 586 785 636 pellentem
804 586 1061 634 incommoda,
1079 585 1202 624 donec

238 650 414 690 Adsuerit
434 660 601 702 tempus,
621 650 690 689 tibi
707 651 1008 703 quumjucunda
1032 652 1214 689 malornm

239 717 347 756 Sorte
367 728 465 754 nova
482 711 639 753 dubitur
653 717 824 767 requies,
849 730 1057 768 rursusque
1085 716 1241 754 vocabis

167 796 212 830 70
239 780 391 820 Finibus
411 794 431 818 a
448 781 591 819 Graecis
609 790 673 820 tua
694 795 753 820 me
775 782 843 820 tibi
860 782 1029 833 pandere
1049 782 1138 821 sata.

319 961 483 997 Alterum
504 973 715 1009 responsum
725 989 737 1006 ‚
758 943 936 1009 {aliquam
958 973 1006 997 ez·
1024 958 1214 1012 Se'byflle'nis
1235 947 1336 997 It'brir
1345 987 1360 1005 ,

663 1049 732 1084 sed
753 1051 891 1085 incerta
904 1049 996 1096 fide.

787 1153 872 1160 ...-

234 1236 355 1280 Quum
373 1246 465 1270 vero
482 1234 655 1271 humanae
670 1232 890 1284 longissima
912 1241 1087 1282 tempora
1101 1232 1190 1270 vitae

232 1298 483 1346 Transierint,
502 1308 654 1337 centum
671 1307 784 1349 atque
803 1298 932 1336 decem
954 1297 1192 1336 vertentibus
1210 1298 1319 1336 annis
1332 1325 1342 1344 ,

233 1365 343 1412 Tum,
360 1367 552 1409 Romane,
574 1363 630 1401 tui
647 1363 893 1414 (wantumvis
912 1363 1114 1401 inimemor
1135 1363 1239 1414 ipse,

232 1430 367 1468 Nostra
388 1442 538 1467 memor
556 1428 743 1479 sac-jussa.
764 1430 881 1475 Deos,
901 1436 1042 1466 aeterna
1061 1437 1231 1466 tenentes

186 1493 206 1531 5
234 1494 358 1545 Regna
373 1525 382 1542 ,
404 1494 523 1532 sacris
540 1507 724 1531 venerare
737 1523 747 1541 ,
765 1493 833 1531 ubi
853 1494 978 1543 magni
991 1490 1162 1531 'tibridis
1182 1493 1284 1531 unda

234 1563 403 1610 Angusto
421 1558 540 1610 magis
558 1572 668 1596 amne
685 1558 771 1596 ssuit
786 1586 796 1604 ,
816 1571 894 1596 nox
913 1557 1070 1595 humida
1085 1557 1241 1608 quando

233 1623 433 1663 Incumbet
451 1624 583 1674 terris,
603 1632 642 1662 et
657 1625 713 1662 sol
738 1637 854 1675 quum
875 1623 1020 1661 lumina
1036 1623 1192 1663 condet.

234 1689 358 1738 Agnos
373 1695 488 1738 atque
504 1700 639 1738 capras
658 1686 931 1739 generantibus
951 1687 1081 1724 omnia
1099 1687 1230 1725 Parcis

121 1801 212 1834 ntlcliii
238 1801 283 1833 lex
309 1802 340 1833 in
360 1802 429 1842 ipso
445 1802 575 1834 minime
590 1805 714 1834 servata
734 1803 801 1841 est;

121 1851 146 1881 et
160 1849 222 1880 aliis
242 1848 364 1881 indiciis
384 1849 528 1890 proditur
541 1852 619 1881 aetas
633 1849 802 1890 recentior,

120 1894 154 1928 de
164 1904 219 1936 qua
232 1896 336 1928 confer
348 1905 497 1937 supremi.
511 1899 580 1931 238.
592 1905 641 1937 sq.
654 1898 800 1928 Ceterum

120 1944 246 1973 servatus
265 1944 311 1974 est
335 1943 454 1974 oraculi
476 1945 569 1975 tenor
588 1952 606 1974 a
632 1943 803 1982 Plilegonte

121 1988 153 2019 ‹le
164 1989 316 2028 Longaevis
328 2013 336 2029 ,
348 1998 418 2030 cap.
434 1993 465 2029 4,
484 1993 515 2021 et
531 1991 673 2027 zosimo,
689 1990 744 2021 lib.
762 1993 801 2030 Η,

120 2035 310 2076 §amrinum
329 2037 470 2068 variante
484 2037 640 2077 scripturn
652 2040 683 2069 et
697 2037 727 2067 in
742 2041 802 2069 Ζο-

121 2083 187 2114 simo
200 2083 377 2124 plerumque
403 2083 543 2116 meliore.
563 2083 689 2115 Erudite
702 2083 742 2115 (le
763 2092 802 2115 eo

120 2133 333 2162 commentatus
347 2132 394 2163 est
411 2131 678 2163 Mitsclierlicliius
687 2130 725 2162 ad
740 2134 801 2162 110-

122 2177 180 2207 ratii
195 2185 286 2210 carni.
308 2180 385 2209 saec.

155 2228 178 2255 t.
209 2227 305 2255 Rarus
340 2225 387 2256 est
418 2225 555 2256 aoristus
578 2225 667 2263 ἱκεῖν,
694 2223 800 2264 priore

120 2268 207 2308 brevi,
224 2279 279 2310 pro
302 2272 434 2303 ἱκέσθαι.
457 2272 581 2303 citatur
605 2271 681 2301 ἱκών
694 2279 712 2302 e
727 2271 799 2301 Pin-

120 2313 184 2346 daro
208 2316 310 2351 semel,
335 2317 428 2356 Pytli.
460 2321 514 2357 xl,
540 2325 570 2348 ν.
596 2319 647 2349 47.
671 2320 732 2348 Pro
747 2317 799 2357 ἰ’χῃ

119 2362 208 2394 tamen
224 2363 367 2395 malimus
378 2363 411 2404 ἴῃ
429 2372 502 2395 cum
520 2363 637 2396 Gallaeo
650 2363 720 2401 legi.

153 2413 178 2440 2.
193 2409 278 2449 Apud
293 2410 450 2441 zosimum
461 2409 532 2442 cod.
549 2410 694 2442 Politiani
711 2411 798 2441 δεκα·

119 2455 212 2487 κύκλον
225 2456 314 2488 habet
327 2466 388 2489 nna
399 2466 488 2491 voce.
501 2462 544 2489 De
554 2458 671 2489 sarculo
684 2461 732 2489 CX
744 2466 798 2488 an·
820 2474 835 2500 .'

120 2509 214 2533 noi-nm
231 2504 335 2535 confer
354 2506 573 2543 Censorinum,
588 2514 659 2544 cup.
694 2507 743 2543 17,
768 2507 800 2535 et

119 2548 207 2587 Plileg.
222 2550 257 2581 nd
273 2551 303 2582 h.
320 2551 355 2591 l.,
373 2553 405 2583 et
418 2561 477 2583 nos
492 2561 605 2592 snpra,
624 2561 655 2592 p.
674 2554 798 2585 227.1n

119 2594 170 2625 tine
186 2600 250 2630 zos.
266 2598 388 2631 ὁδεύων.
407 2599 512 2638 Plileg.
527 2599 668 2636 ὁδεύσας,
684 2600 719 2630 ut
730 2607 798 2631 nos.

155 2647 180 2675 3.
201 2647 266 2677 ZoS.
284 2645 395 2683 vulgo,
414 2647 466 2677 καὶ
480 2647 515 2678 οὐ
530 2647 611 2687 μάλα
624 2647 716 2684 λῆσαι
731 2647 798 2677 ἐαυ-

119 2690 191 2730 1002,
216 2691 267 2723 sed
292 2692 436 2724 Politiani
456 2693 570 2733 codex,
585 2694 635 2724 καὶ
665 2693 689 2724 εἷ
716 2693 798 2732 μάλα

120 2736 210 2772 λήσεαι
231 2738 331 2771 αὐτοῦ.
352 2739 457 2781 Plileg.
482 2742 516 2772 ut
534 2749 609 2779 nos,
628 2739 689 2771 nisi
713 2740 796 2780 quod

119 2782 190 2819 λήσει
206 2784 304 2818 habet.

153 2835 176 2862 5.
198 2832 298 2872 Plilcg.
324 2835 414 2876 ῥέξειν
438 2836 470 2867 et
499 2836 656 2876 Θύὸριδος.
673 2838 743 2867 Zos.
762 2839 798 2866 ut

119 2884 166 2907 nos
179 2880 310 2912 omnino.

915 1805 945 1834 6.
963 1805 1034 1834 zos.
1063 1800 1161 1840 vulgo
1185 1802 1287 1843 ῥοπῇ,
1309 1799 1363 1833 sed
1381 1799 1454 1834 cod.
1479 1800 1568 1834 polit.

872 1848 976 1888 ὅππη,
991 1848 1075 1879 sient
1088 1848 1194 1889 Plileg.
1213 1849 1246 1880 et
1267 1856 1336 1880 nos.

912 1898 943 1928 7.
962 1900 1033 1927 zos.
1048 1906 1102 1936 σε,
1123 1904 1185 1926 non
1203 1896 1253 1928 σύ.
1269 1895 1376 1936 Plileg.
1389 1895 1426 1928 ut
1438 1904 1509 1928 nos,

913 1946 944 1975 8.
975 1942 1082 1980 Plileg.
1107 1942 1322 1984 ποντογόνοις,
1345 1943 1436 1974 etsie
1452 1947 1522 1976 zos.
1538 1943 1571 1975 in

870 1990 957 2029 vulg.
975 1989 1035 2021 sed
1050 1989 1093 2020 ibi
1108 1989 1201 2021 codd.
1218 1990 1435 2030 παντογόνοις,
1450 1992 1486 2021 ut
1502 1998 1569 2023 nos,

871 2037 1011 2068 Priorem
1038 2032 1206 2068 lectionem
1233 2039 1338 2068 tuetur
1362 2040 1404 2068 Is.
1427 2036 1572 2075 vossius,

870 2083 966 2114 allata
994 2083 1208 2123 Lycophronis
1242 2083 1453 2122 auctoritate,
1486 2083 1571 2123 apud

868 2139 962 2171 quem
979 2133 1086 2161 Parere
1104 2133 1200 2168 sunt,
1219 2138 1251 2162 v,
1271 2132 1341 2169 ¹44,
1354 2138 1415 2170 sq„
1436 2129 1572 2168 ἆμναμοι

867 2178 993 2215 ὃηναιᾶς
1007 2177 1089 2213 Ἀλὸς
1101 2202 1109 2216 ,
1125 2179 1209 2208 recte
1226 2177 1455 2217 interpretante
1475 2176 1570 2208 scho-

866 2223 980 2256 liasta:
997 2225 1167 2263 τουτέστιν,
1184 2225 1302 2263 ἔγγονοι
1324 2226 1379 2255 τοῦ
1402 2224 1568 2255 Ὠκεανοῦ.

867 2272 983 2312 πατέρα
1008 2275 1069 2301 τῶν
1095 2273 1170 2302 θεῶν
1196 2271 1318 2302 πάντων
1345 2270 1397 2301 τὸν
1426 2270 1570 2302 Ὠκεανὸν

867 2318 957 2357 λέγει.
972 2317 1031 2350 Sed
1049 2319 1108 2349 ista
1126 2318 1224 2357 magis
1247 2317 1393 2348 abstrusa
1415 2317 1570 2356 mytholo-

867 2365 917 2405 gia
945 2367 994 2396 est
1012 2372 1114 2405 quam
1140 2373 1213 2404 quae
1242 2363 1369 2395 falsario
1390 2367 1499 2396 nostro
1522 2359 1571 2395 iri-

868 2411 1009 2442 notuerit
1032 2420 1130 2443 :nam
1166 2411 1314 2442 usitatius
1341 2414 1445 2442 Parcae
1463 2410 1571 2442 Noctis

868 2460 941 2493 sslize
962 2464 1048 2493 sunt.
1073 2462 1109 2492 Et
1137 2469 1212 2491 sane
1233 2460 1449 2500 Lycophronis
1473 2468 1568 2491 sensu

867 2512 1059 2548 ποντογενεῖς
1096 2508 1211 2539 melius
1255 2508 1435 2539 dicerentur
1472 2515 1568 2547 quam

867 2554 1060 2594 ποντόγονοι.
1112 2556 1204 2585 Vocis
1241 2555 1347 2585 autem
1383 2553 1569 2592 παντογόνος

868 2602 1012 2641 exempla
1029 2602 1104 2633 sunt
1121 2601 1151 2633 in
1170 2601 1298 2633 lexicis:
1313 2605 1429 2633 Parcas
1450 2601 1494 2632 sic
1517 2609 1569 2631 vo-

868 2648 935 2680 cari
963 2648 1120 2688 intellige,
1145 2647 1235 2688 quasi
1252 2648 1360 2679 omnia
1385 2647 1453 2679 sive
1469 2647 1570 2679 omni-

867 2704 945 2736 gena
975 2699 1197 2736 procreantem
1218 2696 1250 2727 et
1276 2694 1457 2727 memineris
1483 2703 1569 2726 mon-

867 2738 968 2773 strosi·
1002 2742 1168 2781 cujusdam
1195 2745 1305 2782 partus
1335 2750 1429 2773 causa
1457 2741 1566 2772 datum

867 2797 935 2820 esse
953 2789 1011 2820 lioc
1028 2798 1213 2829 responsum
1225 2813 1233 2829 ,
1253 2789 1337 2821 unde
1352 2790 1384 2822 et
1403 2788 1566 2821 Εἰλείθυιαι

868 2844 942 2868 mox
963 2836 1171 2868 adducentur.
