1752 3495
509 201 586 243 AD
623 198 951 245 EXCURSUM
987 201 1020 241 1.
1432 199 1494 244 95

37 303 116 343 cula
139 311 273 338 canere
301 297 448 335 solitam
467 308 546 333 esse
566 295 705 346 Delphi
723 293 899 338 tradunt,
917 292 1070 330 nomine
1094 283 1247 343 quidem
1268 294 1321 332 sic
1342 294 1493 340 dictam,

36 365 215 417 Sibyllam
251 370 374 400 autem
412 360 637 410 cognomine
668 373 689 397 a
720 358 857 410 prioris
890 356 1084 408 cujusdam
1110 356 1263 409 Sibyllae
1291 359 1496 406 memoria,

35 445 143 486 quam
175 441 246 480 ego
277 425 447 476 comperi
481 424 572 462 nulli
603 438 678 463 non
713 437 795 462 esse
826 423 1048 474 antiquitate
1063 424 1356 474 praeferendam.
1389 425 1495 463 Illam

35 495 151 538 Graeci
169 495 267 533 Jove
282 500 407 529 natam
420 488 596 528 dictitant
614 498 651 528 et
663 490 794 528 Lamia
810 488 976 540 Neptuni
997 488 1071 526 lilia
1083 515 1093 532 ‚
1113 488 1347 539 primamque
1365 491 1500 528 mulie-

37 574 114 599 rum
147 556 316 595 omnium
351 553 616 600 vaticinatam,
644 562 681 591 et
715 553 762 590 ab
797 554 896 592 Afris
923 552 1105 603 Sibyllam
1137 553 1380 591 nominatam,
1411 555 1501 593 Haec

35 637 133 670 vero,
150 622 198 659 de
214 634 288 671 qua
310 632 410 656 nunc
424 618 571 668 agitur,
594 618 797 668 Herophilo
817 626 926 655 aetate
947 616 1119 666 profecto
1138 616 1190 654 illi
1208 617 1331 663 cedit;
1354 626 1500 655 constat

35 700 154 728 tamen
187 693 223 723 et
251 684 368 735 ipsam
398 691 485 719 ante
513 681 722 733 'l'rojanum
753 682 892 720 vixisse
923 680 1093 718 bellum:
1125 681 1299 731 praedixit
1331 683 1430 720 enim
1462 682 1499 720 in

1 769 4 772 ·
38 754 130 793 Asiae
162 759 199 789 et
232 751 395 799 Europae
416 748 622 799 perniciem
654 749 833 786 llelenam
863 748 1008 797 Spartae
1040 748 1224 784 nutritum
1259 748 1323 796 iri,
1344 756 1504 800 propter

38 830 147 869 quam
169 815 249 852 sore
274 821 314 850 nt
333 813 444 851 Ilium
468 821 703 850 everteretur
722 827 741 849 a
772 812 925 851 Graecis.
958 812 1078 860 Hujus
1106 812 1254 849 seminae
1275 812 1502 862 hymnorum

39 893 189 933 quoque
205 878 242 916 in
265 877 480 928 Apollinem
505 878 603 915 Delii
625 879 889 915 meminerunt.
923 877 1006 927 lpsa
1028 889 1116 914 vero
1145 889 1185 914 se
1212 890 1287 914 non
1311 876 1505 928 llerophi-

40 950 108 984 lam
140 943 269 992 modo,
298 942 365 980 sed
385 951 422 979 et
452 943 618 980 Artemin
638 943 715 980 suis
747 942 916 980 versihns
937 949 1072 991 vocat3
1094 950 1150 979 est
1172 941 1236 979 ubi
1265 955 1304 979 se
1330 955 1506 989 uxorem,

40 1021 90 1050 est
111 1009 177 1047 nbi
197 1021 366 1045 sororem
388 1007 445 1044 vel
467 1007 579 1045 liliam
602 1008 789 1058 Apollinis
803 1020 842 1045 se
862 1007 974 1053 dicit3
995 1006 1060 1044 sed
1079 1006 1156 1044 haec
1178 1007 1351 1045 videlicet
1381 1007 1506 1046 furens

40 1087 73 1114 et
92 1074 222 1112 divino
242 1073 370 1110 al'ssatn
402 1072 586 1122 perculsa.
615 1072 774 1120 Eadem,
796 1072 1037 1109 oraculorum
1069 1072 1143 1108 alio
1175 1071 1272 1119 loco,
1301 1072 1507 1112 immortali

44 1149 158 1177 matre
178 1147 300 1175 natam
319 1152 357 1174 se
377 1136 512 1183 docet,
528 1136 710 1174 ldaearum
732 1137 871 1187 quippe
892 1137 1152 1186 Nympharum
1172 1150 1244 1174 una
1259 1165 1269 1183 ‚
1290 1146 1398 1187 patre
1417 1149 1509 1173 vero

44 1203 216 1249 mortali3
239 1203 291 1240 sic
309 1202 407 1239 enim
430 1201 553 1238 canit:

250 1267 352 1304 Inter
373 1274 554 1315 utrosque
576 1277 716 1314 sequor
735 1264 913 1310 medium,
934 1264 1118 1314 divosque
1137 1264 1406 1315 hominesque,

251 1329 425 1380 Nympha
446 1329 652 1367 immortali
681 1337 779 1375 sata,
805 1329 995 1378 piseivoro
1024 1329 1203 1379 genitore.

252 1394 391 1432 ldaeum
411 1394 540 1430 matris
563 1407 680 1444 genus
696 1402 750 1430 est
769 1408 778 1440 ;
803 1393 892 1430 mihi
922 1393 1042 1443 patria
1067 1393 1180 1431 rubra

254 1461 468 1509 Marpessos
482 1487 491 1504 ‚
512 1458 620 1495 matri
641 1467 786 1495 sacrata
800 1487 810 1506 ,
828 1459 1026 1509 amnisque
1042 1458 1244 1497 Aidoneus.

46 1528 275 1576 Supererant
305 1524 523 1561 etiamnunc
550 1523 587 1560 in
621 1523 686 1561 lda
716 1523 893 1574 Phrygiae
923 1523 1059 1561 rudera
1086 1523 1190 1561 urbis
1215 1523 1396 1574 Marpessi
1428 1535 1514 1560 cum

47 1590 175 1628 ineolis
198 1588 349 1626 circiter
380 1589 586 1639 sexaginta.
606 1589 705 1626 Tota
731 1601 822 1625 vero
850 1589 949 1626 eirca
974 1589 1209 1640 Marpessum
1240 1598 1338 1625 terra
1358 1587 1515 1625 subrufa
1536 1636 1537 1639 Ἴ

47 1665 100 1694 est
127 1664 164 1694 et
195 1655 287 1692 mire
321 1654 490 1692 torrida:
519 1653 621 1692 unde
642 1662 679 1691 et
710 1653 884 1691 Aidoneo
905 1655 1021 1701 amni,
1045 1654 1145 1705 qnod
1176 1653 1227 1692 ibi
1256 1667 1295 1692 se
1316 1652 1428 1691 modo
1445 1653 1516 1691 sub

50 1730 167 1758 terras
187 1719 323 1766 abdat,
342 1718 457 1756 modo
478 1732 609 1755 rursus
629 1730 820 1769 emergat,
838 1732 880 1755 ac
896 1718 1022 1756 denuo
1043 1718 1139 1756 idem
1168 1732 1309 1769 passus,
1325 1727 1518 1769 postremo

50 1787 197 1835 penitus
215 1785 439 1829 occultetur,
460 1784 559 1820 hane
579 1797 647 1834 ego
677 1796 826 1820 eausam
853 1797 932 1820 esse
952 1783 1204 1829 crediderim,
1230 1796 1354 1820 rarum
1383 1795 1518 1832 nempe

51 1850 122 1890 tdae
142 1850 279 1887 montis
301 1850 423 1887 solum
453 1857 489 1886 et
512 1849 635 1886 inultis
659 1848 843 1886 cuniculis
863 1862 1126 1887 cavernosum.
1158 1848 1275 1887 Abest
1291 1848 1338 1886 ab
1355 1849 1519 1886 Alexan-

49 1916 153 1962 dria,
180 1928 264 1965 quae
287 1923 343 1951 est
373 1914 410 1951 in
444 1913 615 1960 Troade,
643 1914 857 1964 Marpessus
884 1913 1005 1951 stadia
1037 1914 1155 1951 ferme
1187 1928 1296 1953 ccxl..
1322 1915 1368 1952 lit
1397 1916 1520 1952 llero-

52 1981 190 2031 philam
223 1979 376 2031 quidem
412 1977 649 2016 Alexandriae
684 1978 786 2015 cives
823 1978 1009 2029 Apollinis
1042 1979 1146 2016 aiunt
1186 1978 1371 2015 Sminthei
1406 1978 1520 2016 fuisse

51 2046 240 2092 aedituam3
268 2043 433 2083 Hecubae
459 2056 552 2082 vero
580 2043 765 2080 somnium
788 2043 1094 2093 interpretatam,
1115 2044 1210 2081 sicut
1233 2052 1369 2081 eventu
1391 2052 1520 2094 postea

55 2124 183 2148 verum
204 2118 441 2160 compertum
468 2117 534 2146 est.
555 2109 730 2159 Magnam
758 2108 844 2145 vitae
861 2117 1005 2158 partem
1036 2109 1111 2159 egit
1140 2108 1221 2146 haee
1234 2108 1376 2159 Sibylla
1396 2108 1522 2153 Sami3

53 2175 114 2212 ‚sed
136 2183 173 2212 et
198 2175 335 2212 Claron
364 2173 693 2224 Colophoniorum
721 2172 838 2218 adiit3
856 2173 960 2210 venit
979 2173 1091 2211 etiam
1120 2174 1242 2211 Delon
1273 2182 1310 2211 et
1326 2173 1522 2223 Delphos;

53 2252 94 2276 ac
106 2238 263 2288 Delphis
278 2237 432 2288 quidem
447 2237 484 2274 iu
503 2237 581 2283 illa,
600 2250 675 2286 qua
688 2236 865 2284 diximus,
887 2246 995 2288 petra
1015 2246 1117 2274 stans
1132 2238 1303 2276 canebat.
1316 2239 1356 2275 ln
1373 2236 1526 2275 Troade

57 2312 177 2341 tamen
202 2316 302 2339 mors
323 2303 357 2339 ei
383 2302 565 2352 contigit,
590 2301 653 2338 ubi
671 2311 707 2338 ct
727 2301 806 2352 ejus
828 2303 1042 2353 sepulcrum
1069 2311 1123 2340 ost
1146 2304 1183 2339 in
1207 2302 1392 2341 Sminthei
1415 2303 1500 2340 luco
1516 2330 1527 2348 ,

59 2368 181 2404 incisis
198 2367 382 2404 columnae
403 2367 516 2420 elegis
536 2366 644 2404 talem
670 2367 708 2403 in
728 2366 881 2403 modum
898 2380 907 2406 ε

270 2431 334 2469 llla
352 2444 421 2482 ego
444 2445 543 2478 sum,
561 2431 698 2470 Phoebi
718 2433 904 2482 interpres
927 2445 1003 2469 non
1023 2445 1140 2478 vana,
1154 2431 1318 2483 Sibylla,

320 2496 387 2533 llic
404 2510 487 2547 quae
507 2510 720 2534 marmoreo
741 2497 940 2534 ‹·ontine0r
962 2497 1132 2544 tumulo;

264 2561 412 2598 Vocalis
429 2561 621 2611 quondam
635 2590 644 2607 ,
665 2569 846 2598 aeternum
875 2575 977 2599 nunc
1005 2570 1108 2599 muta
1128 2562 1278 2612 puella,

317 2625 469 2663 Scilicet
494 2625 562 2662 hac
580 2625 645 2662 sati
664 2626 848 2676 compede
869 2639 995 2676 pressa
1013 2626 1134 2676 gravi.

267 2691 457 2728 Mercurio
477 2699 601 2728 tamen
622 2699 658 2727 et
675 2690 862 2741 Nymphis
880 2691 1083 2742 conjuncta
1103 2692 1280 2741 quiescO,

321 2755 432 2800 Quod
454 2754 600 2793 Phoebo
623 2756 760 2792 fuerim
781 2769 908 2803 sacra,
931 2756 1056 2793 ferens
1083 2756 1258 2805 pretium.

62 2817 176 2856 Juxta
199 2819 414 2869 sepulerum
430 2828 578 2856 erectus
602 2827 657 2857 est
678 2820 889 2858 Mercurius
913 2833 933 2857 e
948 2819 1094 2870 lapide,
1122 2820 1238 2870 ligura
1256 2819 1530 2870 quadrangula.

66 2881 120 2918 Ad
143 2882 271 2920 laevam
300 2896 397 2932 aqua
418 2882 454 2919 in
486 2884 798 2932 conceptaculum
826 2882 1027 2929 delabitur,
1055 2883 1119 2920 uhi
1144 2883 1405 2934 Nympharum
1426 2884 1529 2933 signa
