1752 3495
154 195 214 239 72
536 193 613 236 AD
646 193 988 238 SlBYLLINOS
1022 193 1230 238 LIBROS

151 309 165 325 ι.
196 291 383 337 interfuit,
409 289 592 340 cujusque
613 289 772 338 librum,
803 298 874 328 etc.
895 290 1016 341 liujus
1039 291 1252 340 sepulcrum
1279 289 1318 327 in
1339 289 1464 328 Sicilia
1484 289 1610 329 adhuc

149 373 164 389 ι
195 355 344 392 visitur.
367 372 382 388 ιι
404 353 451 392 Et
469 352 584 401 idem,
603 367 689 404 cap.
711 354 731 391 5
753 367 761 393 :
784 370 798 386 α
815 353 1041 404 Lilybitana:
1067 351 1247 406 [regioni]
1267 352 1475 402 Lilybaeum
1492 354 1608 404 oppi-

148 436 164 453 ·
194 418 283 455 dum
302 417 417 455 decus
434 426 487 455 est
500 444 510 460 .
529 426 568 455 et
587 418 738 467 Sibyllae
755 417 986 467 sepulcrum.
1006 436 1021 450 a
1036 417 1190 455 Tacitus
1209 430 1381 467 quoqne,
1398 419 1530 455 Annal.
1546 419 1609 464 Vl,

150 485 172 534 §
198 496 264 530 n,
293 495 411 533 quum
433 481 642 527 retulisset,
663 483 815 518 incenso
833 481 1024 531 Capitolio
1049 481 1266 530 exustisque
1286 480 1405 527 libris,
1427 481 1608 530 Sibyllina

149 546 302 585 oracula
327 559 395 596 per
414 546 630 596 provincias
656 554 878 595 exterasque
895 546 1090 596 regiones,
1123 544 1356 595 ubicumque
1376 545 1533 596 alicujus
1552 547 1609 584 Si·-

147 610 258 661 byllae
273 610 368 647 sama
383 608 717 658 exstitisset‚jnssn
735 607 896 645 Senatus
910 609 1132 658 conquisita,
1152 608 1279 646 addit:
1293 627 1307 642 «ι
1323 617 1360 646 et
1376 622 1420 646 cx
1441 610 1563 647 Sicilia
1577 628 1606 648 υ.

146 673 259 712 Unde
280 681 440 723 apparet
469 673 516 710 de
532 672 675 721 Sibylla
700 671 825 710 Sicula
841 700 850 716 ‚
870 673 928 709 vel
950 672 997 709 de
1021 671 1176 720 Sibyllae
1202 672 1406 722 cujuslibet
1427 673 1463 709 in
1483 673 1608 710 Sicilia

145 737 460 781 commoratione,
488 736 600 773 fnisse
625 734 703 784 jam
729 743 808 772 tum
830 737 867 772 in
886 736 1082 773 hominum
1104 750 1171 772 ore
1191 742 1396 774 sermones,
1419 738 1455 775 Si
1477 737 1608 775 Solino

144 802 353 847 credimus,
371 800 571 851 Tarquinii
598 799 739 850 Sibylla
761 800 841 837 haec
865 800 948 839 snit.
970 802 1113 850 Nempe
1131 799 1322 845 homines,
1347 815 1462 851 quum
1486 802 1532 838 dc
1552 802 1609 840 Si-

144 867 256 916 byllae
274 865 540 915 Tarquinianae
557 865 656 909 satis,
679 875 880 915 postquam
900 878 946 902 ex
965 866 1085 902 oculis
1104 867 1319 902 evanuisset
1336 867 1491 916 (conl'er
1511 867 1606 903 infra

145 931 303 968 dicenda
323 932 362 967 in
384 931 472 967 Exc.
486 929 566 978 Ill),
584 930 674 966 nihil
694 942 850 979 usquam
870 929 1052 979 scriptum
1073 930 1299 979 reperirent,
1320 931 1506 967 linxerant
1526 944 1609 967 eam

144 996 184 1032 in
209 994 335 1032 Sicilia
359 993 486 1030 sedem
512 1002 549 1030 et
568 993 784 1044 sepulcrum
815 992 1014 1030 invenisse.
1044 992 1117 1030 Sed
1141 1006 1229 1030 vero
1250 994 1410 1044 propius
1437 995 1608 1040 videtur,

130 1046 241 1096 ‘sicut
257 1071 303 1095 cx
320 1058 526 1108 Erythraeae
542 1058 695 1108 Sibyllae
716 1057 899 1094 memoria
921 1066 1005 1094 orta
1024 1067 1103 1094 erat
1120 1058 1331 1095 Cimmcriae
1350 1072 1413 1095 sen
1432 1061 1609 1096 Cumana!

141 1122 283 1170 sabula,
303 1135 428 1172 neque
445 1121 482 1158 id
500 1121 608 1158 aliam
620 1121 808 1171 potiorem
828 1120 878 1158 ob
894 1134 1043 1158 causam
1059 1135 1170 1171 quam
1189 1121 1238 1158 ob
1254 1122 1416 1171 aliquam
1436 1123 1607 1172 locorum

139 1185 447 1235 similitudinem,
466 1185 515 1222 ita
529 1185 576 1222 ad
593 1185 772 1222 Cumanae
791 1186 988 1237 exemplar
1008 1187 1206 1223 conlictam
1227 1199 1306 1224 esse
1325 1187 1487 1224 Siculam
1510 1187 1607 1224 hanc

139 1259 297 1301 propter
320 1259 468 1287 antrum
487 1249 660 1287 Cumano
685 1249 822 1295 simile,
844 1250 946 1298 qnod
966 1263 1086 1300 prope
1118 1250 1327 1300 Lilybaeum
1354 1249 1472 1304 [nunc
1497 1255 1608 1289 Mar-

138 1315 258 1366 salla]
278 1314 494 1362 visebatur,
517 1314 710 1365 hodieque
733 1315 883 1352 visitur.
902 1315 1051 1352 Clarum
1074 1315 1166 1352 illud
1186 1316 1257 1352 suit
1282 1317 1489 1367 praesertim
1520 1331 1607 1354 ora-

140 1381 227 1418 culo
259 1381 362 1431 putei
382 1379 466 1418 sui:
493 1393 605 1430 quem
627 1388 782 1430 puteum
804 1379 882 1429 jam
907 1389 993 1417 ante
1018 1380 1163 1417 Punica
1185 1379 1285 1418 bella
1306 1381 1489 1431 insignem
1511 1383 1607 1420 sama

143 1446 274 1490 fuisse,
293 1453 499 1495 posteaque
517 1444 701 1495 originem
721 1452 758 1481 et
783 1457 920 1481 nomen
946 1443 1030 1482 urbi
1053 1445 1122 1494 ipsi
1145 1443 1313 1494 Lilybaeo
1330 1444 1491 1490 dedisse,
1513 1459 1606 1481 ron-

141 1517 213 1546 stat
235 1508 392 1546 Diodori
409 1508 524 1547 Siculi
544 1507 779 1554 testimonio,
809 1506 873 1545 lib.
902 1508 1002 1554 xlll,
1020 1508 1041 1557 §
1060 1515 1122 1554 24,
1146 1508 1208 1547 cd.
1236 1508 1317 1558 Rip.
1335 1510 1410 1546 Nec
1434 1509 1605 1546 locorum

142 1574 235 1610 situs
253 1572 367 1610 hodie
387 1571 594 1609 admodum
615 1571 789 1610 diversus·
809 1581 887 1619 cst,
907 1586 977 1609 nec
997 1573 1142 1609 oraculi
1160 1573 1340 1609 meinoria
1359 1573 1563 1611 intercidit.

194 1635 336 1674 Multus
356 1643 412 1672 est
435 1635 473 1671 in
493 1634 593 1672 antri
616 1635 799 1685 puteique
818 1634 1076 1685 descriptione
1099 1638 1232 1675 Octav.
1253 1636 1474 1683 Caietanus‚
1491 1638 1531 1675 S.
1553 1638 1609 1687 J„

141 1701 414 1750 Syracusanus,
435 1699 542 1749 cujus
562 1712 659 1748 opus
679 1707 896 1749 postumum
915 1700 1093 1737 Panormi
1108 1700 1265 1746 editum,
1285 1714 1386 1737 anno
1406 1714 1514 1747 1707,
1534 1701 1607 1739 hoc

143 1763 274 1799 titulo:
294 1780 308 1796 «ι
323 1761 536 1813 Isagogead
550 1762 905 1818 historiam‘sacram
926 1763 1104 1812 Siculam,
1125 1781 1140 1796 »
1155 1764 1254 1801 inter
1267 1765 1339 1802 alia
1359 1764 1406 1801 dc
1424 1765 1493 1802 hac
1509 1766 1608 1802 aliis·
1632 1770 1637 1774 '

138 1841 213 1879 que
232 1828 386 1877 sibyllis
403 1828 567 1874 notiora,
589 1828 667 1866 haec
686 1827 799 1865 habet
818 1843 826 1866 t
848 1846 863 1861 κ
884 1829 1089 1867 Oracnlnm
1113 1829 1270 1879 Sibyllae
1298 1831 1336 1866 in
1361 1831 1491 1868 Sicilia
1512 1831 1582 1868 suit
1597 1863 1607 1881 ,

139 1912 153 1926 n
177 1906 262 1943 quae
286 1893 323 1930 iu
356 1901 466 1930 antro
494 1892 743 1930 subterraneo
762 1892 809 1930 ad
840 1895 1147 1944 promontorium
1174 1894 1383 1945 Lilybaeum
1406 1895 1606 1933 vaticinata

138 1966 243 1996 -est.
279 1959 437 1994 Antrum
469 1956 660 1994 veteribus
689 1957 728 1994 in
758 1957 906 1995 honore
942 1957 1200 2006 liabitnm....‚.‚
1233 1967 1269 1996 et
1301 1959 1516 2009 sepulcrum
1550 1960 1608 1999 Si-

138 2040 152 2055 n
178 2022 287 2072 byllae
292 2049 369 2061 .....
408 2021 557 2059 Nostris
588 2035 678 2059 vero
706 2022 944 2072 temporibus
978 2032 1129 2060 antrum
1165 2024 1349 2061 duntaxat
1383 2025 1517 2062 visitur
1522 2053 1603 2064 .....

138 2106 154 2121 «ι
180 2086 333 2137 Sibyllae
356 2086 591 2124 domicilium
619 2086 713 2123 illud
746 2086 880 2133 fuisse,
911 2086 1030 2124 forma
1053 2089 1130 2138 ipsa
1151 2088 1298 2125 aedilicii
1326 2102 1370 2126 ac
1397 2090 1470 2127 loci
1493 2091 1606 2127 facies

138 2171 154 2185 ι
176 2151 425 2198 demonstrat,
445 2164 528 2201 quae
549 2151 701 2188 iniuime
719 2151 871 2201 quidem
896 2152 1127 2202 sepulcrum,
1149 2152 1214 2189 sed
1237 2152 1432 2190 aediculam
1457 2154 1608 2205 praefert

141 2234 156 2249 u·
176 2216 405 2266 adytumque
427 2216 619 2267 penetrale
636 2245 646 2262 ,
665 2217 702 2253 in
725 2229 803 2266 quo
823 2215 966 2266 Sibylla
988 2215 1203 2266 petentibus
1223 2231 1401 2268 responsa
1427 2219 1606 2266 traderet,

138 2298 154 2313 ι
174 2280 284 2330 quale
302 2280 432 2318 Cumis
452 2280 488 2317 in
513 2280 720 2331 Campania
727 2307 799 2318 .....
825 2281 917 2319 Nam
944 2279 1235 2319 subterraneum
1270 2295 1317 2319 ex
1339 2281 1486 2332 integro
1503 2312 1513 2329 ‚
1545 2297 1604 2319 so-

138 2362 154 2377 ·
177 2344 330 2393 lidoque
358 2357 447 2382 saxo
474 2353 780 2382 concameratum
805 2359 812 2382 :
834 2345 870 2381 in
893 2344 1017 2381 medio
1051 2354 1209 2396 puteus,
1231 2347 1291 2383 cui
1323 2359 1460 2384 nomen
1493 2347 1604 2397 Lily-

135 2427 150 2442 «
172 2407 312 2457 baeum,
334 2407 382 2445 ab
404 2409 568 2458 antiquis
587 2408 783 2458 insigniter
806 2407 1038 2456 celebratus,
1060 2410 1168 2460 cujus
1190 2410 1347 2448 sortasse
1369 2410 1503 2448 haustu
1540 2413 1602 2449 Si-

136 2493 152 2507 ι
171 2473 274 2522 bylla
309 2473 433 2510 l'urere
475 2487 518 2510 ac
555 2473 773 2519 vaticinari,
811 2475 906 2511 sicut
935 2474 1036 2525 apud
1083 2475 1298 2525 Apollinem
1335 2475 1500 2513 Clarium
1519 2505 1530 2525 ‚
1565 2485 1603 2513 nt

137 2556 154 2571 .-
178 2537 393 2575 Macrobius
415 2537 528 2575 tradit
547 2537 660 2588 [adde
683 2537 948 2586 lambliclmm,
971 2548 1008 2576 et
1027 2540 1159 2577 confer
1179 2554 1309 2590 supra,
1331 2554 1412 2591 cap.
1436 2541 1486 2591 4].
1509 2542 1601 2579 Cre-

137 2620 153 2636 ι
175 2601 337 2639 diderint
357 2603 470 2639 etiam
493 2602 676 2653 Sibyllam
707 2604 812 2653 putei
839 2617 936 2654 aqua
966 2603 1097 2642 lavisse
1115 2618 1154 2641 se
1173 2618 1217 2642 ac
1247 2605 1466 2654 purificasse
1492 2614 1602 2644 ante-

136 2684 152 2699 «
175 2680 289 2717 quam
307 2667 591 2714 vaticinaretur,
609 2666 712 2717 qnod
729 2667 775 2704 de
795 2669 962 2706 Cumana
979 2677 1064 2706 vate
1078 2669 1250 2707 ‚lustinus
1271 2679 1413 2719 martyr
1436 2669 1600 2707 affirmat

134 2750 148 2764 α
169 2730 317 2781 [confer
352 2745 486 2782 supra,
520 2745 603 2782 pag.
634 2730 714 2785 5ι].
735 2733 833 2771 Sane
869 2741 1006 2783 puteus
1043 2734 1187 2784 palmos
1215 2734 1384 2784 quinque
1414 2735 1512 2772 altus
1544 2744 1599 2772 est

136 2813 150 2829 «
171 2796 335 2847 [palmus
366 2796 513 2834 Siculus
547 2796 638 2848 pede
667 2805 832 2835 nostrate
852 2798 997 2836 Gallico
1017 2799 1228 2849 quadrante
1260 2799 1337 2855 fere
1365 2799 1488 2837 minor
1502 2798 1597 2852 est]‚

135 2880 148 2894 π
171 2875 267 2913 aqua
295 2863 443 2914 saporis
464 2863 541 2901 sere
558 2863 641 2901 salsi
663 2879 671 2902 :
707 2864 840 2902 crescit
870 2863 1128 2915 decrescitque
1162 2864 1326 2916 proximi
1353 2865 1464 2904 maris
1485 2874 1594 2914 aestu,
