1686 3500
661 64 820 109 EXCU
830 64 976 110 RSUS
1006 63 1083 109 Vl.
1524 65 1618 110 575

772 162 846 202 Καὶ
866 161 1041 216 βαρὸάρος
1058 160 1150 215 ἀρχὴ

294 225 453 268 Ἑλλάδα
471 225 630 281 πορθῆσῃ
650 232 787 276 πᾶσαν,
809 242 846 266 κ.
867 241 900 266 τ.
913 228 949 267 λ.

136 293 224 333 Haec
240 306 354 340 vero,
371 302 414 331 ut
431 292 546 332 modo
560 292 738 338 diximus,
754 291 794 329 in
812 291 1072 330 Alexandrino
1087 290 1246 328 istorum
1266 297 1483 341 temporum
1505 299 1618 342 poeta

136 357 290 395 minime
319 355 548 408 reprehendi
584 364 767 407 potuere3
810 367 934 405 neque
971 354 1133 392 fortasse
1159 352 1328 392 notanda
1362 362 1507 401 essent,
1542 354 1618 394 nisi

134 430 268 473 postca
298 420 370 460 sub
402 418 697 472 imperatoribus
727 418 908 457 Romanis
935 418 1172 457 Christianos
1186 447 1197 466 ‚
1228 416 1395 456 dominis
1425 418 1503 457 suis
1523 418 1619 458 male

133 485 322 536 subditos,
343 486 554 523 imitatores
570 483 819 523 invenissent.

186 550 273 589 Jam
298 551 463 601 primum
488 548 586 587 liber
614 548 676 596 lv,
703 547 876 585 omnium
898 555 985 598 post
1001 559 1116 585 aeram
1133 556 1300 585 nostram
1320 546 1618 599 antiquissimus,

133 628 210 652 non
235 615 348 653 semel
371 614 419 652 ad
440 617 636 652 Romanos
663 611 838 663 respicit,
857 624 983 662 neque
1003 624 1173 662 unquam
1193 611 1274 649 sine
1297 611 1435 649 acerba
1454 612 1619 650 insecta-

134 679 259 727 tione,
282 680 476 731 praecipue
495 677 546 715 ob
567 678 763 715 incensum
784 675 1139 727 Hierosolymorum
1163 676 1347 727 tempium
1369 689 1620 729 eversamque

133 744 355 783 ,ludaeorum
378 743 573 781 civitatem
589 773 598 791 ,
619 755 655 780 v.
679 743 750 779 115
773 742 879 793 (nov.
903 741 1017 792 rec.),
1042 749 1080 778 et
1098 753 1182 792 sqq.
1202 754 1211 780 ι

289 808 393 852 Ἥξει
411 807 471 846 καὶ
488 806 679 857 Σολύμοισι
697 805 790 853 κακὴ
809 804 977 857 πολέμοιο
996 803 1124 844 θύελλα

290 871 465 910 Ἰταλόθεν
478 885 488 894 ·
508 870 589 919 νηὸν
610 871 646 908 δὲ
665 872 758 910 Θεοῦ
776 868 887 920 μέγαν
906 868 1127 914 ἐξαλαπάξει.

290 935 417 975 Ἡνίκα
434 936 464 974 δ’
483 929 698 989 ἀφροσύνῃσι
714 934 936 982 πεποιθότες,
957 933 1118 981 εὖσεὸίην
1137 934 1200 985 μὲν

291 1000 454 1054 ‘Pi-{fouet
466 1029 477 1046 ‚
496 998 682 1053 στυγεροὺς
703 998 740 1037 δὲ
759 1000 897 1037 τελοῦσι
914 998 1037 1051 φόνους
1050 998 1131 1052 περὶ
1151 999 1255 1051 νηόν,

293 1065 361 1103 Καὶ
380 1065 451 1103 τότ’
466 1066 527 1104 ἀπ’
548 1064 724 1111 Ἰταλίης,
743 1079 777 1102 κ.
797 1079 829 1102 τ.
846 1064 884 1102 λ.

133 1138 171 1167 ct
192 1143 227 1168 v.
256 1131 327 1169 132
347 1130 474 1181 (135),
496 1143 582 1180 sq.:

291 1195 480 1233 Γινώσκειν
499 1194 578 1234 τότε
595 1197 698 1245 μῆνιν
717 1193 937 1250 ἐπουρανίοιο
952 1193 1057 1233 Θευῖο
1070 1224 1082 1242 ,

291 1258 477 1299 Εὐσεὸέων
493 1259 546 1299 ὅτι
562 1260 666 1313 φῦλον
687 1258 842 1297 ἀναίτιον
862 1256 1093 1304 ἐξολέκουσιν.

131 1314 233 1365 Alibi
252 1340 347 1364 vero
366 1335 524 1377 propter
542 1339 636 1377 opes
655 1339 700 1364 ex
720 1325 806 1364 Asia
824 1333 974 1377 raptas,
990 1338 1030 1363 v.
1054 1330 1126 1371 ιω
1144 1324 1270 1377 (145),
1286 1337 1371 1378 sqq.
1388 1340 1399 1365 ε
1453 1327 1457 1331 ’

288 1389 393 1436 “iliez
409 1391 438 1429 δ’
455 1391 503 1434 εἷς
519 1390 637 1438 Ἀσίην
655 1391 803 1433 πλοῦτος
823 1388 954 1442 μέγας,
975 1387 1014 1428 ὅν
1033 1392 1119 1427 ποτε
1133 1387 1260 1441 Ῥώμη

290 1455 388 1503 Αὐτὴ
406 1454 592 1503 συλήσασα
612 1454 848 1494 πολυκτέανον
862 1453 953 1492 κατὰ
974 1454 1077 1504 δῶμα

290 1520 450 1567 Θήκατο,
469 1536 503 1559 κ.
523 1536 554 1559 τ.
571 1522 608 1561 λ.

183 1586 286 1638 Ergo
309 1599 442 1623 omnes
463 1594 579 1637 poeta
607 1584 842 1623 calamitates
865 1583 1050 1622 Romanis
1076 1581 1137 1621 vel
1156 1582 1395 1635 imprecatur
1422 1584 1481 1623 vel
1506 1585 1616 1624 laetus
1645 1594 1651 1599 ’

128 1650 350 1703 portendit,
369 1664 587 1701 quanquam
607 1650 710 1687 haud
732 1649 850 1688 dubie
868 1649 1103 1687 christianus
1120 1649 1252 1700 homo,
1271 1648 1352 1699 sed,
1369 1658 1413 1689 ut
1433 1649 1615 1698 diximus,

131 1716 253 1766 patria
274 1714 448 1760 Judaeus,
480 1713 749 1765 moribusque,
769 1714 800 1751 si
834 1727 913 1751 non
939 1721 977 1752 et
1008 1714 1207 1761 doctrina,
1230 1713 1457 1765 judaizans,
1483 1715 1616 1767 quales

131 1779 271 1817 multos
299 1787 377 1817 tum
397 1779 512 1816 fuisse
532 1779 762 1818 notavimus.
785 1780 911 1829 Atque
935 1778 1009 1829 ipsi
1032 1778 1238 1817 Christiani
1257 1778 1466 1817 crudeliter
1483 1787 1573 1818 tunc
1594 1793 1616 1818 a

127 1843 309 1882 Romanis
338 1842 595 1894 vexabantur,
623 1842 917 1881 recrudescente
946 1841 1018 1881 sub
1055 1842 1279 1881 Domitiano
1321 1844 1615 1895 persecutione,

128 1910 239 1960 cujus
259 1917 393 1947 auctor
409 1910 511 1948 Nero
530 1909 674 1953 sueram
699 1907 804 1946 unde
825 1907 863 1945 in
884 1907 957 1945 hoc
976 1906 1062 1959 ipso
1080 1907 1385 1960 librojustorum
1407 1909 1615 1948 miserrima

129 1974 331 2026 oppressio
352 1974 602 2024 significatur,
624 1986 663 2010 v.
689 1973 751 2019 35,
772 1985 858 2023 sqq.
883 1986 892 2009 ι

286 2032 357 2077 ῗὨν
374 2037 500 2091 τρόπον
515 2036 675 2085 εὖσεὸίην
690 2043 732 2075 τέ
747 2037 806 2075 καὶ
826 2037 912 2084 ἤθεα
932 2036 1048 2090 ἀνέρες
1067 2036 1169 2075 ἄλλοι

288 2103 430 2143 Οὗποτε
449 2102 665 2156 μιμήσονται
686 2101 863 2149 ἀναιδείην
881 2102 1062 2145 ποθέοντες
1075 2131 1085 2150 ,

287 2168 382 2208 Ἀλλ’
400 2168 522 2212 αὐτοὺς
538 2167 649 2221 χλεύῃ
666 2183 704 2206 τε
719 2166 848 2220 γέλωτί
865 2183 903 2206 τε
924 2167 1161 2219 μυχθίζοντες,

286 2232 420 2280 Νήπιοι
433 2231 666 2287 ἀφροσύνῃσιν
679 2263 690 2284 ,
707 2232 952 2287 ἐπιψεῦσονται
968 2231 1112 2277 ἐκείνοις

284 2295 393 2338 “an’
410 2300 526 2341 αὐτοῖς
547 2297 699 2352 ῥέζουσιν
712 2328 722 2347 ,
738 2298 919 2337 ἀτάσθαλα
937 2298 996 2337 καὶ
1015 2296 1108 2337 κακὰ
1128 2295 1227 2351 ἔργα.

288 2365 486 2403 Δύσπιστον
499 2361 565 2416 γὰρ
579 2361 671 2402 ἅπαν
693 2362 854 2416 μερόπων
872 2362 980 2415 γένος.

180 2432 230 2470 At
249 2428 289 2468 in
320 2429 366 2467 iis
382 2428 493 2466 libris
509 2429 576 2480 qui
607 2427 679 2467 sub
700 2428 895 2467 Antonino
927 2429 999 2468 Pio
1019 2427 1154 2479 scripti
1186 2435 1297 2474 sunt,
1324 2427 1503 2479 quamvis
1524 2436 1615 2467 tunc

127 2495 346 2547 persecutio
368 2494 584 2545 principum
609 2494 845 2532 humanitate
862 2492 1130 2545 deferbuerat,
1147 2501 1274 2531 tamen
1301 2493 1515 2545 exasperati
1533 2507 1615 2532 ma-

129 2561 256 2599 lorum
283 2559 467 2598 memoria
496 2559 617 2597 nostri
643 2567 768 2610 poetae
787 2559 909 2598 nihilo
929 2551 1069 2608 minus,
1087 2558 1182 2611 quin
1210 2566 1249 2598 et
1276 2557 1451 2598 acerbius
1469 2558 1509 2597 in
1537 2558 1614 2598 Ro-

129 2637 280 2663 manam
297 2624 509 2676 potentiam
537 2624 789 2663 invehuntur.
807 2624 963 2663 Initium
985 2625 1168 2662 faciemus
1193 2638 1214 2663 a
1235 2623 1337 2662 libro
1354 2623 1512 2676 quinto,
1535 2623 1615 2678 sere

127 2690 197 2728 illo
213 2689 369 2741 quidem
380 2688 559 2740 judaico,
574 2689 642 2728 sed
660 2698 800 2736 tamen,
818 2698 860 2727 ut
873 2689 1054 2738 diximus,
1070 2703 1092 2728 a
1108 2689 1218 2728 novis
1232 2691 1348 2728 sacris
1365 2702 1442 2728 uon
1459 2702 1615 2741 prorsus

130 2756 273 2799 alieno,
294 2757 330 2793 in
347 2768 424 2805 quo
445 2755 524 2792 haec
539 2755 733 2806 leguntur,
748 2768 783 2793 v.
809 2756 894 2803 157,
913 2768 997 2806 sqq.
1017 2770 1026 2792 z

286 2819 388 2864 ἽΙξει
403 2820 431 2856 δ’
446 2818 627 2871 οὐρανόθεν
647 2820 678 2857 τ’
702 2819 813 2873 ἀστὴρ
833 2819 940 2871 μέγας
957 2820 1004 2863 εἰς
1024 2820 1090 2858 ἅλα
1115 2819 1241 2868 δεινήν,
