1686 3500
64 249 156 295 390
403 249 482 294 AD
515 249 862 295 SIBYLLlNOS
897 249 1100 295 LIBROS

61 356 174 395 quam
195 357 302 383 suam
331 344 504 396 agnoscit
517 374 528 393 ,
550 353 593 383 ut
616 344 804 395 diximus,
824 345 969 384 felicem
991 343 1150 382 omnino
1173 351 1211 382 et
1237 355 1363 381 aureae
1379 343 1533 382 cuidam

60 407 161 463 aetati
178 407 338 446 similem
367 408 486 459 fingit,
511 409 620 461 cujus
637 408 842 461 participes
858 409 924 459 qni
955 407 1120 459 suerint,
1139 406 1166 446 ii
1188 406 1303 446 etiam
1326 415 1416 459 post
1433 420 1532 447 mor·

62 479 135 509 tem
158 469 262 510 beati
287 484 354 510 seu
373 470 455 510 divi
488 472 672 527 (μάκαρες)
689 470 1031 522 nuncupabuntur.

109 535 281 586 Septima
305 535 394 574 inde
413 537 632 588 generatio,
663 549 684 574 a
715 535 861 578 diluvio
882 534 1077 584 secunda,
1101 533 1307 586 incipit,v.
1329 536 1422 583 307,
1445 547 1529 586 sqq.

63 599 115 638 Ea
130 598 310 637 Titanum
329 599 425 646 erit,
443 612 607 651 quorum
640 605 785 638 statura
802 597 936 648 ingens
961 598 1187 648 animusque
1218 597 1325 636 ferox
1341 597 1532 649 effingun-

57 671 140 710 tur-3
163 663 275 702 simul
306 664 477 702 omnium
499 664 627 715 lingua
659 675 735 701 una
755 662 872 700 fuisse
904 662 1072 711 dicitur,
1099 661 1234 700 eadem
1249 661 1428 700 videlicet
1446 675 1533 712 quae

57 728 239 766 hactenus
268 728 436 766 humano
460 728 588 779 generi
607 726 820 765 communis
843 725 978 765 fuerat.
1006 730 1132 778 Atque.
1151 728 1201 765 ita
1221 726 1378 765 Titanes
1399 735 1531 777 aperte

54 792 344 831 confunduntur
361 805 448 831 cum
471 793 586 844 impla
600 792 664 830 illa
684 791 883 843 progenie,
897 800 986 843 post
1000 791 1189 830 diluvium
1211 799 1343 830 exorta
1355 819 1368 842 ,
1387 790 1436 829 de
1453 804 1529 842 qua

52 857 237 909 scriptum
258 866 312 895 est
332 857 370 895 in
391 857 545 904 Genesi,
565 869 650 908 cap.
675 870 717 894 ιι
733 886 742 903 ,
761 870 795 893 ν.
820 870 833 893 1
859 871 868 894 ε
889 874 904 890 κ
921 857 1010 895 Erat
1027 864 1153 895 autem
1175 864 1278 894 terra
1301 855 1393 894 labii
1416 856 1529 894 unius

53 940 68 955 «ι
87 931 125 960 et
143 935 359 960 sermonum
388 922 625 959 corumdem.
643 938 658 955 υ
679 922 726 960 Et
754 921 810 959 illi
837 921 1011 972 quidem,
1034 930 1129 960 teste
1147 920 1310 972 Sibylla,
1331 934 1417 959 cum
1445 920 1529 958 Deo

12 1037 15 1041 ,
53 986 213 1038 praeliari
231 985 509 1024 contenderunt
527 986 579 1032 (id
602 999 758 1037 quoque
780 985 878 1023 sicut
893 986 1067 1035 Titanes,
1093 999 1162 1024 nec
1179 986 1261 1024 sine
1285 993 1461 1037 respectu
1483 984 1529 1023 ad

53 1051 188 1090 turrim
218 1049 363 1102 Babel),
382 1064 479 1101 quos
494 1064 697 1102 erumpens
716 1051 893 1090 Oceanus
914 1050 1107 1102 perditum
1128 1049 1236 1101 ibat,
1262 1062 1303 1090 v.
1331 1049 1423 1099 315,
1443 1062 1528 1100 sqq.

59 1115 158 1168 (vide
179 1129 227 1154 an
244 1115 430 1167 Ogygium
456 1115 642 1153 diluvium
671 1115 898 1167 intelligas),
931 1114 1002 1153 nisi
1024 1116 1127 1153 Deus
1146 1114 1358 1166 indignans
1392 1114 1531 1152 fluctus

51 1188 201 1218 emotos
225 1178 528 1230 compressisset,
551 1179 744 1229 pollicitus
771 1192 932 1231 nempe,
952 1192 986 1226 v,
1009 1179 1098 1227 317,
1117 1192 1193 1230 sq„
1219 1178 1365 1217 nullum
1395 1187 1529 1229 postea

52 1244 237 1282 diluvium
264 1243 447 1290 futurum,
465 1243 564 1280 sicut
581 1243 619 1280 in
640 1243 805 1292 Genesi,
823 1256 908 1294 cap.
926 1256 964 1294 9,
981 1257 1021 1284 v.
1042 1257 1056 1280 1
1069 1257 1100 1282 1.

104 1307 237 1346 Statim
265 1316 392 1345 autem
413 1315 500 1358 post
528 1307 632 1345 illam
665 1308 778 1346 maris
807 1307 1108 1346 exundationem
1129 1308 1349 1356 coercitam,
1381 1321 1421 1348 v.
1439 1309 1530 1358 319,

50 1387 149 1424 sqq„
169 1373 367 1412 descendit
386 1373 424 1411 in
442 1383 560 1411 terras
578 1373 651 1412 Dei
668 1373 783 1412 Filius
798 1373 912 1413 Jesus
926 1373 1110 1421 Christus,
1127 1386 1162 1412 v.
1174 1374 1262 1421 324,
1283 1386 1353 1425 sqq
1357 1401 1418 1412 .....
1436 1373 1531 1421 Quis

47 1451 125 1476 non
142 1437 386 1488 obstupescat
404 1437 624 1475 immensam
651 1437 754 1476 illam
772 1450 899 1475 rerum
921 1436 1189 1488 praedictarum
1212 1437 1386 1475 lacunam
1401 1438 1417 1475 ξ’
1436 1438 1530 1484 Quae

46 1503 134 1541 licet
154 1502 192 1540 in
213 1502 410 1553 Sibyllinis
429 1501 543 1541 codd.
563 1511 601 1539 et
622 1501 708 1540 edd.
739 1501 846 1540 nullo
870 1501 1053 1540 hactenus
1077 1501 1222 1540 indicio
1241 1502 1388 1553 signata
1401 1501 1531 1550 suerit,

47 1576 171 1605 tamen
190 1580 260 1605 uec
278 1566 364 1604 talis
380 1579 531 1618 semper
555 1566 668 1604 fuisse
689 1575 840 1617 potest,
868 1580 938 1604 nec
963 1566 1147 1618 primario
1173 1567 1343 1605 auctoris
1368 1566 1528 1604 consilio

48 1631 241 1684 imputari.
259 1632 398 1671 Utrum
416 1644 508 1669 vero
528 1629 774 1669 librariorum
792 1631 1019 1669 codicumve
1036 1631 1152 1679 vitio,
1181 1644 1229 1669 an
1259 1629 1421 1682 alicujus
1447 1631 1530 1669 edi-

48 1697 142 1735 toris
163 1696 324 1735 consilio
348 1709 552 1748 suppressa
567 1697 642 1734 sint
659 1710 745 1748 quae
764 1697 828 1736 hic
845 1697 1000 1744 desunt,
1015 1696 1366 1748 alias‘inquiremus
1385 1711 1395 1734 τ
1425 1710 1528 1735 nunc
1578 1723 1582 1728 ·

48 1763 220 1800 lacunam
248 1770 396 1800 tantum
425 1770 462 1799 et
482 1761 740 1813 interruptam
762 1775 890 1799 rerum
917 1761 1051 1800 seriem
1072 1769 1262 1799 notamus.

102 1827 188 1865 vita
202 1826 292 1864 inde
305 1826 447 1866 Christi
464 1835 502 1864 et
525 1826 709 1864 miracula
729 1836 767 1864 et
785 1826 911 1878 passio
927 1835 966 1864 et
989 1840 1090 1864 mors
1108 1834 1147 1864 et
1173 1826 1404 1865 resurrectio
1424 1839 1527 1878 prae-

52 1891 235 1930 dicuntur
255 1892 450 1943 sexaginta
469 1891 549 1930 fere
563 1889 738 1930 versibus
751 1920 761 1939 ,
779 1892 964 1938 324-382.
979 1893 1079 1931 Tum
1095 1891 1315 1930 christianae
1331 1891 1529 1944 religionis

49 1956 229 2005 exordia,
257 1970 295 1994 v.
324 1955 510 1996 383-386.
547 1956 647 1996 Hinc
678 1956 828 1994 eversio
872 1956 1142 2008 dispersioque
1176 1956 1299 2007 gentis
1334 1956 1503 1995 llebraeae
1517 1986 1528 2002 ‚

51 2033 88 2059 v.
122 2020 321 2071 387-398,
345 2028 637 2072 ceterarumque
666 2019 866 2057 civitatum
903 2019 1089 2057 horrendi
1117 2021 1218 2057 inter
1248 2032 1288 2056 se
1307 2019 1529 2066 conflictus,

50 2084 154 2136 quod
175 2085 316 2124 scilicet
332 2085 369 2122 in
395 2098 435 2123 se
454 2084 525 2123 nei
544 2084 681 2122 ultoris
701 2084 795 2122 iram
816 2084 959 2122 scelere
978 2097 1048 2121 suo
1069 2083 1343 2121 devocaverint
1360 2098 1367 2120 :

420 2148 520 2188 Ἐπεὶ
539 2148 648 2188 κακὸν
666 2149 786 2195 ἤλιτον
807 2147 905 2201 ἔργον
919 2177 929 2194 ,

204 2212 399 2264 Δεξάμεναι
416 2213 580 2265 μεγάλοιο
599 2214 691 2253 Θεοῦ
710 2212 815 2265 χόλον
832 2214 866 2251 ἐν
886 2212 1080 2252 κόλποισιν.

106 2277 254 2316 Desinit
278 2277 340 2316 hic
359 2279 397 2316 in
420 2277 506 2316 edd.
527 2279 627 2330 (nam
644 2278 796 2316 codices
811 2277 875 2316 alii
893 2277 1016 2324 aliter,
1036 2290 1112 2328 qua
1130 2277 1177 2316 de
1195 2291 1235 2316 re
1255 2278 1366 2329 plura
1381 2290 1451 2316 nos
1472 2278 1532 2315 in-

56 2342 125 2394 fra)
147 2342 178 2380 is
190 2343 256 2393 qui
274 2343 391 2394 vulgo
410 2343 557 2394 primus
580 2343 722 2382 dicitur
740 2342 857 2392 liber3
880 2351 996 2394 atque
1018 2342 1107 2381 hinc
1130 2343 1320 2381 secundus
1336 2342 1484 2397 iqcipit.

106 2406 232 2453 Quum
259 2419 318 2445 me
348 2408 475 2457 Deus,
507 2407 636 2459 inquit
666 2407 834 2459 Sibylla,
864 2407 1062 2459 paulisper
1088 2421 1110 2445 a
1141 2415 1258 2446 cantu
1287 2408 1528 2459 requiescere

53 2469 220 2519 sivisset,
246 2470 346 2509 idem
376 2483 435 2509 me
459 2485 592 2510 rursus
612 2472 724 2510 novis
748 2471 912 2510 stimulis
929 2472 1027 2523 agit,
1050 2479 1166 2522 atque
1183 2471 1222 2509 in
1249 2485 1350 2509 nova
1367 2470 1529 2523 impellit

57 2533 251 2579 vaticinia,
274 2534 328 2580 ll,
344 2548 382 2574 v.
410 2550 444 2582 ι,
466 2549 549 2587 sqq.

106 2599 316 2649 Postquam
350 2599 467 2650 igitur
485 2600 718 2639 tremoribus
740 2609 854 2652 atque
879 2600 1092 2651 omnigenis
1124 2600 1402 2639 calamitatibus
1432 2609 1529 2638 terra

51 2675 171 2700 vacua
186 2674 230 2699 ac
243 2662 393 2700 deserta
410 2664 634 2703 remanserit
646 2693 656 2711 ‚
674 2677 715 2705 v.
731 2666 841 2710 6-14,
861 2664 1007 2702 decima
1020 2664 1176 2702 exsistet
1191 2672 1293 2711 aetas,
1314 2672 1393 2702 tum
1410 2675 1529 2714 quum

53 2728 157 2765 Deus
191 2727 420 2766 idololatriae
447 2728 558 2766 finem
581 2728 806 2779 imposuerit
824 2736 862 2766 et
879 2728 1090 2767 Romanum
1114 2728 1276 2781 fregerit
1301 2728 1530 2779 imperium,

50 2805 87 2830 v.
127 2793 261 2842 ¹5-19-
293 2792 489 2831 Labeutur
508 2794 724 2846 sanguineae
754 2793 802 2831 de
832 2794 928 2832 coelo
958 2802 1098 2846 guttae,
1126 2808 1164 2832 vz
1191 2807 1255 2842 πο,
1277 2793 1527 2844 caedibusque

50 2864 88 2895 et
116 2856 225 2896 bellis
250 2871 385 2909 magna
416 2858 479 2895 fiet
500 2871 569 2910 per
596 2858 730 2896 orbem
758 2867 946 2897 terrarum
965 2859 1178 2910 desolatio,
1208 2868 1252 2897 ut
1278 2859 1343 2898 vix
1365 2856 1530 2896 hominis

53 2921 251 2975 vestigium
285 2922 526 2973 inveniatur,
558 2937 590 2964 v.
615 2937 750 2973 ²¹·27·
783 2924 904 2975 (Sunt
924 2924 1003 2963 haec
1032 2938 1108 2963 uon
1140 2923 1323 2972 decimae,
1352 2923 1420 2962 etsi
1440 2922 1529 2960 olim
