1686 3500
611 131 920 178 EXCURSUS
956 133 1038 178 Vl.
1388 181 1396 191 ,
1474 138 1565 184 563

88 228 193 265 viros
227 227 295 279 qui
320 241 341 265 e
368 227 664 279 judaisin‹›,u1·u
694 227 742 266 ad
773 240 912 266 novam
944 228 1168 279 religionem
1198 232 1448 271 accesserant.⁴
1475 232 1570 271 lnde

86 292 403 345 apocryphorum
424 305 524 331 nova
543 291 659 344 stirps
683 292 722 330 in
741 290 842 330 duos
859 292 1065 332 dividenda
1084 285 1260 334 surculos
1276 309 1286 333 ε
1311 308 1400 348 pars
1425 297 1571 350 quippe

86 357 158 395 sub
186 357 492 408 patriarcharum
510 364 577 395 aut
599 356 879 408 prophetarum
905 356 1120 396 aliorumve
1139 359 1275 409 priscae
1297 359 1391 412 legis
1410 371 1566 400 sancto-

85 436 171 461 rum
193 423 424 470 nominibus,
438 423 539 460 sicut
561 435 642 460 mos
660 421 859 473 antiquior
876 422 1012 469 suerat,
1034 426 1248 475 composita
1269 424 1385 476 (liber
1401 426 1567 474 Enoch„

83 487 369 525 Testamentum
397 487 469 526 xil
487 485 807 537 patriarcharum,
838 484 1073 524 Anabaticon
1104 486 1224 531 lsa'1'ae,
1251 497 1414 539 quartus
1436 490 1568 530 Esdrae

87 550 196 596 liber,
219 559 308 598 etc„
324 554 438 601 etc.);
467 563 557 602 pars
578 550 634 588 vel
659 551 751 588 salsa
772 549 981 600 evangelia,
999 550 1059 588 vel
1078 559 1158 588 acta
1173 579 1183 598 ,
1205 552 1408 602 epistolas,
1428 567 1570 606 apoca-

87 616 212 668 lypses
239 616 440 654 continens
455 616 717 666 apostolorum
739 614 963 653 virorumve
983 616 1299 666 apostolicorum,
1321 631 1455 657 eorum
1475 616 1572 671 prae·

85 680 200 730 cipue
219 680 285 730 qui
305 678 470 730 judaicis
490 678 664 729 partibus
679 679 797 730 magis
813 679 950 716 favisse
969 678 1205 730 putabantur
1218 680 1318 732 (ncta
1335 682 1453 730 Petri,
1467 684 1573 729 Petri

86 744 331 795 praedicatio,
361 743 784 795 psemlo-Clcmentinas
804 742 1105 794 recognitiones,
1131 752 1220 791 etc„
1241 744 1344 795 etc.).
1364 746 1440 793 Qui
1459 747 1570 799 plura

84 808 133 846 de
150 809 197 846 iis
218 808 402 855 voluerit,
423 807 533 847 adeat
554 809 748 859 praecipue
766 806 999 854 Fabricium,
1022 806 1117 846 Cod.
1137 807 1388 860 pseudepigr.
1407 810 1452 850 V.
1471 811 1516 850 T.
1533 821 1571 850 et

83 872 179 911 Cod.
198 873 410 924 apocryph.
424 874 467 912 N.
489 873 561 918 '1‘.;
581 872 784 911 Thilonem
803 871 841 910 in
862 871 1104 919 doctissima,
1125 871 1191 909 sed
1216 872 1315 910 malo
1340 873 1419 911 sato
1445 874 1570 914 inter·

24 966 27 970 .
85 945 198 988 rupta
235 937 460 975 collectione
490 936 808 987 apocryphorum
844 936 887 974 N.
919 936 968 975 T.
1001 934 1110 985 Lips.
1147 936 1272 984 18325
1306 937 1571 979 Tiscbendor-

85 1002 192 1047 lium,
226 1010 296 1038 act.
332 1003 464 1051 Apost.
495 999 849 1051 apocryplnLips.
878 998 991 1038 1851.

135 1063 212 1111 Qui
232 1077 325 1116 ergo
342 1063 393 1102 ob
414 1077 496 1101 eam
517 1077 596 1101 rem
618 1076 684 1102 scu
705 1062 850 1101 Judaeis
867 1061 1154 1113 antiquioribus
1175 1076 1243 1102 seu
1262 1063 1488 1105 Christianis
1504 1068 1576 1106 ad-

82 1128 158 1166 huc
193 1141 214 1165 e
245 1140 436 1178 synagoga
466 1126 686 1164 recentibus
717 1126 829 1163 irasci
858 1126 1040 1173 voluerit,
1062 1127 1092 1163 is
1119 1127 1257 1165 melius
1288 1129 1390 1168 refici
1411 1129 1575 1181 jusserit

82 1191 203 1242 ipsius
221 1192 346 1243 gentis
364 1191 532 1229 indolem
550 1198 589 1228 et
610 1203 739 1228 mores
751 1219 762 1240 ‚
777 1202 856 1228 non
885 1204 975 1228 sane
1003 1189 1218 1229 damnantis
1235 1200 1302 1230 aut
1318 1202 1570 1235 contemnen-

84 1257 146 1303 tis,
167 1256 232 1294 sed
254 1254 456 1307 probantis
486 1253 615 1305 potius
643 1262 682 1292 et
709 1254 892 1292 sectantis
925 1267 991 1292 eos
1020 1253 1143 1294 libros
1162 1256 1228 1306 qui
1248 1256 1295 1294 ad
1321 1257 1415 1297 illud
1441 1259 1573 1300 litera-

83 1334 167 1358 rum
189 1334 308 1372 genus
329 1319 586 1371 pertinerent.

140 1387 185 1426 Et
202 1387 388 1425 hactenus
404 1384 561 1436 quidem
577 1383 625 1422 de
640 1383 686 1422 iis
702 1391 850 1421 tantum
870 1383 1035 1430 Judaeis‚
1051 1397 1150 1435 quos
1167 1384 1442 1427 llebra'izantcs
1457 1390 1571 1442 vulgo

81 1459 235 1489 vocant.
265 1452 421 1491 Ceteros
446 1463 559 1495 vero,
588 1448 656 1499 qui
685 1447 903 1488 llellenistae
923 1456 1124 1496 vocantur,
1152 1448 1349 1488 domicilio
1368 1452 1572 1504 plerosque

81 1515 384 1562 Alexandrinos,
407 1514 503 1552 nihil
523 1527 544 1551 e
559 1513 682 1565 patria
701 1512 981 1551 consuetudine
1000 1520 1068 1550 aut
1084 1526 1133 1551 ex
1153 1515 1472 1566 apocryphorum
1493 1527 1571 1557 stu.

81 1580 146 1619 dio
159 1580 372 1629 retinuisse,
389 1578 503 1617 nimis
515 1578 634 1616 durus
650 1577 700 1616 sit
713 1577 778 1629 qui
795 1577 975 1628 postulet.
992 1576 1022 1615 li
1039 1590 1132 1615 vero
1146 1577 1257 1616 aliam
1276 1579 1375 1618 viam
1392 1581 1571 1622 inierunt.

82 1646 237 1697 Quippe
255 1659 341 1684 cum
362 1645 505 1683 Graecis
521 1644 710 1693 viventes,
733 1656 858 1693 neque
874 1643 1032 1680 omnino
1050 1641 1100 1681 ab
1116 1656 1251 1681 eorum
1278 1644 1399 1684 literis
1419 1655 1458 1685 et
1483 1657 1570 1687 stu-

80 1710 154 1748 diis
173 1710 309 1757 alieni,
329 1710 442 1748 etiam
463 1708 702 1760 quotidianis
729 1721 865 1746 eorum
895 1707 1171 1746 controversiis
1198 1710 1361 1749 exerciti
1386 1711 1446 1749 vel
1474 1726 1571 1751 con·

81 1774 188 1812 viciis
207 1774 356 1825 agitati,
377 1774 467 1812 dum
486 1781 641 1811 sanctos
661 1785 752 1810 suos
769 1772 978 1823 scriptores
995 1771 1224 1820 defendere,
1243 1773 1322 1812 imo
1339 1774 1569 1815 adversariis

80 1853 280 1891 opponere
299 1852 343 1878 ac
359 1852 476 1890 supra
509 1838 682 1889 ipsorum
703 1837 883 1875 doctores
909 1836 1073 1875 evehere
1092 1846 1296 1885 conantur,
1313 1839 1424 1879 facile
1448 1854 1495 1879 eo
1513 1841 1569 1880 in-

80 1903 187 1942 ducti
212 1912 324 1950 sunt,
352 1912 393 1942 ut
412 1901 598 1954 quidquid
617 1901 723 1953 apud
743 1901 929 1952 profanos
948 1900 1203 1953 philosophos
1220 1911 1404 1954 poetasve
1421 1904 1567 1945 bonum

79 1977 118 2007 et
133 1968 326 2007 laudabile
350 1975 594 2014 occurreret,
613 1966 688 2004 sibi
709 1966 864 2017 suisque
884 1965 1142 2014 vindicarent,
1175 1974 1358 2018 tanquam
1391 1982 1439 2008 ex
1465 1971 1570 2010 anti-

78 2033 282 2085 quioribus
303 2033 557 2073 Hebraeorum
578 2032 686 2070 libris
706 2031 930 2082 decerptum
954 2044 999 2069 ac
1018 2030 1163 2070 sui-tiva
1180 2033 1424 2073 aemulatione
1448 2044 1570 2075 trans·

79 2101 197 2138 latum
225 2099 263 2138 in
288 2112 449 2150 graecam
475 2099 655 2149 linguam.
686 2097 781 2136 Inde
801 2097 985 2135 adversus
1013 2098 1221 2135 Homerum
1239 2106 1276 2136 et
1296 2099 1502 2139 Hesiodum
1530 2112 1565 2142 et

22 2160 23 2163 ¹
80 2164 334 2215 Pliocylidem
366 2172 404 2202 et
436 2164 633 2203 Platonem
666 2161 813 2201 crebrae
848 2162 1105 2200 recentiorum
1134 2163 1335 2202 calumniae
1348 2194 1358 2212 ,
1387 2173 1568 2218 tanquam

80 2231 199 2268 multa
229 2244 276 2268 ex
298 2229 489 2268 hebraicis
510 2229 697 2282 thesauris
717 2228 830 2267 tacite
850 2228 1074 2267 suffuratos.
1101 2228 1341 2274 Quantulum
1369 2230 1459 2270 hinc
1473 2231 1566 2270 abe-
1592 2249 1595 2252 ·

81 2303 139 2332 rat
155 2302 194 2331 ut
213 2294 328 2331 alicui
343 2293 480 2332 Judaeo
497 2293 535 2330 in
554 2301 719 2330 mentem
748 2293 897 2330 veniret
921 2291 1105 2329 adversus
1129 2292 1234 2330 fures
1251 2293 1338 2332 illos
1360 2303 1398 2332 ct
1425 2295 1567 2347 plagia·

79 2359 157 2397 rios
173 2359 475 2410 repetundarum
493 2357 565 2396 sibi
588 2357 777 2395 actionem
809 2357 911 2404 dari,
928 2365 965 2394 et
983 2356 1082 2394 sicut
1101 2356 1156 2394 illi
1177 2358 1340 2396 multum
1359 2373 1380 2397 e
1401 2360 1568 2409 judaicis

80 2424 189 2462 libris
209 2424 366 2474 impune
385 2424 656 2468 detraxerant,
685 2422 738 2460 ita
770 2421 844 2459 sibi
876 2421 990 2458 licere
1010 2434 1223 2470 graecorum
1245 2436 1322 2461 non
1339 2424 1419 2475 jam
1444 2424 1565 2464 libros

82 2498 230 2527 tantum
243 2518 254 2537 ,
268 2489 334 2528 sed
352 2498 390 2527 et
414 2502 557 2526 nomen
574 2496 612 2525 et
634 2488 772 2525 samam
791 2486 851 2524 sui
864 2485 963 2537 juris
981 2486 1107 2524 facere
1127 2496 1245 2538 atque
1264 2488 1302 2525 in
1319 2502 1406 2527 suas
1436 2499 1567 2541 partes

81 2554 252 2602 trahere,
285 2553 324 2592 id
345 2561 427 2602 est,
447 2552 519 2592 sub
539 2551 748 2604 gentilibus
771 2550 893 2589 titulis
913 2564 1035 2588 novos
1053 2549 1174 2590 libros
1197 2553 1375 2592 Mosaicae
1389 2555 1565 2607 religioni

82 2620 255 2657 faventes
283 2619 541 2670 componere!
566 2615 784 2656 Laudamus
810 2615 911 2653 hoc?
937 2615 1117 2654 minime:
1138 2616 1202 2654 sed
1223 2616 1365 2656 sactum
1395 2618 1568 2659 declara·
1603 2614 1605 2616 ’

83 2697 166 2722 mus
183 2691 234 2730 et,
253 2691 438 2735 quantum
453 2683 560 2721 salvo
575 2681 664 2733 jure
682 2681 786 2728 licet,
808 2693 1049 2719 excusamus.

135 2747 361 2799 llujusmodi
381 2747 545 2798 primum
570 2746 788 2798 exemplum
809 2744 859 2783 ab
880 2743 1118 2792 Aristobulo,
1140 2746 1336 2786 Ptolemaei
1355 2748 1565 2798 Physconis

81 2821 117 2849 ct
140 2812 300 2849 soi-tasso
329 2811 599 2850 philometoris
618 2818 873 2861 praeceptore,
896 2809 1047 2854 datum,
1074 2810 1183 2847 multi
1211 2820 1299 2848 sunt
1321 2812 1388 2862 qui
1407 2822 1559 2863 putent,

1323 2882 1396 2928 36.
