1686 3500
74 236 166 282 394
484 232 565 277 AD
599 231 946 278 SIBYLLINOS
979 229 1189 274 LIBROS

74 331 216 370 habeut
233 329 440 384 qne-dmum
460 342 555 368 vero
574 329 661 368 cod.
674 330 776 382 ψμς·“,
797 329 833 366 id
851 336 919 376 est,
940 328 1015 374 768
1035 326 1095 364 vel
1118 325 1208 374 756,
1225 337 1311 376 quae
1328 326 1541 374 manifesto,

74 404 281 447 utcumque
306 394 471 444 scripta,
493 392 614 431 libros
643 393 778 431 ambos
805 389 1110 441 comprehendit,
1132 389 1248 427 hodie
1269 402 1453 427 summam
1471 390 1543 429 ha-

74 459 210 498 bentes
237 458 327 507 745.
356 458 469 497 Multi
503 457 669 509 denique
691 456 842 495 codices
875 462 964 492 ante
985 454 1149 502 librum,
1168 453 1234 504 qui
1262 453 1380 491 hodie
1412 454 1546 492 tertius

73 524 219 572 fertur,
239 523 379 562 sivein
409 522 537 561 fronte
568 523 649 560 sive
676 520 724 559 ad
752 518 962 569 marginem
992 517 1107 556 verba
1126 517 1207 556 haec
1230 517 1394 565 addunt,
1427 519 1465 556 ἐκ
1485 522 1546 557 τοῦ

73 587 233 640 δευτέρου
252 586 377 637 λόγου,
399 595 439 624 ut
456 587 529 624 illis
545 585 744 624 manifesto
765 584 900 621 tertius
916 582 1015 620 liber
1034 595 1104 634 pro
1122 580 1306 631 secundO,
1326 589 1440 632 atque
1458 580 1546 620 ideo

75 652 225 704 priores
245 651 322 690 duo
347 665 419 702 pro
441 664 516 688 uno
531 649 665 688 haberi
681 647 898 686 videantur.

132 717 172 754 ln
196 716 351 767 optimis
373 715 538 765 denique
559 712 757 751 codicibus
779 711 824 752 R.
847 711 891 750 L.
913 711 956 751 F.
977 710 1116 761 passim
1137 723 1207 760 per
1223 709 1294 747 hos
1313 708 1412 747 duos
1431 707 1550 747 libros

77 781 325 832 reperiuntur
347 779 591 816 transitiones
608 777 721 827 plane
740 775 843 826 ejus,
864 774 913 812 de
933 788 1010 825 qua
1036 773 1153 813 modo
1183 773 1364 822 diximus,
1392 772 1547 822 similes,

77 844 295 895 pariterque
314 856 425 894 prosa
443 842 616 879 oratione
634 841 808 892 scriptae,
828 852 914 890 quae
934 838 1020 876 ideo
1047 838 1277 876 intercalatae
1302 837 1484 875 videntur
1510 845 1551 875 ut

77 908 102 945 ii
125 907 212 945 libri
228 919 437 956 eorumque
453 905 554 942 inter
573 918 612 942 se
632 912 778 956 partes,
798 917 867 942 ceu
893 902 1063 941 membra
1094 902 1207 940 unius
1226 902 1421 953 corporis,
1445 911 1549 940 arcte

78 971 374 1022 conjungantur.
398 962 569 1015 Quarum
596 968 768 1018 exempla
789 975 877 1005 sunt
896 975 982 1018 post
1006 966 1073 1005 lib.
1096 966 1135 1016 1,
1159 978 1194 1004 v.
1216 965 1307 1016 359,
1327 974 1366 1002 et
1385 965 1471 1002 libri
1496 966 1550 1015 ll,

78 1039 175 1077 sicut
207 1037 393 1082 diximus,
412 1035 542 1083 initio,
568 1043 605 1073 et
625 1033 697 1072 sub
718 1034 824 1071 initia
846 1033 935 1071 libri
960 1033 1026 1071 111.
1056 1034 1132 1072 Nec
1151 1031 1371 1071 dubitamus
1390 1032 1549 1070 similem

79 1103 244 1153 aliquam
257 1103 345 1139 olim
361 1101 492 1138 lectam
506 1099 634 1145 fuisse,
649 1112 750 1136 nunc
769 1111 860 1135 vero
876 1097 1049 1134 amissam
1062 1096 1284 1145 desiderari,
1300 1096 1399 1133 libro
1421 1096 1448 1142 l,
1466 1104 1552 1148 post

80 1181 114 1205 v.
138 1167 237 1213 323,
266 1166 305 1204 in
331 1165 433 1203 hunc
465 1164 544 1201 seru
576 1163 732 1200 modum
757 1176 765 1200 ι
788 1154 879 1200 Εἶτα
912 1160 1141 1212 καταλέγει-αι
1159 1163 1182 1208 ἡ
1207 1160 1364 1200 Σίὸυλλα
1385 1160 1446 1204 τὰς
1463 1162 1551 1211 μελ-

80 1231 206 1273 λούσας
224 1231 259 1267 ἐν
278 1231 328 1281 τῷ
348 1228 470 1279 κόσμῳ
488 1227 695 1277 γενήσεσθαι
719 1225 899 1278 βασιλείας
921 1225 982 1264 σὺν
1002 1231 1077 1268 ταῖς
1098 1224 1224 1276 μεταξὺ
1245 1230 1378 1276 γενεαῖς
1393 1225 1475 1278 ἄχρι
1492 1227 1552 1271 τῆς

79 1294 242 1345 ἐσχάτης,
264 1293 306 1340 ἥν
321 1308 425 1345 φησιν
443 1291 625 1338 ‘EM-rivum
645 1290 782 1329 ἔσεσθαι
795 1291 854 1329 καὶ
874 1290 1080 1341 Ῥωμαίων,
1097 1292 1132 1328 ἐν
1148 1285 1172 1342 ᾗ
1190 1290 1250 1328 καὶ
1264 1290 1477 1343 φανήσεσθαι
1495 1290 1554 1328 τὸν

80 1359 229 1409 Σωτῆρα
242 1358 342 1407 ἡμῶν
355 1355 519 1411 Χριστὸν,
534 1355 683 1407 λέγουσα
697 1355 793 1401 τάδε,
804 1354 856 1401 Δὴ
867 1354 945 1393 τότε
961 1355 1021 1393 καὶ
1036 1355 1200 1406 μεγάλοιο
1215 1357 1307 1394 Θεοῦ
1321 1360 1416 1401 παῖς,
1432 1370 1463 1393 κ.
1473 1369 1507 1394 τ.
1521 1355 1553 1394 λ.

78 1425 247 1469 Quarum
277 1422 544 1460 transitionum
573 1433 658 1471 quae
687 1419 802 1458 suerit
829 1419 939 1471 origo
957 1419 1110 1470 quodve
1132 1419 1330 1457 consilinm
1350 1419 1442 1457 alias
1474 1418 1553 1457 dis-

78 1486 272 1535 quiremus
296 1485 453 1536 (confer
488 1485 589 1522 infra
619 1497 702 1535 cap.
741 1484 827 1535 16)=
857 1496 959 1521 nunc
991 1497 1111 1521 unum
1146 1484 1308 1521 velimus
1335 1483 1554 1534 observari,

80 1565 158 1589 non
179 1551 270 1589 alibi
287 1551 369 1590 illas
385 1551 424 1589 iu
440 1550 637 1601 Sibyllinis
658 1563 862 1588 occurrere
876 1562 991 1600 quam
1014 1549 1053 1587 in
1073 1549 1133 1587 liis
1160 1549 1313 1587 duobus
1332 1548 1442 1587 libris
1460 1557 1498 1587 et
1516 1549 1555 1587 in

81 1618 203 1666 prima
229 1616 331 1654 tertii
350 1624 469 1668 parte,
489 1613 701 1667 prioribus,
723 1614 779 1652 uti
795 1627 886 1652 mox
907 1613 1093 1662 dicemus,
1114 1613 1218 1651 libris
1238 1613 1356 1659 assini,
1382 1627 1461 1664 quo
1482 1627 1559 1651 ma-

82 1681 254 1719 nifestior
271 1680 472 1720 amborum
488 1681 666 1732 cognatio
683 1678 999 1731 deprehenditur.
1022 1678 1142 1717 Simul
1160 1678 1248 1715 inde
1267 1678 1407 1715 clarius
1426 1678 1558 1727 enitet,

80 1747 173 1798 quid
190 1746 319 1798 operis
337 1755 448 1785 vetus
468 1744 692 1784 emendator
713 1753 751 1783 et
768 1757 846 1795 quo
865 1742 980 1782 modo
1002 1742 1050 1781 sit
1075 1751 1293 1782 exsecutus,
1319 1742 1490 1781 Primum
1512 1756 1559 1781 ex

84 1811 142 1849 his
162 1810 314 1849 duobus
335 1810 442 1848 libris
462 1810 604 1857 omnia,
623 1822 708 1860 quae
727 1808 799 1846 sibi
819 1820 1102 1860 supervacanea
1129 1806 1375 1857 videbantur,
1397 1808 1559 1846 recidit:

81 1889 169 1926 qnae
191 1876 310 1914 recisa
333 1884 464 1922 erant,
495 1875 795 1913 transitiunculis
816 1873 1033 1925 supplevit:
1054 1873 1164 1910 simul
1186 1872 1283 1910 duos
1304 1872 1424 1910 libros
1438 1900 1449 1918 ,
1470 1871 1561 1910 bre-

83 1941 208 1979 viores
229 1941 281 1979 ita
301 1940 465 1990 factos,
455 1954 494 1978 in
512 1953 628 1977 unum
649 1938 819 1989 redegit,
838 1938 943 1989 iique
961 1937 1026 1975 diu
1046 1937 1100 1975 sie
1118 1937 1156 1975 in
1179 1937 1449 1988 manusciiptis
1470 1950 1561 1974 cou—

77 2005 202 2056 juncti
220 2013 468 2052 manserunt,
487 2003 610 2042 donec
635 2003 818 2053 singulari
842 2002 1010 2053 quodam
1036 2002 1115 2039 sato
1134 2000 1183 2038 ab
1207 2001 1422 2040 editoribus
1444 2000 1562 2064 nostri

85 2070 301 2108 aevirursus
323 2069 361 2107 in
390 2069 507 2114 duos,
530 2076 627 2119 quot
656 2068 747 2105 olim
778 2068 949 2110 fuerant.
969 2065 1087 2103 libros
1108 2065 1428 2104 distraherentur.

135 2133 468 2182 Quemadmodum
489 2141 616 2171 autem
636 2132 754 2170 iecisa
772 2131 945 2182 quaedam
973 2139 1011 2169 et
1028 2138 1245 2182 amputata,
1266 2143 1344 2168 non
1365 2143 1475 2175 casu,
1496 2129 1561 2167 sed

83 2213 129 2238 ex
163 2199 373 2246 industria,
401 2197 451 2235 ab
475 2197 626 2236 editore
644 2197 725 2234 sive
739 2195 986 2234 emendatore
1005 2195 1080 2233 isto
1104 2195 1284 2243 diximus,
1315 2195 1369 2233 ita
1385 2194 1555 2246 quaedam

85 2264 173 2302 addi
207 2273 245 2302 et
270 2262 495 2314 interpolari
518 2261 566 2299 ub
594 2261 729 2300 eodem
748 2261 920 2313 potuisse
947 2260 1073 2298 forsan
1089 2259 1227 2311 aliquis
1247 2259 1490 2310 suspicetur:
1511 2258 1557 2296 de

87 2342 164 2378 quo
180 2341 282 2365 nunc
298 2326 587 2378 inquirendum.

139 2392 223 2430 Jam
243 2405 264 2430 a
287 2391 374 2430 libri
400 2391 515 2442 primi
532 2390 693 2429 exordio
715 2402 834 2441 usque
860 2388 908 2427 ad
929 2401 1082 2428 versum
1112 2389 1201 2436 324,
1219 2388 1319 2426 unde
1339 2387 1481 2426 Christi
1502 2398 1559 2424 res

87 2463 197 2506 gestae
217 2455 427 2506 incipiunt,
447 2455 594 2493 nullum
625 2463 682 2492 est
710 2454 1022 2505 interpolationis
1052 2453 1257 2500 indicium,
1285 2452 1359 2491 nisi
1388 2451 1493 2504 quod
1521 2451 1558 2489 in

87 2519 357 2570 praedicatione
373 2519 506 2559 Noemi
527 2520 684 2557 sortasse
703 2527 876 2568 suspecta
894 2531 975 2556 esse
1002 2526 1162 2568 possunt
1190 2517 1229 2555 1⁰
1248 2517 1409 2569 aenigma
1424 2516 1471 2554 de
1488 2529 1559 2554 no-

90 2583 190 2620 mine
211 2583 300 2630 Dei,
318 2596 351 2622 v.
383 2583 578 2634 137·1t,6;
600 2581 642 2621 2⁰
661 2583 768 2622 locus
785 2596 806 2622 e
826 2582 940 2621 tertio
959 2581 1059 2620 libro
1080 2582 1288 2632 repetitus,
1312 2595 1346 2619 v.
1373 2581 1560 2627 ¹84-187,

88 2648 150 2686 cui
169 2648 296 2686 statim
322 2647 526 2699 subjicitur
554 2648 661 2686 locus
688 2649 787 2686 alter
815 2654 850 2685 e'
867 2647 1018 2698 septimi
1048 2646 1135 2684 libri
1161 2647 1293 2694 initio,
1319 2659 1356 2686 v.
1382 2644 1559 2696 193·198.

89 2712 166 2752 Nec
192 2726 262 2750 nos
282 2713 439 2750 omnino
469 2725 648 2762 negamus
681 2711 785 2750 istud
804 2711 963 2762 aenigma
985 2725 1053 2763 per
1074 2711 1271 2749 hominum
1290 2723 1425 2747 manus
1444 2718 1480 2746 et
1495 2720 1561 2746 ora

87 2777 195 2828 prius
226 2777 412 2816 cursitare
444 2777 615 2829 potuisse
648 2790 759 2828 quam
781 2775 971 2826 Sibyllino
1004 2776 1103 2814 libro
1127 2775 1412 2813 includeretur:
1438 2781 1561 2810 tamen

90 2852 208 2891 quum
228 2840 350 2878 simile
368 2841 530 2879 alterum
547 2848 660 2890 atque
681 2853 728 2878 ex
743 2839 875 2878 eadem
895 2852 1050 2891 prorsus
1076 2839 1230 2877 officina
1249 2839 1366 2890 paulo
1388 2837 1487 2876 infra
1515 2835 1562 2872 sit

91 2918 363 2953 occursurum,
382 2905 429 2944 de
449 2905 537 2945 Jesu
555 2904 699 2956 quippe
720 2904 888 2952 nomine,
914 2918 947 2943 v.
967 2903 1155 2949 326-331‚
1171 2912 1276 2955 patet
1296 2911 1500 2953 utrumque
1513 2897 1560 2936 ab
