1752 3495
578 172 583 178 '
646 188 957 239 Excunsus
976 190 1066 240 iv,
1439 247 1447 258 „
1483 196 1580 251 269
1595 221 1600 249 1

128 295 236 349 idque
251 293 410 332 sortasse
423 302 501 328 non
520 301 590 328 suo
607 289 778 339 nomine,
796 291 863 330 sed
886 292 1027 341 alieno,
1047 292 1219 332 Gnostici
1234 304 1372 345 nempe
1398 292 1583 344 alicujus,
1648 306 1652 310 ·

127 372 232 413 quem
251 352 627 405 refutat.scriptoris.
648 354 702 394 Ea
717 354 791 394 suit
808 355 1019 394 doctissimi
1033 355 1104 394 viri
1119 364 1158 395 et
1174 349 1249 408 pro
1265 370 1333 396 sna
1348 365 1585 413 aetatesspm-
1602 402 1605 404 ,

126 421 275 464 κωτάτου
297 417 513 472 prudentia.

175 488 248 527 Par
274 483 343 522 suit
367 481 445 520 divi
465 480 663 534 Hippolyti
691 495 804 531 eura,
821 495 1005 533 nusquam
1028 479 1079 521 ad
1098 482 1286 534 Sibyllina
1321 486 1580 536 provocantis,

126 559 336 604 quanquam
364 545 414 585 ab
439 545 598 584 istorum
622 545 811 584 librorum
831 537 993 585 lectione
1012 546 1172 586 sortasse
1191 560 1267 586 non
1289 547 1421 600 alieni3
1436 549 1582 602 quippe

125 615 186 666 qui
203 610 353 651 inlibro
366 609 412 648 de
425 609 659 649 Antichristo
687 609 870 648 nonnulla
898 609 1053 648 videtur
1069 623 1116 649 ex
1138 610 1184 648 iis
1207 610 1428 658 retinuisse,
1451 612 1581 651 saitem

125 677 211 718 illud
222 706 233 727 ‚
250 688 333 727 cap.
360 674 409 713 52
423 686 433 713 :
461 671 535 713 Καὶ
549 671 726 726 κρατήσας
740 673 776 713 ἓν
790 673 980 727 παρατάξει
994 673 1150 726 πολέμου
1167 675 1237 713 τῶν
1250 675 1356 728 τριῶν
1370 673 1525 727 κεράτων
1543 676 1583 715 ἐκ

123 743 187 781 τῶν
203 739 286 778 δέκα
299 735 359 776 καὶ
372 736 560 790 ἐκριζώσας
574 736 682 785 αὐτά,
697 736 764 775 ubi
776 750 981 790 agnoscere
993 737 1169 777 videmur
1178 751 1331 777 versum
1341 737 1582 789 Sibyllinum,

123 805 263 858 qualem
278 803 356 841 sere
375 802 514 841 nostris
533 802 572 840 in
592 801 695 840 notis
713 802 968 851 restituimus,
987 802 1051 841 lib.
1070 802 1114 849 V,
1129 816 1169 843 v.
1192 815 1281 851 22¹,
1304 816 1360 854 sq.
1376 814 1387 841 t

245 868 378 921 Πρῶτοι
397 864 459 917 μὲν
476 867 515 905 ἐκ
533 866 684 920 τρισσῶν
699 866 858 920 κεφαλῶν
875 864 935 904 σὺν
953 864 1106 918 πληγάδι
1122 865 1217 921 ῥίζας

245 929 499 982 Σπασσάμενος
518 929 694 981 μεγάλως.

124 997 218 1036 idem
241 997 279 1034 in
304 993 404 1033 libro
428 994 477 1033 de
494 994 829 1034 Consummatione
850 994 999 1043 mundi,
1015 995 1064 1033 de
1090 993 1225 1033 eodem
1249 993 1483 1034 Antichristo
1502 994 1584 1033 haec

124 1060 230 1099 habet
248 1074 257 1098 ε
275 1058 377 1099 Μετὰ
397 1056 433 1097 δὲ
451 1057 580 1098 τούτων
597 1057 760 1098 ἁπάντων
789 1064 921 1111 σημεῖα
946 1057 1137 1098 ἐπιτελέσει
1166 1057 1227 1097 καὶ
1253 1057 1414 1110 θαύματα
1433 1057 1583 1114 φοὸερὰ,

123 1125 192 1166 ἀλλ’
209 1126 269 1165 οὐκ
284 1125 409 1173 ἀληθῆ,
428 1124 504 1163 ἀλλ’
523 1126 558 1164 ἐν
577 1123 706 1177 πλάνῃ,
730 1122 824 1169 ὅπως
840 1124 1003 1179 πλανήσῃ
1017 1124 1097 1171 τοὺς
1113 1124 1242 1176 ὁμοίως
1256 1126 1350 1179 αὐτῷ
1375 1124 1532 1170 ἀσεὸεῑς·
1550 1127 1582 1165 εἰ

124 1190 256 1231 δυνατὸν
279 1188 359 1243 γὰρ,
375 1188 435 1228 καὶ
451 1187 528 1233 τοὺς
547 1189 728 1235 ’ἐκλεκτοὺς
746 1189 953 1239 ἀποστήσει,
969 1206 1006 1231 κ.
1025 1206 1061 1231 τ.
1076 1191 1130 1242 λ.,
1158 1189 1263 1241 quod
1282 1198 1339 1229 est
1359 1190 1462 1242 apud
1482 1204 1552 1231 nos
1567 1221 1580 1240 ,

124 1255 183 1295 tib.
199 1256 265 1303 111,
281 1268 319 1294 ν.
338 1255 402 1304 66,
418 1268 505 1306 sqq.
523 1270 533 1294 ε

585 1318 658 1359 Καὶ
677 1317 821 1370 σήματα
838 1317 951 1358 πολλὰ
968 1317 1111 1367 ποιήσει

268 1381 496 1436 Ἀνθρώποις,
514 1384 591 1422 ἀλλ’
611 1383 690 1437 οὔχ).
706 1382 897 1438 τελεσφόρα
916 1382 1028 1423 ἔσσετ’
1041 1384 1077 1422 ἐν
1093 1383 1207 1437 αὐτῷ,

267 1445 375 1486 Ἀλλὰ
389 1446 507 1486 πλάνοι
516 1477 529 1496 ,
550 1446 610 1486 καὶ
630 1446 671 1495 δὴ
693 1446 848 1501 μέροπας
867 1446 1015 1491 πολλούς
1035 1463 1072 1486 τε
1091 1446 1264 1493 πλανήσει

268 1510 487 1561 Ἐκλεκτούς.

123 1584 195 1622 Hoc
211 1591 334 1621 tamen
349 1590 388 1620 et
407 1581 455 1619 ab
477 1581 569 1633 ipsis
588 1582 727 1621 sanctis
746 1581 1001 1634 scriptoribus
1020 1583 1192 1634 accipere
1210 1582 1365 1633 potuit,
1381 1589 1419 1621 et
1440 1582 1487 1632 si,
1522 1582 1580 1622 uti

123 1646 277 1694 videtur,
294 1659 317 1685 a
332 1647 492 1694 Nostris,
517 1655 694 1686 auctores
711 1660 802 1686 sane
820 1661 908 1686 suos
930 1647 1095 1686 reticuit.

167 1711 240 1750 Nec
259 1712 383 1750 minus
396 1712 539 1751 interea
559 1712 755 1751 credulum
773 1713 909 1764 vulgus
924 1713 1007 1752 istis
1023 1713 1247 1751 commentis
1266 1712 1527 1752 delectabatur
1543 1722 1581 1753 et

122 1776 155 1814 in
172 1776 398 1828 Sibyllarum
412 1777 573 1815 lectione
588 1776 858 1828 perseverabat
875 1792 882 1815 :
897 1778 955 1816 sin
970 1777 1107 1825 minus,
1126 1790 1203 1815 non
1222 1785 1278 1815 tot
1296 1776 1474 1828 Sibyllini
1490 1777 1580 1816 novi

122 1839 222 1889 libri,
245 1840 358 1879 tertio
383 1841 500 1880 etiam
525 1842 664 1880 saeeulo
691 1840 964 1893 pullulassent3
987 1841 1053 1879 sed
1081 1841 1266 1880 audemus
1296 1840 1436 1890 dicere,
1457 1841 1536 1892 jam
1556 1856 1579 1881 a

123 1905 214 1943 tertii
232 1905 357 1944 saeculi
382 1905 521 1952 initiis,
540 1905 807 1957 gravissimum
825 1919 1017 1957 quemque
1031 1906 1259 1956 scriptorem
1279 1905 1382 1956 apud
1401 1906 1576 1956 Graecos,

121 1969 149 2008 si
175 1970 399 2009 Clementem
436 1969 736 2009 Alexandrinum
765 1969 984 2022 exceperis,
1013 1979 1148 2019 sponte
1181 1969 1410 2009 abstinuisse
1433 1968 1483 2010 ab
1511 1970 1580 2010 illo

122 2042 418 2086 argumentorum
448 2047 600 2086 genere,
627 2035 733 2087 quod
756 2047 778 2073 e
807 2034 991 2086 suspectis
1012 2033 1181 2073 sontibus
1199 2033 1354 2073 haurire
1380 2033 1579 2086 indignum

122 2111 220 2138 causa
241 2113 306 2138 sua
326 2099 525 2151 putabant.

166 2164 212 2202 At
229 2164 371 2214 Latini,
390 2173 433 2204 ut
452 2165 576 2213 serius
590 2164 639 2204 de
656 2164 811 2217 Sibyllis
832 2164 1055 2216 audierant,
1070 2165 1124 2204 ita
1142 2163 1283 2204 diutius
1299 2164 1340 2203 in
1356 2177 1489 2204 eorum
1506 2165 1580 2205 fide
1620 2191 1626 2218 g

105 2238 406 2278 permanserunt.
425 2230 556 2270 Multis
586 2229 660 2268 hoc
678 2229 728 2268 de
752 2229 875 2269 causis
899 2230 980 2268 fieri
1002 2228 1139 2281 potuit.
1170 2228 1342 2269 Primum
1371 2242 1450 2268 non
1475 2237 1576 2269 tanta

121 2300 191 2330 erat
208 2294 306 2344 apud
333 2294 489 2334 Latinos
516 2294 742 2333 eruditionis
771 2294 903 2346 copia,
928 2307 1052 2346 neque
1072 2303 1219 2333 tantum
1231 2293 1370 2346 judicii
1392 2306 1577 2341 acumen,
1646 2339 1649 2341 Α

121 2358 315 2405 praesertim
330 2358 370 2397 iu
385 2359 518 2410 graecis
528 2358 761 2397 carminibus
777 2358 1046 2410 dignoscendis
1059 2371 1071 2410 ;
1082 2357 1219 2397 deinde
1234 2357 1354 2410 niajor
1367 2366 1422 2397 est
1432 2371 1580 2411 semper
1619 2357 1630 2396 l
1677 2372 1681 2375 ·

120 2418 304 2472 longinqui
339 2433 376 2461 et
394 2423 507 2462 alieni
535 2432 574 2462 et
595 2425 718 2462 minus
724 2421 864 2475 aperti
897 2424 1133 2471 reverentia;
1154 2433 1355 2475 praeterea,
1383 2423 1450 2474 qui
1473 2437 1579 2463 acer·
1601 2397 1619 2477 (s

120 2482 205 2523 rime
220 2486 395 2526 adversus
409 2488 595 2540 Sibyllina
610 2487 854 2540 depubnavei
856 2496 932 2534 ant,
945 2488 1090 2537 Cetsus,
1107 2487 1307 2536 Lucianus,
1326 2489 1450 2528 Graeci
1465 2482 1605 2527 ambo
1603 2497 1611 2529 'x

121 2548 329 2603 sciiptores,
348 2552 491 2591 Latinis
510 2552 633 2591 minus
656 2553 916 2593 innotuerant.
936 2553 1055 2592 Error
1069 2553 1235 2604 denique
1250 2552 1496 2603 millenarius,
1515 2553 1577 2591 cui
1608 2535 1616 2595 i

121 2610 234 2652 favere
252 2616 423 2668 plerique
442 2617 620 2668 Sibyllini
641 2617 746 2666 libri,
761 2631 848 2656 vere
869 2631 916 2655 an
933 2617 1045 2664 falso,
1062 2616 1284 2667 videntur,
1274 2629 1314 2655 1n
1333 2615 1480 2656 Graecia
1499 2625 1576 2656 tam

119 2671 186 2712 cito
204 2675 416 2727 defecerat,
439 2688 481 2718 ut
500 2693 585 2718 eum
617 2679 665 2719 ab
695 2679 907 2732 Apollinari
920 2680 1146 2719 renovatum
1168 2679 1330 2718 miretur
1352 2692 1397 2718 ac
1411 2679 1476 2718 vix
1494 2680 1577 2732 ipse

119 2738 256 2787 credat,
278 2751 416 2793 quarto
444 2745 581 2782 saeculo
605 2743 799 2793 scribens,
823 2744 1081 2796 Epiphanius,
1111 2744 1247 2783 haeres.
1266 2745 1334 2792 67,
1355 2749 1375 2792 S
1395 2745 1456 2783 36.
1479 2744 1575 2783 Hinc

120 2801 234 2842 minor
260 2807 363 2858 apud
391 2809 545 2848 Graecos
579 2818 796 2848 nostrorum
824 2809 1035 2848 carminum
1066 2809 1172 2850 tides.
1195 2809 1357 2848 Videtur
1380 2817 1507 2848 autem
1544 2809 1575 2848 is

119 2876 216 2905 error
242 2869 281 2907 in
298 2871 504 2912 Occidente
525 2872 669 2912 diutius
691 2875 915 2925 perstitisse,
935 2873 1120 2924 siquidem
1141 2882 1280 2923 quarto
1298 2873 1411 2912 etiam
1435 2873 1573 2911 saeculo
