1686 3500
605 182 920 244 EXCURSUS
957 183 1028 230 vl.
1104 181 1106 183 ’
1175 194 1178 196 ·
1253 208 1257 211 -
1441 165 1550 233 '539

72 284 245 332 Quorum
260 294 438 321 versuum
455 282 725 335 metaphrasim
738 282 903 322 Fabricii
917 282 1095 323 dedimus
1109 283 1146 322 in
1165 297 1248 323 cur.
1267 292 1364 337 post.
1381 284 1428 324 ad
1443 285 1481 324 b.
1499 284 1522 325 1.
1540 299 1551 325 ε

229 348 321 386 Haec
342 346 435 386 salsa
451 347 656 400 perspicue
672 362 682 387 ε
697 361 768 387 nec
783 361 951 399 unquam
964 348 1113 388 desinet

230 410 301 449 lile
318 410 526 463 impiorum
547 419 673 449 terror
690 410 789 463 ignis
810 411 992 451 fervidus.

231 476 414 526 Optarem
433 484 470 514 et
485 476 566 527 ipse
583 476 763 527 equidem
785 477 855 516 ista
874 477 929 515 sic
945 473 1235 529 contingerent,

229 539 305 586 Qui
327 541 503 579 maximis
517 542 675 580 maculis
691 541 828 580 inustis
848 542 1053 580 criminum

229 604 436 643 Deformor
452 604 556 656 ipse,
580 605 688 657 queis
710 605 794 657 plus
817 605 937 656 gratia
953 614 1010 644 est
1027 619 1138 658 opus.

227 670 371 707 verum
391 669 599 716 erubesce,
619 671 847 722 nugigerule
863 672 1071 723 Origenes,

230 734 306 781 Qui
326 734 512 773 desituras
531 748 612 773 esse
630 749 762 787 poenas
778 735 945 775 dictitas.

124 797 287 845 Quando
308 798 387 835 haec
411 798 468 836 vel
494 811 514 836 a
536 811 614 849 quo
634 812 755 850 graece
784 798 947 850 scripta?
966 798 1071 847 Imo‚
1095 811 1204 850 paene
1223 797 1460 850 interrogare
1486 810 1554 837 uu-

71 864 207 909 simus,
224 876 399 914 graecene
417 876 466 901 an
483 862 673 903 barbare?
692 864 839 916 quippe
868 877 987 915 quum
1008 863 1145 914 εὔξαιμι
1162 862 1219 901 vel
1245 862 1360 902 rudes
1378 876 1489 902 aures
1509 876 1554 902 ac

71 926 228 966 minime
249 927 432 966 delicatas
455 927 641 967 offendat.
675 930 811 968 Cetera
832 936 957 967 tamen
980 928 1097 979 inagis
1120 927 1293 967 ferenda.
1312 928 1405 967 Nam
1433 941 1556 980 quan-

70 991 160 1030 titas
179 1001 312 1044 aperte
339 993 509 1044 neglecta
529 993 568 1031 in
595 993 795 1032 vocalibus
821 992 1058 1044 ancipitibus
1071 992 1184 1044 juxta
1206 1003 1406 1045 receptum
1429 994 1557 1032 medio

71 1070 153 1095 aevo
173 1069 338 1110 morem,
353 1058 475 1096 aetatis
492 1059 620 1110 potius
637 1072 752 1109 quain
769 1058 996 1109 ignorantiae
1014 1057 1198 1106 indicium
1215 1066 1283 1097 est.
1310 1056 1462 1097 iambus
1481 1070 1553 1096 au·

72 1130 149 1161 tem
175 1132 369 1174 oxytonus
392 1124 432 1162 in
458 1125 532 1163 fine
548 1124 662 1176 primi
681 1137 814 1163 versus
839 1124 966 1163 minus
985 1137 1056 1162 nos
1078 1122 1242 1162 offendit
1268 1136 1382 1175 quam
1411 1123 1555 1163 clariss.

71 1188 363 1228 Boissonadium
387 1189 436 1228 ad
456 1190 639 1230 Philostr.
659 1190 771 1242 epist.
803 1203 888 1242 pag.
913 1203 975 1240 72,
1005 1189 1097 1241 quia
1121 1202 1254 1229 versus
1274 1188 1315 1228 hi
1342 1197 1434 1227 sunt
1453 1189 1555 1228 iam-

72 1251 169 1303 bici,
187 1266 265 1291 non
282 1254 452 1305 politici,
470 1263 508 1293 et
526 1254 616 1293 tales
635 1254 842 1293 nonnullos
855 1284 867 1302 ‚
891 1254 958 1292 tali
977 1254 1163 1303 clausula,
1179 1252 1355 1307 quamvis
1372 1253 1554 1301 rariores,

72 1332 278 1357 occurrere
294 1319 397 1370 apud
422 1320 610 1371 Pisidem,
636 1321 823 1372 'l'zctzen,
839 1319 977 1358 Philen
991 1349 1002 1368 ,
1018 1320 1211 1371 aliosque,
1230 1332 1277 1357 ne
1297 1319 1378 1371 ipse
1398 1319 1555 1371 quidem

72 1385 270 1436 negaverit
288 1398 459 1424 summus
476 1386 547 1425 vir.
571 1386 650 1424 lmo
671 1386 855 1424 libentius
875 1386 966 1424 inde
989 1385 1256 1437 colligeremus
1275 1385 1460 1437 scriptum
1480 1385 1556 1424 hoc
1577 1408 1580 1411 -

72 1463 153 1489 esse
177 1450 350 1488 scholion
370 1438 577 1502 antequam
598 1451 744 1503 politici
764 1450 877 1489 metri
899 1451 1092 1503 prosodiae
1112 1463 1223 1489 aures
1247 1450 1407 1488 omnino
1427 1463 1558 1488 assue-

71 1505 236 1564 vissent,
256 1517 325 1555 vn
348 1525 440 1567 puta
460 1517 520 1555 vel
541 1517 627 1556 vlu
651 1517 805 1557 saeculo.
824 1516 899 1556 Sed
919 1525 958 1554 et
973 1517 1137 1555 sortasse
1158 1516 1279 1554 multo
1294 1516 1426 1554 serius.
1442 1515 1556 1554 Certe

72 1594 152 1618 non
168 1580 322 1633 scripsit
340 1580 422 1619 haec
438 1580 869 1632 epitomatorlibrorum
884 1581 1177 1633 Sibyllinorum,
1195 1581 1262 1632 qui
1281 1580 1410 1632 potius
1426 1580 1554 1618 locum

73 1654 292 1698 suspectum
310 1646 501 1685 omisisset
520 1661 635 1699 quam
655 1646 822 1698 Sibyllas
836 1659 935 1694 suas,
953 1655 1100 1685 tantum
1120 1646 1159 1684 in
1176 1645 1401 1698 praefatione
1422 1645 1557 1684 lauda-

74 1720 151 1757 tas,
186 1711 287 1749 ultro
317 1711 506 1750 mendacii
523 1720 562 1749 et
579 1711 828 1760 stoliditatis,
851 1712 997 1765 ψευδοῦς
1015 1710 1075 1750 καὶ
1096 1709 1314 1764 φληναφίας,
1334 1711 1553 1749 incusassct.

73 1775 256 1826 Quisquis
273 1788 367 1814 vero
392 1776 561 1828 scripsit,
583 1777 614 1815 is
635 1777 812 1828 profecto
832 1777 891 1814 vel
918 1785 1116 1814 auctorem
1133 1775 1192 1813 vel
1211 1776 1393 1814 lectorem
1421 1773 1557 1813 habuit

72 1840 426 1893 Theophylactum,
441 1841 576 1880 iisdem
597 1855 706 1893 paene
723 1840 879 1893 syllabis
902 1841 985 1879 liaec
1003 1840 1212 1879 habentem
1234 1856 1243 1879 :
1266 1838 1454 1879 Ἀσῦεστόν
1481 1840 1555 1879 ἐστι

72 1903 112 1943 τὸ
128 1908 199 1958 πῦρ
213 1907 343 1956 ἐκεῖνο,
365 1904 455 1945 ὥστε
470 1906 614 1960 φλυαρεῖ
632 1909 650 1945 ὁ
663 1906 848 1960 Ὠριγένης
866 1904 979 1958 λέγων
993 1903 1046 1944 ὅτι
1062 1903 1162 1944 ἔσται
1177 1904 1276 1950 τέλος
1288 1907 1351 1952 τῆς
1363 1903 1553 1953 κολάσεως,

74 1968 122 2008 ad
142 1969 277 2009 Matth.
298 1983 332 2010 c.
360 1970 402 2018 3,
423 1983 458 2008 v.
487 1983 549 2010 ια.

75 2239 188 2279 CAP.
211 2239 360 2279 xxvii.
383 2242 442 2277 De
461 2243 715 2277 intercessione
735 2249 946 2278 sanctorum
967 2253 1013 2278 ac
1031 2244 1243 2291 proesertitn
1269 2239 1392 2278 beatae
1413 2242 1558 2278 Mar'iae

728 2306 904 2354 Virginis.

127 2444 246 2485 Modo
258 2473 269 2492 ‚
290 2458 409 2496 quum
423 2443 524 2482 libro
539 2444 574 2484 ll
588 2445 865 2497 Origenianum
876 2458 1047 2485 errorem
1067 2453 1290 2485 notaremus
1306 2446 1353 2485 de
1367 2445 1557 2486 damnatis

75 2509 282 2563 aliquando
308 2509 538 2558 liberandis,
562 2509 762 2547 omisimus
788 2509 894 2561 quod
922 2510 962 2548 in
985 2523 1030 2549 ea
1048 2524 1090 2548 re
1120 2510 1326 2562 Sibyllistae
1356 2511 1557 2563 proprium

77 2577 148 2615 suit
159 2577 296 2628 (neque
306 2575 407 2614 enim
422 2575 495 2613 hoc
504 2575 638 2615 saltem
649 2575 805 2615 videtur
817 2584 932 2628 poeta
945 2589 968 2614 a
981 2576 1163 2628 magistro
1174 2590 1244 2614 suo
1255 2575 1464 2628 didicisse),
1476 2577 1558 2615 sore

77 2650 119 2680 nt
139 2649 357 2679 sanctorum
374 2638 555 2692 precibus
571 2653 615 2679 ea
631 2640 742 2679 venia
756 2639 1046 2678 concederetur.
1059 2640 1220 2679 Sanctos
1235 2654 1327 2692 crgo
1343 2653 1416 2692 pro
1432 2635 1567 2692 impiis

77 2705 354 2745 intercedentes
372 2705 458 2757 plus
485 2705 674 2744 valituros
692 2705 863 2757 agnoscit
880 2719 995 2757 quam
1019 2705 1158 2757 impios
1175 2719 1246 2757 pro
1262 2719 1302 2744 sc
1318 2706 1436 2757 ipsos,
1459 2719 1558 2756 quo·

80 2785 161 2809 rum
183 2784 314 2822 preces
335 2765 599 2809 aversatur-um
621 2771 742 2809 Deum
757 2770 928 2822 judicem
946 2770 1099 2810 dixerat
1116 2785 1232 2823 snpra
1249 2803 1260 2819 ,
1279 2784 1317 2810 v.
1343 2774 1414 2811 311
1441 2785 1451 2810 ε

239 2833 311 2874 Καὶ
335 2834 407 2873 τότ’
428 2835 640 2889 ἀποστρέψεὶ
655 2838 812 2889 φανερῶς
829 2835 868 2875 τὸ
886 2836 1073 2890 πρόσωπον
1093 2836 1152 2874 ἀπ’
1170 2837 1298 2876 αὐτῶν.

82 2900 120 2938 ln
154 2913 229 2950 quo
256 2899 408 2939 videtur
442 2900 683 2951 aliquatenus
718 2901 892 2952 origenis
918 2915 1086 2940 errorem
1120 2902 1285 2951 levasse,
1310 2902 1393 2955 ipse
1431 2895 1554 2941 tannen
