1752 3495
111 240 205 286 256
499 237 581 281 AD
614 236 953 282 SIBYLLINOS
982 237 1188 283 LIBROS

110 337 177 388 qui
196 348 314 387 graece
339 335 596 386 scripserunt,
618 335 736 373 multa
759 336 840 373 sine
859 335 979 373 dubio
1001 350 1021 374 a
1041 336 1182 375 Judaeis
1207 336 1472 379 Alexandrinis
1494 342 1572 383 sive

111 399 317 438 liellenistis
330 408 573 450 acceperunt.
593 400 712 438 Porro
731 407 967 436 constantem
986 400 1088 450 apud
1106 414 1169 438 eos
1191 411 1408 452 repererant
1421 404 1573 456 Sibyllae

81 486 89 494 ·
108 465 248 502 famam
271 463 487 514 Babyloniae
513 477 578 502 seu
597 463 796 509 Chaldaeae,
821 463 918 511 sive,
939 477 1051 513 quam
1076 464 1248 516 plerique
1272 466 1441 504 eamdem
1463 480 1572 520 puta-

107 528 217 575 bant,
251 529 476 579 Erythraeae,
504 542 589 580 quae
619 527 890 577 Sibyllinorum
923 529 1164 567 oraculorum
1194 529 1309 568 hodie
1344 535 1571 574 exstantium

106 603 232 645 partes
249 593 431 644 quasdam
445 622 457 643 ,
482 592 647 630 omnium
673 591 956 641 antiquissimas
972 592 1146 643 solasque
1166 602 1242 631 tum
1263 602 1394 641 notas,
1416 595 1482 635 lib.
1507 600 1571 646 111,

104 663 123 705 §
145 672 166 695 2
184 666 222 696 et
240 663 277 706 4,
299 657 558 707 composuisse
585 654 823 694 credebatur.
843 656 1013 706 Namque
1041 657 1128 695 istas
1163 645 1289 709 partes
1308 657 1473 697 diximus
1492 662 1569 711 jam

104 731 141 760 et
166 723 314 774 plenius
339 722 379 760 in
401 722 573 760 Excursu
591 721 622 758 V
639 720 880 757 ostendemus
904 728 991 758 ante
1021 721 1162 759 Christi
1189 722 1388 759 adveutum
1415 724 1569 775 scriptas

103 787 236 833 fuisse,
267 795 443 838 regnante
476 784 576 835 apud
611 784 809 835 AEgyptios
836 785 1108 826 Philometore.
1147 788 1317 833 Quarum
1356 800 1404 825 ex
1437 789 1567 840 initio,

104 865 240 902 nempe
259 864 306 889 ex
325 849 422 888 libro
450 850 520 896 lll,
540 862 573 887 v.
591 862 655 898 97,
672 861 770 899 sqq.‚
793 848 997 899 Abydenus
1010 848 1087 899 jan»
1117 850 1207 887 olim
1232 856 1319 900 (non
1342 851 1404 888 ille
1425 853 1566 890 Aristo·
1598 861 1603 867 ⁴

103 917 208 963 telis,
226 915 290 953 sed
309 914 509 961 recentior,
526 914 707 960 secundo,
725 922 767 951 ut
786 914 952 965 videtur,
973 923 1060 952 aute
1092 913 1285 952 Christum
1309 916 1447 953 saeculo
1467 917 1565 956 desi-

101 990 214 1018 nente
238 979 408 1030 vivens),
431 987 543 1029 atque
573 992 620 1015 ex
652 977 732 1028 ejus
762 978 834 1016 fide
863 979 1095 1029 Eupolemus
1119 988 1156 1016 et
1181 980 1405 1031 Polyhistor
1426 982 1566 1032 (confer

101 1053 228 1083 notata
258 1044 305 1082 ad
330 1044 454 1095 ipsum
484 1045 658 1094 versum)
680 1044 727 1082 de
760 1044 855 1082 turri
888 1043 1099 1094 Babylonia
1129 1045 1250 1082 ventis
1280 1058 1409 1083 eversa
1444 1047 1565 1086 locum

100 1108 302 1160 quemdam
331 1108 621 1146 celeberrimum
649 1108 878 1156 attulerant,
899 1108 1072 1147 eumdem
1094 1122 1205 1160 quem
1228 1118 1359 1159 postea
1379 1110 1565 1162 Josephus

97 1172 410 1225 Judaeus(confer
422 1181 503 1212 not.
521 1171 718 1225 ibid.)ipse
733 1186 886 1224 quoque
907 1173 1048 1220 retulit,
1066 1186 1136 1210 nec
1154 1162 1388 1211 dissimulata
1401 1175 1561 1225 origine3

97 1240 148 1277 ait
174 1239 272 1276 enim
289 1253 298 1276 z
319 1238 407 1291 Περὶ
421 1236 455 1275 δὲ
471 1240 529 1276 τοῦ
543 1237 674 1290 πύργου
696 1237 816 1276 τούτου
825 1266 942 1278 .....
970 1237 1145 1289 μέμνηται
1165 1237 1222 1275 καὶ
1244 1237 1401 1277 Σίὸυλλα
1418 1238 1562 1290 λέγουσα

96 1302 224 1351 οὕτως,
247 1303 427 1355 additque
447 1303 630 1341 nonnulla
646 1317 812 1342 consona
839 1304 994 1342 omnino
1011 1303 1207 1354 Sibyllinis
1227 1304 1381 1342 nostris.

149 1368 250 1419 Ergo
271 1368 350 1405 haec
365 1368 532 1406 secundo
549 1376 634 1405 ante
652 1368 845 1406 Christum
864 1368 1003 1406 saeculo
1025 1368 1248 1419 composita,
1262 1368 1419 1419 jamque
1438 1369 1484 1407 ab
1501 1371 1562 1409 illo

99 1443 271 1486 tempore
296 1433 548 1485 scriptoribus
575 1424 687 1471 etiam
717 1433 887 1485 profanis
914 1442 1017 1482 nota,
1049 1433 1203 1485 vulgata
1224 1434 1433 1484 prcesertim
1454 1435 1561 1474 fuisse

96 1498 219 1549 palam
238 1508 294 1537 est
313 1498 415 1550 apud
435 1498 590 1537 Judaeos
620 1499 895 1546 hellenistas‚''a
913 1498 1052 1550 quibus
1075 1499 1121 1537 ad
1145 1499 1384 1537 Christianos
1405 1502 1561 1540 transire

95 1564 204 1601 facile
226 1571 447 1614 potuerunt.

147 1628 258 1679 Apud
285 1629 442 1666 Nostros
469 1637 595 1666 autem
618 1629 677 1666 vel
707 1637 795 1666 ante
813 1628 973 1680 Josephi
994 1629 1136 1680 scripta
1156 1638 1192 1667 et
1221 1628 1291 1667 sub
1311 1629 1401 1680 ipsis
1424 1638 1560 1669 nostrae

92 1692 282 1743 religionis
299 1691 540 1730 incunabulis
560 1706 735 1744 magnam
758 1693 870 1731 fuisse
887 1694 1040 1731 illorum
1062 1694 1272 1731 carminum
1296 1695 1432 1732 famam
1448 1708 1561 1745 opor-

91 1765 199 1803 teret,
213 1757 243 1795 si
258 1770 389 1794 verum
406 1766 503 1809 esset
518 1758 622 1808 quod
641 1757 756 1796 tradit
767 1757 939 1797 Clemens
953 1758 1244 1802 Alexandrinus,
1260 1759 1400 1797 Strom.
1417 1757 1483 1798 lib.
1498 1758 1557 1805 Vl,

90 1834 128 1872 p.
145 1822 232 1870 761,
247 1821 308 1860 ed.
331 1823 469 1869 Oxon.‚
493 1821 617 1873 ipsum
639 1822 806 1872 gentium
827 1823 1058 1873 apostolum,
1078 1833 1275 1860 strenuum
1296 1822 1403 1860 illum
1423 1832 1557 1861 nostrae

91 1885 177 1924 lidci
192 1894 496 1938 propagatorem,
508 1886 740 1933 Paulum,ad
756 1886 945 1938 Sibyllina
961 1886 1119 1938 legenda
1136 1887 1331 1925 auditores
1348 1900 1436 1926 suos
1455 1901 1558 1939 aper-

93 1953 242 1991 tissimis
264 1952 390 1991 verbis
410 1955 656 2005 provocasse,
679 1963 857 2005 tanquam
886 1954 1004 1991 multa
1027 1952 1144 1992 ibide
1162 1968 1238 1991 uno
1259 1956 1339 1992 Deo
1360 1953 1481 2004 deque
1505 1954 1556 1991 fu-

90 2020 185 2058 turis
203 2019 319 2058 rebus
340 2020 562 2058 inventuros
578 2035 585 2057 :
604 2019 752 2067 Λάεῒετε,
771 2020 909 2071 inquit,
928 2019 987 2057 καὶ
1007 2019 1067 2063 τὰς
1086 2018 1294 2065 Ἑλληνικὰς
1314 2018 1466 2071 βίὸλους,
1488 2018 1556 2056 ἐπί-

88 2099 197 2135 γνωτε
211 2083 402 2132 Σίὸυλλαν,
420 2086 466 2128 ὡς
483 2086 581 2131 δηλοῖ
599 2083 658 2122 ἕνα
676 2083 765 2123 Θεὸν
781 2084 840 2122 καὶ
857 2083 899 2122 τὰ
919 2081 1097 2135 μέλλοντα.
1110 2084 1258 2122 ἔσεσθαι.
1275 2085 1424 2122 Scimus
1441 2082 1555 2121 doctis

89 2149 280 2187 nonnullis
307 2158 417 2200 atque
445 2149 618 2201 inprimis
637 2149 830 2188 Cotelerio
845 2179 855 2196 ,
875 2150 1066 2197 omnium,
1089 2139 1155 2200 ciui
1177 2149 1257 2187 haec
1278 2149 1402 2186 studia
1428 2149 1556 2199 attige-

89 2222 197 2258 runt,
215 2213 326 2251 nobis
342 2212 552 2264 judicibus,
573 2214 681 2251 facilc
700 2213 886 2265 principi,
908 2214 988 2251 visa
1010 2227 1092 2252 csse
1109 2214 1317 2252 Clementis
1340 2214 1403 2251 illa
1428 2212 1552 2261 verba,

86 2291 163 2316 non
184 2279 306 2319 Pauli.
329 2278 403 2317 Sed
419 2291 562 2317 errasse
581 2279 705 2316 virum
723 2279 1002 2330 sagacissimum
1019 2278 1128 2316 facile
1142 2287 1336 2330 agnoscet,
1357 2278 1422 2329 qui
1435 2278 1553 2316 locum

86 2344 287 2382 Clementis
316 2344 500 2395 integrum
533 2343 732 2395 relegerit:
769 2343 869 2383 Ἐπεὶ
901 2342 953 2381 ὅτι
986 2342 1142 2395 καθάπερ
1176 2342 1361 2385 Ἰουδαίους
1390 2341 1552 2386 σώζεσθαι

86 2406 244 2445 ἑδούλετο
259 2410 277 2445 ὁ
296 2408 385 2451 Θεὸς
403 2407 480 2451 τοὺς
499 2408 677 2461 προφήτας
700 2408 830 2458 διδούς,
853 2406 958 2451 οὕτως
976 2407 1035 2446 καὶ
1059 2407 1238 2455 Ἑλλήνων
1259 2406 1334 2451 τοὺς
1359 2404 1552 2457 δοκιμωτά-

84 2485 161 2515 τους
178 2471 322 2515 οἷκείους
344 2472 456 2510 αὐτῶν
476 2474 518 2524 τῇ
541 2470 712 2525 διαλέκτῳ
730 2471 910 2526 προφήτας
933 2472 1150 2520 ἀναστήσας,
1181 2473 1225 2514 ὡς
1252 2467 1317 2510 οῗοί
1335 2486 1372 2509 τε
1395 2465 1480 2517 ἦσαν
1500 2467 1552 2507 δέ·

84 2539 206 2588 χεσΟαι
225 2535 287 2583 τὴν
305 2535 400 2590 παρὰ
419 2537 509 2576 Θεοῦ
529 2536 742 2590 εὐεργεσίαν,
765 2539 833 2575 τῶν
852 2536 1005 2590 χυδαίων
1025 2536 1216 2589 ἀνθρώπων
1236 2535 1421 2589 διέκρινεν,
1445 2533 1551 2582 δηλώ-

85 2615 137 2637 σει
154 2599 236 2652 πρὸς
251 2603 300 2653 τῷ
322 2600 457 2654 Πέτρου
477 2602 675 2655 κηρύγματι
694 2604 712 2641 ὃ
729 2602 920 2646 ἀπόστολος
939 2601 1049 2653 λέγων
1075 2603 1212 2644 Παῦλος
1225 2616 1233 2624 ·
1254 2601 1391 2641 Λάίῖετε
1414 2599 1470 2638 καὶ
1495 2598 1550 2640 τὰς

26 2681 31 2686 ·
83 2663 263 2711 ἑλληνικὰς
284 2665 433 2716 βίὸλους,
456 2666 623 2717 ἐπίγνωτε
648 2666 845 2714 Σίὸυλλαν,
862 2669 908 2710 ὡς
929 2667 1027 2713 δηλοῖ
1047 2665 1106 2703 ἕνα
1126 2666 1215 2705 Θεὸν
1232 2664 1290 2704 καὶ
1318 2663 1360 2703 τὰ
1387 2663 1549 2716 μέλλοντα

82 2728 239 2766 ἔσεσθαι·
259 2727 317 2767 καὶ
335 2730 392 2767 τὸν
408 2729 614 2777 “Υστοἰσπην
633 2729 797 2773 λαίῗόντες
816 2730 1002 2781 ἀνέγνωτε,
1020 2731 1080 2769 καὶ
1100 2730 1259 2784 εὑρήσετε
1281 2731 1400 2781 πολλῷ
1428 2729 1549 2774 τηλαυ-

80 2793 240 2846 γέστερον
266 2792 325 2831 καὶ
346 2793 553 2846 σαφέστερον
574 2795 814 2847 γεγραμμένον
837 2794 893 2833 τὸν
916 2794 987 2833 υἱὸν
1007 2799 1065 2833 τοῦ
1085 2797 1177 2835 Θεοῦ
1192 2826 1201 2843 ,
1227 2795 1286 2833 καὶ
1315 2791 1426 2835 καθὼς
1444 2789 1566 2842 παρά-ν

80 2857 173 2902 ταξιν
197 2846 380 2905 ποι-ζήσομαι
399 2861 449 2911 τῷ
470 2860 610 2912 Χριστῷ
637 2861 757 2898 πολλοὶ
786 2861 950 2911 βασιλεῖς,
972 2864 1150 2910 μισοῦντες
1176 2862 1278 2899 αὐτὸν
1305 2859 1361 2898 καὶ
1387 2857 1463 2900 τοὺς
1488 2871 1548 2908 φο-

82 2925 221 2975 ροῦντας
239 2923 277 2961 τὸ
302 2923 412 2974 ὄνομα
432 2926 546 2972 αὐτοῦ,
568 2924 624 2963 καὶ
645 2924 721 2968 τοὺς
742 2924 882 2969 πιστοὺς
905 2926 1104 2977 αὖτοῧ,,>ιαὶ
1124 2925 1186 2972 τὴν
1213 2923 1388 2976 ὑπομονὴν
1413 2921 1470 2961 καὶ
1489 2919 1548 2967 τὴν
