1752 3495
240 249 324 291 160
610 244 688 288 At)
725 245 1069 289 SlBYLLlNOS
1105 246 1316 290 LlBROS

231 342 381 381 meticlii
402 348 588 391 tempore,
605 340 721 391 paulo
737 348 824 378 ante
838 341 1087 391 Tarquinium
1118 342 1310 387 l’riscum3
1344 341 1536 392 vulgatum
1569 357 1686 391 autem

229 421 305 446 non
324 406 436 445 fuisse
453 413 540 444 ante
564 405 770 458 AEgyptum
797 405 847 444 ab
877 406 1091 444 Alexandro
1119 407 1232 444 armis
1266 414 1430 457 partam,
1457 408 1579 448 altero
1608 426 1686 464 post

227 470 452 520 Tarquinios
471 469 608 508 saecuto
625 483 734 521 :quae
749 470 902 522 quidem
919 471 1100 508 Varronis
1117 479 1173 508 est
1191 470 1378 509 sententia
1394 472 1495 522 apud
1516 474 1685 528 Plinium,

228 534 317 571 llist.
333 541 410 572 nat.
426 533 634 581 xllt,§21,
650 534 783 572 frustra
805 534 1084 580 reclamantem,
1104 533 1200 573 ibid.
1220 535 1242 583 5
1263 546 1325 582 27.
1348 537 1463 572 Antea
1478 537 1536 573 vel
1558 539 1685 583 tabulis

227 596 357 648 ligneis
374 595 551 634 obductis
577 610 663 635 cera
685 596 913 644 scribebant,
933 596 1034 647 quod
1056 597 1174 647 magis
1194 597 1240 634 ad
1267 597 1432 636 rationes
1451 601 1683 650 quotidianas

225 674 337 711 quam
350 659 396 697 ad
410 660 701 711 rem'librariam
714 660 951 698 commodum
975 660 1143 710 suin-vel
1164 660 1373 699 corticibus
1391 675 1455 700 seu
1476 664 1598 714 potius
1615 681 1685 708 cor.

225 726 341 763 ticum
361 724 462 763 libro
489 725 675 775 laevigato,
700 724 801 762 unde
820 724 901 775 ipsa
921 723 1103 762 librorum
1125 725 1346 776 appellatio,
1370 727 1426 763 vel
1448 727 1588 776 linteis,
1607 744 1682 781 quae

224 790 393 837 materia,
414 798 549 841 utpote
569 790 725 835 tirmior,
747 787 1016 839 prael'ercbatur
1031 788 1067 825 in
1089 789 1183 826 actis
1198 788 1362 840 publicis
1377 798 1414 827 et
1429 790 1458 827 si
1475 792 1568 841 quid
1590 795 1681 836 aliud

225 855 418 892 memoriae
437 855 633 892 hominum
653 853 841 890 diuturnae
861 852 1031 889 mandari
1044 852 1264 903 ¹oportebat.
1292 853 1385 892 Inde
1410 853 1595 895 librorum
1620 860 1681 898 lin-

224 928 372 958 teorum
402 920 440 956 in
465 919 546 957 aede
566 911 729 957 Monetae
754 925 988 955 servatorum
1019 917 1196 968 frequens
1222 918 1322 969 apud
1351 919 1499 957 Livium
1526 925 1678 974 mentio,

225 984 435 1034 praesertim
458 982 521 1020 lib.
536 983 598 1032 lv,
622 982 695 1031 57,
714 994 783 1028 ao,
802 989 875 1019 etc.
908 980 1019 1031 Isque
1042 994 1120 1018 mos
1136 981 1174 1018 in
1199 981 1303 1018 fastis
1326 982 1584 1023 custodiendis
1603 1000 1679 1027 sero

224 1047 430 1085 admodum
460 1048 588 1086 Romae
607 1045 732 1092 desiit,
749 1044 935 1095 siquidem
956 1045 1141 1096 Vopiscus
1171 1045 1270 1082 inter
1300 1044 1438 1083 linteos
1472 1046 1591 1086 libros
1612 1053 1680 1102 epi-

224 1111 357 1149 stolam
375 1125 396 1148 a
415 1123 454 1148 se
471 1118 659 1161 repertam
679 1117 836 1147 testatur
846 1109 1037 1147 Aureliani
1054 1109 1237 1160 principis
1251 1138 1261 1155 ‚
1281 1109 1317 1146 in
1337 1110 1420 1160 ejus
1436 1112 1529 1157 vita,
1550 1126 1585 1163 p.
1601 1115 1679 1165 839,

224 1175 285 1212 ecl.
311 1175 430 1226 Lugd.
456 1176 538 1214 Bat.
564 1175 675 1212 1661,
697 1175 838 1212 Confer
858 1174 1044 1224 Eggerurn
1067 1182 1239 1211 nostrum
1269 1173 1317 1212 de
1344 1174 1418 1212 hoc
1440 1176 1546 1214 omni
1573 1190 1678 1229 argu—

224 1249 352 1277 mento
371 1239 486 1277 multa
503 1247 554 1284 et,
579 1248 618 1276 ut
639 1239 747 1283 solet,
766 1247 940 1276 accurata
959 1238 1214 1289 disputantem
1237 1239 1273 1276 in
1298 1240 1450 1290 egregia
1466 1253 1534 1278 sua
1554 1241 1679 1281 disser-

225 1304 392 1341 tatione:
410 1307 466 1341 De
488 1304 695 1350 l’influence
715 1304 764 1339 du
783 1316 951 1352 papyrus
967 1304 1148 1351 e‘gyptien,
1176 1302 1294 1352 Paris,
1317 1306 1427 1347 1842.

276 1367 350 1405 Sed
376 1375 416 1405 ut
441 1367 487 1405 ad
515 1366 632 1404 libros
650 1364 857 1416 Sibyllinos
885 1365 1103 1411 redeamus,
1126 1378 1245 1415 graece
1274 1365 1358 1403 illos
1382 1366 1498 1404 fuisse
1526 1367 1678 1417 scriptos

224 1446 374 1471 neccsse
394 1442 463 1484 est,
476 1433 618 1483 quippe
638 1445 684 1469 ex
702 1431 846 1469 Graecia
867 1430 913 1467 ad
933 1429 1184 1480 Tarquinium
1199 1431 1343 1469 allatos,
1366 1431 1410 1469 Et
1427 1439 1516 1468 tunc
1537 1432 1678 1481 quidem

226 1500 341 1537 latina
358 1499 501 1550 lingua,
521 1499 600 1535 sive
619 1510 705 1534 osca
726 1496 843 1547 magis
864 1509 977 1546 quam
1000 1496 1114 1534 latina
1139 1495 1356 1546 utebantur,
1377 1496 1464 1534 rudi
1484 1496 1677 1537 admodum

223 1571 263 1600 et
289 1562 451 1609 inculta,
471 1563 594 1600 nullas
613 1562 659 1599 ad
689 1561 941 1613 grammaticae
970 1560 1070 1612 leges
1094 1569 1245 1607 exacta,
1275 1574 1361 1611 quae
1385 1575 1455 1599 nec
1482 1561 1529 1599 ad
1545 1563 1677 1612 justum

222 1640 320 1678 opus
343 1626 582 1664 condendum
613 1625 803 1672 adhiberi,
831 1633 869 1662 et
899 1625 1018 1662 multo
1046 1625 1170 1663 minus
1199 1625 1367 1662 numeris
1394 1626 1517 1676 aptari
1546 1636 1676 1677 posset.

221 1691 340 1742 Cujus
363 1692 393 1730 si
415 1691 497 1742 quis
515 1690 713 1742 imaginem
741 1690 812 1728 sibi
831 1690 969 1742 fingere
996 1690 1103 1736 velit,
1127 1690 1266 1740 relegat
1292 1690 1348 1727 vel
1376 1690 1556 1728 informia
1584 1692 1678 1730 Oscae

222 1754 358 1804 linguae
382 1764 645 1804 monumenta,
669 1756 727 1794 vel
758 1764 859 1793 certe
886 1755 1067 1793 barbaros
1097 1757 1268 1794 Fratrum
1297 1756 1490 1795 Arvalium
1523 1765 1676 1797 cantus:

220 1835 237 1852 σι
257 1819 383 1864 Eoos,
406 1820 510 1868 lases,
534 1820 682 1870 juvate,
700 1829 771 1860 etc.
792 1839 807 1854 υ
834 1822 963 1871 Neque
982 1821 1083 1858 enim
1103 1835 1123 1858 e
1146 1821 1348 1859 duodecim
1376 1821 1513 1859 tabulis
1527 1851 1538 1869 ,
1560 1835 1678 1873 quan-

220 1896 330 1934 quam
351 1883 403 1921 illi
423 1883 522 1922 aetati
545 1885 740 1934 proximis,
760 1883 824 1922 sed
846 1897 945 1935 saepc
967 1893 1097 1936 postea
1113 1884 1297 1936 reparatis
1317 1886 1601 1937 castigatisque,
1620 1886 1678 1923 lin·

221 1961 330 1998 guam
349 1956 426 1986 tum
446 1948 483 1985 in
501 1948 610 1986 Latio
630 1950 826 2000 vigentem.
841 1949 1028 1988 aestimare
1046 1958 1169 1987 tutum
1190 1958 1308 2000 esset3
1333 1964 1426 2001 quas
1447 1959 1570 1988 tamen
1590 1950 1678 1988 anti-

221 2013 305 2063 quis
317 2011 411 2062 jam,
441 2022 481 2051 ut
500 2013 628 2061 nobis,
652 2013 863 2052 salebrosas
888 2022 926 2051 et
947 2013 1192 2061 tenebrosas,
1220 2027 1333 2052 nemo
1364 2023 1465 2062 erat,
1496 2014 1677 2052 Ciceronis

224 2084 408 2126 tempore,
429 2077 495 2128 qui
516 2077 622 2115 facile
641 2078 890 2130 interpretari
912 2086 1051 2130 posset.
1070 2079 1203 2117 Graeea
1221 2091 1314 2116 vero
1334 2079 1462 2130 lingua
1478 2078 1557 2130 jam
1585 2087 1672 2127 tum,

222 2141 436 2191 Tarquiniis
466 2143 720 2193 regnantibus,
743 2157 967 2193 magnorum
987 2150 1187 2194 poetarum
1215 2143 1376 2195 ingeniis
1407 2144 1587 2195 expolita,
1609 2144 1677 2182 sola

223 2204 452 2243 carminibus
471 2206 677 2257 pangendis
697 2216 762 2245 aut
781 2207 890 2245 libris
905 2207 1114 2245 condendis
1132 2207 1271 2246 idonea
1291 2216 1386 2245 erat.
1404 2207 1537 2258 Itaque
1556 2206 1676 2244 Numae

222 2269 342 2319 ipsius
363 2269 477 2307 libros
497 2270 668 2309 inventos
688 2284 767 2308 esse
786 2271 825 2309 in
845 2272 924 2322 ejus
945 2272 1121 2322 sepulcro
1145 2285 1262 2322 graece
1284 2273 1449 2321 scriptos
1475 2277 1676 2308 memorant

224 2333 368 2379 Livius,
386 2334 476 2372 ttist.
494 2335 572 2383 xL,
593 2339 690 2387 §292
707 2345 744 2374 et
758 2336 916 2383 Plinius,
939 2337 984 2374 Η.
1016 2344 1096 2375 nat.
1128 2336 1230 2383 Xlll,
1259 2336 1281 2386 S
1301 2349 1362 2383 27.
1392 2335 1544 2381 Quanto
1569 2334 1676 2385 magis

223 2398 470 2445 credendum,
490 2408 677 2450 acceptam
705 2400 806 2438 illam
827 2401 993 2452 linguam
1018 2409 1056 2439 et
1082 2401 1303 2439 familiarem
1321 2401 1436 2438 fuisse
1454 2399 1676 2451 Tarquiniis.

224 2462 368 2514 origine
383 2464 535 2512 Graecis,
550 2478 644 2514 quos
663 2465 776 2503 etiam
793 2465 1122 2516 fortassejuvabat
1138 2466 1292 2504 oracula
1312 2479 1379 2503 sua
1396 2465 1454 2503 vel
1470 2465 1554 2516 ipso
1574 2476 1675 2516 pere-

223 2528 339 2578 grinae
356 2528 490 2580 linguae
511 2542 646 2567 arcano
665 2529 713 2567 ab
729 2531 972 2581 inquisitione
989 2531 1091 2583 vulgi
1115 2531 1224 2569 tueri.
1250 2531 1327 2571 Nec
1349 2531 1438 2582 ipsis
1454 2528 1674 2581 profectoli-

222 2593 358 2630 cuisset
369 2593 441 2630 alia
458 2593 584 2644 lingua
599 2595 757 2645 scriptos
771 2595 886 2633 libros
901 2595 1054 2646 Sibyllae
1069 2596 1271 2647 imputare,
1282 2609 1396 2646 quam
1406 2609 1537 2633 omnes
1548 2601 1674 2632 norant

221 2656 360 2707 patria,
377 2671 454 2694 non
470 2657 619 2695 nomine
636 2666 791 2705 tantum,
806 2660 974 2698 Graecam
990 2674 1085 2698 csse.
1112 2660 1219 2699 Adde
1239 2659 1342 2711 quod
1360 2669 1490 2698 narrat
1506 2660 1674 2700 Zonaras,

222 2720 357 2758 Annal.
377 2721 465 2768 vlt,
495 2725 513 2768 ς
540 2735 598 2768 ιι,
624 2730 756 2759 auctor
779 2737 846 2773 per
870 2738 908 2762 se
930 2727 1008 2763 non'
1027 2725 1079 2762 ita
1099 2725 1249 2776 gravis,
1274 2725 1339 2762 sed
1361 2738 1382 2761 a
1409 2725 1532 2762 Dione
1555 2723 1673 2761 Cassio

223 2785 342 2822 multa
368 2783 567 2822 desumere
583 2794 723 2834 suetus,
743 2785 926 2825 librorum
946 2789 1223 2840 Sibyllinorum
1244 2787 1436 2835 custodes,
1468 2789 1533 2839 qui
1553 2801 1573 2825 a
1589 2788 1673 2825 'sar-

221 2849 357 2900 quinio
394 2850 585 2901 praepositi
624 2850 770 2889 fuerant
797 2853 988 2891 servandis
1013 2855 1057 2892 iis
1085 2854 1423 2906 consulendisque,
1450 2868 1564 2905 quum
1589 2850 1672 2890 nihil

224 2913 333 2964 plane
349 2913 385 2950 in
397 2913 478 2952 istis
494 2913 610 2952 literis
625 2914 1015 2965 viderent,accersisse
1028 2932 1048 2957 e
1059 2920 1200 2958 Graecia
1218 2919 1369 2973 (Magna
1386 2919 1572 2968 videlicet)
1586 2917 1672 2955 duos
