1686 3500
590 225 978 272 .-.'EXCURSUS
1013 227 1096 270 V.··
1186 263 1188 265 .
1397 271 1404 282 ,
1495 227 1588 276 407

120 336 198 366 tum
221 324 323 364 unde
340 325 466 377 ipsum
490 322 697 372 νουθετικόν,
716 331 846 376 atque
872 322 963 362 inde
982 322 1164 379 carminis·
1179 324 1377 377 utriusque
1395 325 1499 364 filum
1522 325 1602 365 dte-¹

116 390 291 438 ducatur,
318 401 504 442 nusquam
532 396 681 427 mutato
707 400 889 426 versuum
905 386 1054 436 ordine,
1074 387 1206 440 paucis
1222 388 1411 429 duntaxat
1429 389 1598 439 omissis,

116 454 324 507 paucisque
350 454 487 507 passim
519 453 751 506 interjectis,
784 453 832 492 de
861 452 1001 505 quibus
1032 466 1122 492 mox
1147 451 1261 491 nobis
1283 455 1478 506 agendum
1504 456 1591 497 erit.

114 519 290 561 Substitit
309 528 436 559 autem
453 520 593 559 Noster
609 519 647 557 in
665 517 902 570 Phocylideo
919 531 1029 557 versu
1043 523 1111 567 74,
1132 526 1212 556 tum
1232 518 1323 571 quia
1340 518 1492 572 longius
1510 529 1594 560 erat

113 597 264 625 carmen
287 598 401 638 quam
422 583 527 637 quod
549 592 670 623 totum
691 583 891 636 Sibyllinis
906 584 1155 634 insereretur,
1175 591 1254 622 tum
1281 583 1371 635 quia
1395 586 1589 637 sequentia

114 658 305 703 praecepta
329 650 455 689 minus
471 649 630 689 fortasse
651 649 801 701 vulgata
818 657 943 699 erunt,
963 661 1086 700 neque
1107 649 1146 687 in
1164 647 1345 688 omnibus
1365 648 1525 689 sortasse
1541 651 1592 690 sc·

115 715 296 755 rebantur
322 714 628 768 exemplaribus,
646 726 770 766 neque
795 715 953 754 sortasse
981 714 1021 752 in
1045 713 1225 753 omnibus
1249 713 1392 753 scholis
1410 713 1591 767 legeban-

114 791 197 827 tur,
224 781 369 833 quippe
398 794 477 819 non
501 779 681 819 omnibus
703 793 808 832 aeque
839 779 1046 818 lectoribus
1073 792 1144 818 nec
1172 779 1263 818 satis
1293 778 1592 819 adolescentium

112 846 273 898 ingeniis
289 845 589 885 accommodata.
609 845 746 893 Qualia
765 853 854 884 sunt
870 845 934 883 illa
949 844 998 883 de
1012 844 1162 884 ratione
1182 844 1401 898 excipiendi
1419 844 1594 898 hospitis,

113 911 285 962 phocyl„
315 924 350 948 v.
382 911 445 958 76,
471 923 550 962 sq.;
575 909 623 949 de
649 923 724 949 aere
755 918 892 948 mutuo
917 923 995 948 non
1021 909 1200 948 acerbius
1227 908 1437 961 exigendo,
1459 922 1500 948 ⁴v.
1521 911 1591 958 783

111 976 159 1015 de
182 974 381 1028 judicibus
409 983 475 1013 aut
505 975 789 1026 magistratibus
819 975 1024 1027 eligendis,
1043 989 1080 1015 v.
1111 977 1176 1023 81,
1205 988 1312 1026 sqq.;
1335 974 1384 1013 de
1411 974 1593 1014 cavendis

111 1039 394 1088 adulatoribus,
414 1054 450 1078 ν.
471 1039 538 1087 85,
555 1053 659 1091 sqq.;
675 1040 723 1078 de
742 1039 877 1092 populi
907 1039 1169 1079 inconstantia
1183 1071 1193 1089 ‚
1210 1053 1248 1078 ν.
1269 1039 1339 1091 89,
1361 1053 1442 1092 sqq.
1459 1053 1469 1088 ;
1500 1039 1590 1078 item

110 1119 195 1158 quae
227 1106 273 1144 ad
304 1105 528 1156 nuptiarum
554 1117 692 1143 arcana
726 1104 946 1156 pertinent,
974 1117 1009 1142 v.
1046 1105 1132 1152 165,
1159 1117 1268 1157 sqq.,
1301 1104 1358 1143 vel
1388 1105 1434 1142 ad
1465 1104 1604 1143 officia«

111 1177 312 1221 parentum
332 1182 423 1220 erga
452 1167 618 1216 liberos,
643 1182 676 1208 v.
707 1169 801 1219 195,
832 1182 932 1221 sqq„
957 1178 1022 1208 aut
1049 1169 1292 1209 dominorum
1320 1182 1408 1222 erga
1435 1182 1606 1218 servos,¹

112 1248 148 1273 v.
167 1247 260 1281 210,
285 1247 373 1286 sqq.

161 1299 218 1338 Ex
236 1299 354 1337 initiis
373 1312 467 1337 vero
487 1298 713 1351 Phocylidei
734 1299 935 1348 carminis,
960 1312 1090 1350 operae
1114 1298 1281 1351 pretium
1311 1308 1368 1339 est
1386 1298 1594 1339 observare

109 1377 281 1416 quaenam
303 1364 545 1416 potissimum
565 1378 588 1404 a
602 1364 800 1417 Sibyllista
814 1365 889 1404 sint
907 1365 1060 1404 omissa.
1076 1366 1221 1418 Nempe
1238 1365 1353 1418 primi
1372 1378 1505 1404 versus
1524 1365 1594 1405 he·

111 1431 341 1469 mistichium
371 1431 553 1480 alterum,
589 1430 674 1482 μήτ’
692 1431 820 1484 ἄρσενα
847 1430 972 1484 κύπριν
997 1430 1146 1484 ὀρίνειν,
1170 1430 1223 1470 ob
1250 1444 1384 1471 sensus
1406 1431 1590 1471 obsceni·-

110 1504 234 1535 tatem.
259 1497 546 1549 Sequensvero
567 1510 698 1536 versus
717 1509 726 1536 z

268 1563 369 1610 Μῆτε
385 1562 504 1606 δόλους
520 1561 660 1617 ῥάπτειν
672 1592 683 1612 ,
699 1561 781 1615 μήθ’
803 1561 927 1613 αἵματι
943 1566 1046 1616 χεῖρα
1066 1562 1231 1613 μιαίνειν,

110 1627 257 1666 deletus
277 1641 324 1666 ex
340 1628 532 1667 industria
552 1628 728 1673 videtur,
749 1636 791 1666 ut
808 1628 877 1679 qui
901 1641 990 1666 mox
1012 1627 1051 1665 in
1073 1627 1153 1666 duo
1178 1628 1322 1667 fractus
1345 1628 1585 1668 hemistichia

111 1704 335 1731 recursurus
366 1701 482 1741 esset,
502 1692 638 1744 Sibyll.
659 1705 695 1733 v.
715 1706 766 1744 99
787 1701 824 1732 et
849 1706 938 1744 ¹19·
968 1692 1107 1732 Omissi
1126 1691 1264 1732 deinde
1290 1702 1422 1733 versus
1445 1694 1607 1743 66-70,·

116 1755 229 1806 quod
251 1757 540 1809 eorumprimus
559 1757 701 1810 gentile
717 1756 900 1808 quiddam
920 1766 1103 1796 sonaret:

264 1820 432 1875 Ἀφθονοι
451 1822 629 1876 οὐρανίδαι
648 1822 708 1861 καὶ
728 1823 763 1860 ἐν
782 1821 945 1869 ἀλλήλοις
959 1820 1159 1874 τελέθουσι,

109 1885 245 1936 reliqui
265 1885 303 1923 in
325 1886 665 1938 amplificationem
690 1899 795 1925 mere
814 1886 1004 1938 poeticam
1021 1894 1286 1927 excurrerent.
1306 1886 1374 1926 His
1396 1887 1588 1938 exceptis,

109 1949 237 1988 nullus
253 1950 333 1988 scre
347 1950 606 2001 phocylideus
631 1963 859 2001 suppressus
883 1959 938 1988 est
957 1963 1104 1998 versus,
1125 1950 1191 1989 sed
1208 1951 1379 2003 quaedam
1397 1950 1436 1990 in
1461 1950 1589 1990 verbis

110 2021 266 2062 mutata,
285 2014 383 2053 levia
401 2015 466 2054 illa
495 2023 554 2066 et,
580 2015 637 2052 uti
655 2014 846 2062 diximus,
870 2027 970 2052 rara.

160 2077 269 2117 Nunc
285 2079 601 2130 refertquaerere,
615 2090 793 2130 quaenam
814 2077 1054 2128 Pliocylideis
1065 2077 1198 2117 addita
1212 2077 1301 2116 sint.
1318 2079 1406 2118 Haec
1423 2092 1561 2132 nempe
1577 2094 1595 2122 εἸ

110 2158 145 2185 ν.
201 2144 262 2194 59.
370 2141 472 2190 Μηδὲ
493 2141 608 2194 μάτην
625 2141 753 2181 εἴδωλα
775 2142 901 2181 σέῧου·
918 2141 976 2181 τὸν
997 2142 1029 2182 δ’
1048 2143 1190 2196 ἄφθιτον
1210 2143 1297 2183 αἰεί.
1315 2173 1326 2183 .
1343 2172 1353 2183 .
1416 2161 1417 2165 ’

110 2222 141 2246 ν.
198 2221 260 2256 70.
369 2206 432 2253 Ἐξ
452 2207 580 2253 ἀδίκων
600 2205 710 2260 ἔργων
728 2207 838 2259 δῶρον
856 2207 933 2260 χερὶ
958 2206 1095 2258 μήποτε
1114 2206 1206 2260 δέξῃ.

111 2286 143 2313 ν.
198 2285 261 2322 ⁰72.
370 2272 435 2317 Εἷς
455 2270 573 2324 γενεὰς
590 2273 716 2323 γενεῶν
730 2299 741 2319 ,
761 2270 818 2310 διὰ
838 2271 1058 2325 σκορπισμὸν
1074 2271 1216 2324 βιότοιο.

111 2352 142 2377 ν.
198 2341 260 2387 73.
367 2338 429 2385 Μὴ
453 2338 706 2390 ἀρσενοκοιτεῖν
721 2368 731 2385 ,
754 2336 803 2388 μὴ
825 2342 1076 2391 συκοφαντεῖν,
1096 2335 1186 2389 μηδὲ
1205 2336 1371 2391 φονεύειν.
1446 2341 1447 2344 ’
1471 2356 1473 2360 ·
1530 2340 1534 2346 ’
1585 2353 1602 2370 »²

110 2416 144 2442 v.
199 2405 262 2453 76.
373 2403 607 2457 Ὀρφανικοῖς,
623 2402 768 2455 χήραις,
785 2401 1039 2455 ἐπιδευομένοις
1057 2401 1093 2440 δὲ
1109 2401 1308 2455 παράσχου.

111 2482 145 2508 ν.
202 2483 263 2520 79.
371 2468 509 2520 Ἱδρῶσι
528 2467 689 2520 σταχύων
708 2468 799 2521 χειρὶ
816 2467 978 2520 χρῄζοντι
996 2467 1196 2520 παράσχου.

112 2548 142 2572 ν.
198 2536 261 2574 80.
367 2533 436 2577 Ὃς
456 2533 485 2571 δ’
500 2532 737 2584 ἐλεημοσύνην
755 2532 926 2586 παρέχει,
944 2534 1028 2587 Θεῷ
1049 2529 1120 2571 οἶδε
1138 2532 1324 2578 δανείζειν,
1428 2550 1443 2562 ·’
1483 2548 1487 2552 ’
1561 2549 1565 2566 1
1588 2548 1605 2579 g·

110 2612 145 2637 v.
198 2601 260 2638 81.
354 2597 508 2638 ’Ῥύεται
527 2600 567 2637 ἐκ
585 2598 734 2637 Θανάτου
750 2597 863 2647 ἔλεος,
883 2597 994 2652 κρίσις
1013 2597 1139 2637 ὁππότ’
1159 2597 1201 2636 ἂν
1218 2590 1334 2650 {Mus
1560 2599 1562 2604 ⁷

112 2678 145 2703 ν.
200 2666 260 2703 82.
277 2697 281 2701 .
371 2665 425 2704 Οὐ
448 2663 593 2712 θυσίην,
612 2662 706 2709 ἔλεος
726 2662 763 2701 δὲ
776 2662 865 2707 Θεὸς
885 2662 977 2702 Θέλει
997 2662 1073 2702 ἀντὶ
1090 2662 1223 2712 Θυσίης.

110 2740 143 2766 ν.
199 2730 264 2769 83.
300 2760 303 2763 .
331 2760 333 2764 .
371 2726 543 2766 Ἔνδυσον
563 2727 715 2780 γυμνὸν,
741 2728 886 2779 μετάδος
905 2727 1066 2766 πεινῶντ’
1082 2727 1196 2780 ἄρτων
1215 2729 1314 2766 σῶν.“
1365 2746 1367 2755 ¹

110 2807 146 2833 v,
202 2807 264 2845 90.
373 2793 497 2837 1402qu
515 2799 583 2836 πᾶς
604 2796 621 2831 ὁ
646 2792 716 2846 βίος
738 2793 919 2847 μερόπων,
939 2792 1054 2836 ἄνισος
1071 2791 1107 2830 δὲ
1130 2792 1304 2831 τέτυκται.
1334 2823 1336 2825 -
1356 2795 1372 2823 ’ν
1396 2792 1402 2816 5
1434 2812 1447 2827 ι>
1475 2820 1478 2824 ›
1513 2815 1519 2824 »-
1560 2816 1564 2823 -

112 2871 143 2895 ν.
198 2871 261 2909 91,
285 2872 341 2911 sq.
370 2857 519 2905 Μήποτε
538 2856 647 2910 ἄνδρα
665 2857 799 2905 πένητα
818 2855 898 2897 ἰδὼν
912 2887 924 2906 ,
948 2855 1092 2910 σκώψῃς
1109 2855 1294 2909 ἐπέεσσιν,
1332 2878 1349 2905 ν,
1389 2873 1424 2889 υ»
1464 2882 1468 2890 .
1501 2883 1505 2890 ·

370 2922 469 2971 Μηδὲ
489 2923 603 2964 κακῶς
621 2936 660 2972 γε
684 2922 878 2975 προσείπῃς
896 2920 1065 2974 μωμητόν
1085 2937 1161 2960 τινα
1181 2923 1292 2976 φῶτα.
1345 2942 1347 2945 ·
1370 2939 1376 2950 ’
1410 2931 1431 2942 ”
1459 2923 1484 2951 2.»
1507 2919 1512 2952 Ῐ
1541 2930 1545 2937 “
