1752 3495
187 199 246 242 343
555 195 629 238 ΑΙ)
663 195 1008 241 SIBYLLINOS
1035 194 1240 238 LIBROS

187 303 308 330 tamen
337 292 375 329 in
400 289 628 341 quibusdam
648 290 802 342 Sibyllae
833 292 1029 342 proprium
1055 303 1193 329 nomen
1225 289 1338 340 addi,
1359 289 1414 327 uti
1436 302 1550 341 supra
1568 290 1639 327 ad-

185 359 302 397 ditum
340 370 362 396 a
389 357 564 396 sedreno
584 357 771 404 vidimus,
796 356 953 396 Σίὸυλλα
975 361 997 404 ἡ
1029 356 1241 407 Σαμωναία,
1266 365 1304 394 et
1339 356 1391 394 sic
1423 357 1501 394 sero
1534 346 1636 408 apud

187 422 393 469 isidorum,
413 423 580 473 origin..
599 422 665 461 lib.
694 422 804 467 VIII,
825 434 908 472 cap.
925 425 947 458 8
967 435 976 461 2
1002 441 1016 456 ιι
1035 422 1146 459 Sexta
1166 421 1309 468 Samia,
1334 434 1418 471 quae
1436 422 1639 460 Samonota

183 487 285 525 «licta
299 495 356 524 est
370 499 392 523 a
407 487 521 544 Sanmo
541 487 672 532 insula,
691 484 790 523 unde
808 484 878 522 suit
897 485 1176 536 cognominata.
1197 501 1213 517 υ
1230 485 1353 524 Unum
1376 484 1476 536 apud
1499 494 1642 522 utrum·

145 568 152 576 ·
182 564 256 601 que
281 563 418 589 nornen
438 550 587 590 videtur
602 551 798 588 Samonaea
817 557 856 586 ct
873 549 1098 597 Samonota,
1117 549 1319 588 barbarum
1348 559 1468 588 tamen
1496 549 1642 587 utrobi-

182 628 270 666 que,
291 623 329 654 et
348 615 449 653 unde
468 622 660 665 sumptum
681 613 818 650 frustra
841 613 1068 663 quae1·imus;
1095 626 1181 652 nam
1210 627 1292 664 quae
1321 613 1421 664 apud
1451 614 1639 651 Isidorum

180 689 391 731 sequuntur
410 693 419 720 :
442 698 457 713 ‹-
475 693 496 718 a
512 680 623 718 Samo
651 677 786 724 insula,
807 686 892 724 etc.,
915 695 930 711 ιι
951 678 1058 716 facile
1077 679 1200 729 quivis
1222 692 1293 730 pro
1310 678 1548 729 interpolatis
1580 678 1642 715 ha·

181 744 296 784 bebit.
326 746 584 795 Cogitarcmus
620 742 667 780 de
700 743 942 788 Phemonoe,
978 743 1082 794 quod
1110 744 1289 782 Cumanae
1316 743 1469 793 Sibyllae
1503 756 1640 780 nomen

178 811 383 850 ··stSc1-vio
396 808 442 846 ad
456 808 535 846 AEn.
552 807 620 854 111,
639 819 679 845 v.
697 807 787 852 445,
807 806 865 843 vel
883 806 932 843 de
946 807 1164 854 Sambetha,
1180 808 1282 857 quod
1299 808 1485 845 Clialdaeae
1504 819 1641 844 nomen

178 874 322 920 suidae,
352 873 421 911 nisi
451 884 519 909 nos
543 884 749 909 consensus
781 871 846 908 ille
873 870 1037 908 duorum
1062 872 1292 922 scriptorum
1326 873 1364 909 in
1391 885 1469 909 uno
1501 870 1643 915 verbo,

177 937 347 988 quamvis
363 943 567 986 corrupto,
590 942 815 973 moraretur.
843 933 961 985 Magis
989 947 1152 985 graecum
1178 943 1214 972 et
1243 933 1483 986 probabilius
1506 946 1643 971 nomen

176 1010 231 1039 vst
247 999 374 1044 Φυτώ,
396 998 499 1050 quod
520 999 582 1036 alii
605 999 727 1038 Graeci
745 997 1001 1036 Lactantianis
1021 1011 1042 1036 a
1060 1011 1099 1036 se
1119 998 1307 1035 translatis
1324 997 1552 1034 addiderunt
1572 1012 1580 1034 :
1598 995 1641 1033 ‘II

179 1064 282 1118 κυρίῳ
300 1062 444 1114 ὀνόματι
460 1062 656 1113 καλουμένη
677 1055 800 1109 (hurd,
821 1062 876 1101 vel
896 1056 936 1108 ἧς
952 1061 992 1100 τὸ
1009 1060 1123 1114 κύριον
1143 1061 1253 1100 Φυτώ
1272 1076 1398 1114 φασιν,
1417 1061 1491 1098 hoc
1519 1069 1642 1098 tamen

175 1130 286 1167 «etiam
317 1128 503 1166 incertum
532 1140 611 1177 quo
642 1134 823 1176 auctore,
851 1125 947 1173 nisi,
971 1134 1013 1164 ut
1035 1125 1145 1164 nobis
1171 1125 1326 1176 quidem
1351 1125 1523 1172 videtur,
1552 1124 1646 1162 Cle-

175 1202 296 1231 mente
315 1181 747 1230 Alexandrino.1senim
764 1190 863 1227 inter
873 1189 1023 1227 diversa
1036 1189 1268 1240 Sibyllarum
1286 1190 1600 1236 nomina,Strom.
1618 1188 1647 1235 l,

175 1271 209 1307 p.
241 1258 339 1306 399,
369 1255 443 1292 loc.
476 1254 557 1301 cit.,
589 1252 698 1291 ψυτώ
732 1267 888 1304 quoque
919 1253 1053 1301 habet;
1083 1267 1303 1304 quanquam
1325 1267 1401 1291 non
1430 1253 1477 1291 de
1498 1253 1646 1302 Samia,

176 1320 289 1371 paulo
311 1328 399 1358 ante
424 1317 471 1356 ab
490 1318 575 1369 ipso
596 1326 822 1364 memorata,
851 1317 916 1355 sed
934 1317 981 1355 de
1005 1318 1076 1355 alia
1094 1318 1238 1368 ignota,
1261 1318 1400 1355 frustra
1424 1318 1476 1355 ibi
1505 1331 1647 1368 propo·

177 1391 287 1422 nente
315 1382 520 1433 Sylburgio
552 1381 751 1420 lectionem
772 1381 960 1419 diversam
975 1411 985 1430 ,
1006 1381 1130 1429 Πυθώ,
1160 1395 1230 1420 nec
1250 1382 1514 1432 improbante,
1543 1381 1646 1431 quod

178 1448 371 1497 miramur,
397 1445 591 1492 Fabricio,
612 1445 708 1483 Bibl.
730 1459 788 1496 gr.
813 1454 837 1483 t.
859 1446 896 1495 1,
922 1459 958 1496 p.
980 1446 1070 1492 230,
1090 1445 1150 1484 ed.
1176 1447 1282 1484 Harl.

227 1512 401 1549 Ceterum
421 1510 508 1548 licet
527 1510 608 1547 haec
630 1511 754 1549 Samia
773 1510 875 1547 inter
893 1510 1178 1557 celeberrimas,
1202 1511 1416 1562 imo,juxta
1441 1511 1644 1560 AElianum,

178 1573 262 1612 Var.
282 1573 377 1611 nist.
398 1574 496 1623 XII,
513 1585 598 1623 cap.
633 1573 680 1610 35
694 1600 703 1617 ,
735 1572 836 1610 inter
865 1573 964 1611 solas
994 1582 1162 1624 quatuor
1186 1575 1367 1625 genuinas
1385 1574 1559 1613 habenda
1578 1576 1640 1624 sit,

177 1649 253 1674 nno
271 1646 392 1675 tamen
411 1635 531 1674 verbo
554 1636 750 1688 designata
772 1638 973 1688 reperitur,
989 1651 1107 1688 quum
1127 1639 1230 1690 apud
1260 1638 1408 1690 ipsum,
1439 1648 1517 1676 tum
1538 1640 1640 1690 apud

175 1701 406 1739 Clementem
438 1700 751 1750 Alexandrinum,
771 1701 914 1741 Strom.
939 1701 970 1748 l,
997 1702 1083 1739 loco
1104 1716 1219 1753 supra
1245 1703 1311 1741 cit.
1345 1703 1515 1754 Hyginus
1544 1716 1642 1754 quo-

175 1779 248 1817 que
276 1765 356 1803 sive
386 1765 751 1816 pseudo-Hyginus,
788 1764 864 1802 fab.
901 1766 994 1812 128,
1019 1766 1139 1804 verbo
1173 1774 1284 1805 tenus
1306 1767 1410 1805 illam
1443 1769 1641 1815 nominat,

178 1832 332 1881 insuper
350 1842 436 1867 cum
455 1829 625 1867 Cumana
653 1831 749 1868 male
765 1829 960 1868 confusam
984 1844 994 1871 ε
1021 1848 1037 1864 «ι
1054 1830 1212 1882 Sibylla,
1238 1831 1378 1882 inquit,
1414 1832 1554 1880 Samia,
1581 1832 1645 1870 alii

179 1915 192 1927 ¹·
213 1895 402 1945 Cymaeam
422 1893 615 1932 dixerunt.
633 1912 648 1927 n
1191 1899 1195 1905 '

230 1959 342 2006 Quod
369 1966 497 1997 autem
526 1971 607 1996 eam
628 1957 794 1996 diximus
824 1959 870 1997 ad
901 1959 1084 1998 historica
1113 1968 1286 2011 tempora
1319 1961 1536 2012 pertinere,
1568 1974 1644 1999 nou

180 2022 441 2060 Eratosthenis
467 2030 613 2060 tantum
642 2022 867 2060 auctoritate
901 2023 1052 2071 nititur,
1085 2023 1152 2062 sed
1172 2024 1284 2062 etiam
1309 2038 1352 2062 ac
1384 2026 1505 2063 multo
1531 2025 1646 2076 magis

182 2087 319 2125 Valerii
340 2087 496 2126 Maximi
517 2087 617 2134 Ioco,
637 2086 724 2124 licet
755 2087 919 2126 obscuro
941 2088 1031 2126 satis
1053 2097 1090 2127 et
1111 2098 1385 2136 controverso,
1417 2090 1482 2141 qui
1516 2090 1569 2128 sic
1592 2091 1647 2128 le-

180 2151 303 2202 gitur,
320 2151 386 2191 lib.
406 2151 446 2198 1,
473 2164 558 2203 cap.
587 2151 633 2198 5,
653 2152 675 2201 §
703 2164 756 2201 9:
776 2152 923 2190 «Samii
953 2152 1227 2204 Prienensibus
1251 2153 1434 2191 auxilium
1464 2153 1648 2192 adversus

179 2235 195 2250 -ι
224 2217 338 2255 Caras
362 2215 674 2267 implorantibus,
697 2217 916 2267 arrogantia
948 2217 1142 2265 instincti,
1164 2211 1235 2269 pro
1258 2217 1377 2256 classe
1410 2227 1447 2256 et
1478 2220 1647 2257 exercitu

180 2299 195 2314 ιι
223 2280 440 2331 cymbulam
459 2281 513 2320 eis
529 2280 676 2319 derisus
695 2281 815 2331 gratia
833 2282 1028 2320 miserunt.
1049 2283 1170 2328 Quam
1187 2283 1242 2320 illi
1261 2284 1366 2320 velut
1380 2277 1563 2322 divinitus
1581 2284 1649 2322 da-

180 2363 195 2379 «
226 2354 305 2384 tum
325 2345 544 2397 praesidium
563 2346 826 2397 interpretati,
850 2346 1012 2385 libenter
1034 2356 1239 2399 receptam,
1260 2362 1346 2385 vera
1370 2349 1530 2386 fatorum
1551 2362 1648 2399 prae-

180 2429 195 2442 ··
224 2409 406 2457 dictione,
436 2409 606 2448 victoriae
625 2409 760 2448 ducem
792 2409 1022 2448 habuerunt.
1040 2430 1054 2445 υ
1074 2411 1135 2450 Sic
1159 2420 1306 2448 veteres
1325 2424 1455 2449 omnes
1475 2412 1588 2452 codd.
1612 2421 1648 2450 et

180 2473 281 2519 odd„
302 2472 367 2511 ubi
389 2483 511 2517 tamen
527 2473 632 2512 docti
651 2474 723 2512 viri
747 2488 820 2525 pro
838 2474 1048 2523 cymbulam
1067 2475 1268 2526 legendum
1285 2475 1466 2524 Sibyllam
1485 2489 1649 2526 praesen-

179 2546 305 2576 serant
320 2552 330 2576 ε
346 2547 383 2576 et
400 2553 488 2577 ecce
503 2539 627 2578 Iirmat
644 2540 740 2578 hanc
759 2540 962 2579 lectionem
982 2541 1150 2592 epitome
1172 2540 1312 2578 Valerii
1331 2541 1453 2579 Flacci
1475 2555 1544 2592 per
1572 2542 1647 2580 Ju-

180 2603 271 2641 lium
293 2602 465 2641 Paridem
488 2604 609 2655 facta,
637 2617 770 2643 recens
799 2613 927 2643 autem
951 2605 990 2643 in
1016 2605 1139 2643 lucem
1168 2605 1269 2643 edita
1289 2605 1391 2643 curis
1413 2605 1647 2645 eminentiss.

179 2666 282 2703 card.
309 2666 418 2712 Maii,
446 2667 530 2705 Vet.
553 2669 703 2719 scriptt.
728 2677 755 2708 t.
776 2669 852 2715 111,
874 2659 1054 2720 epitomae⁴
1071 2683 1162 2706 vero
1184 2667 1247 2708 lib.
1270 2669 1308 2715 1,
1331 2683 1417 2720 cap.
1444 2669 1487 2715 5,
1507 2677 1607 2709 extr.
1633 2681 1643 2708 Ξ

178 2748 193 2762 ··
219 2730 333 2769 Samii
354 2730 625 2770 Prienensibus
653 2732 838 2771 auxilium
864 2733 1047 2771 adversus
1075 2733 1188 2772 Cares
1217 2733 1432 2784 petentibus
1455 2733 1493 2771 in
1516 2732 1643 2771 derisu

179 2812 193 2826 ἰ
215 2794 399 2845 Sibyllam
419 2796 615 2843 miserunt,
628 2796 726 2835 hanc
746 2810 816 2849 pro
833 2798 1003 2836 exercitu
1022 2807 1059 2836 et
1073 2798 1191 2837 classe
1207 2798 1437 2848 offerente53
1453 2811 1527 2848 qua
1546 2798 1643 2835 duce

178 2876 193 2891 ι
215 2859 270 2896 usi
292 2859 515 2898 Prienenses
534 2859 676 2898 bellum
695 2871 1063 2901 consummaverunt.
1088 2882 1102 2897 u
1119 2863 1235 2902 Recte
1253 2862 1381 2900 omnia
1399 2877 1407 2899 ε
1427 2862 1506 2899 sola
1528 2862 1642 2908 enim,
