1686 3500
135 265 235 311 486
521 265 602 310 AD
635 263 983 311 SlBYLLINOS
1013 264 1223 309 LIBROS

294 361 504 417 Πληρώσεις
518 361 738 408 λυκᾶὅαντας
752 392 763 411 ,
781 361 864 401 ὅταν
882 377 935 401 σοι
950 361 1118 414 δύσμορος
1131 361 1197 413 ἥξῃ

293 426 408 477 Μοῖρα
426 424 634 477 βιαζομένῃ,
654 426 730 464 τεὸν
745 425 875 475 οὕνομα
889 424 1122 478 πληρώσασα.

136 490 262 542 Quam
272 489 426 541 quidem
455 490 691 542 supputandi
710 491 894 529 rationem
909 520 919 536 ,
940 490 1012 527 etsi
1036 487 1322 527 cabbalisticum
1340 487 1523 540 quiddam
1545 500 1607 526 re-

136 553 286 603 doleat,
303 563 426 593 tamen
445 568 467 593 a
485 555 674 606 Sibyllino
696 569 801 594 more
825 569 900 592 non
928 554 1151 603 abhorrere,
1170 554 1264 605 quin
1282 561 1320 592 et
1337 561 1475 591 sanctae
1494 554 1607 604 Apo-

136 619 333 669 calypseos
352 620 528 670 exemplo
549 633 627 658 non
647 633 789 670 carere,
818 619 1033 657 notavimus
1050 617 1088 656 in
1114 631 1196 657 cur.
1219 625 1321 669 post.
1344 616 1391 655 ad
1415 616 1453 655 h.
1473 617 1500 657 l.
1531 616 1606 656 Sed

136 689 320 732 praeterea
341 682 534 721 fatendum
554 692 611 721 est
631 684 745 722 fuisse
759 683 860 721 illam
879 680 1163 733 quodammodo
1180 690 1430 733 praeparatam
1445 694 1488 719 ac
1507 694 1607 732 prae-

135 745 318 784 munitam
338 747 496 785 oraculo
514 748 588 785 alio
607 748 655 786 de
674 747 800 786 Romae
823 747 907 784 satis
930 746 1123 797 antiquius
1143 747 1318 797 vulgato,
1335 745 1438 797 quod
1458 745 1529 784 sub
1546 746 1608 784 Ti·

135 808 245 849 berio
266 812 475 862 praesertim
496 821 532 850 et
552 813 701 851 Nerone
711 809 928 861 jactabatur
946 826 953 848 :

294 876 379 928 Tpt<
397 876 431 914 δὲ
447 874 651 928 τριηκοσίων
667 874 963 927 περιτελλομένων
981 876 1145 913 ἐνιαυτῶν
1166 903 1176 921 ,

295 939 490 991 Ῥωμαίους
503 938 652 993 ἔμφυλος
669 941 739 977 ἑλεῖ
753 938 891 983 στάσις.
908 969 917 977 .
936 967 945 977 .

136 1006 224 1052 Quo
242 1005 291 1043 de
309 1003 467 1043 oraculo
497 1003 606 1054 plura
639 1015 709 1040 nos
736 1002 773 1040 in
805 1003 892 1041 Exe.
911 1002 969 1050 11,
993 1016 1028 1054 p.
1052 1004 1146 1051 128,
1165 1010 1243 1040 not.
1279 1009 1317 1040 et
1345 1002 1383 1039 in
1416 1001 1505 1040 Exc.
1533 1001 1610 1047 111,

136 1082 175 1121 p.
198 1069 284 1109 186.
306 1071 362 1107 An
389 1068 504 1117 igitur
517 1068 638 1106 Graeci
660 1067 770 1105 talem
787 1067 952 1117 aliquam
970 1067 1017 1106 de
1039 1067 1167 1105 ttomae
1178 1066 1336 1104 nomine
1352 1066 1610 1117 computatio-

142 1147 228 1172 nem
263 1133 460 1182 literarum
494 1133 826 1179 excogitaverant?
858 1132 1014 1170 Minime
1045 1145 1053 1169 ι
1085 1130 1151 1169 sed
1192 1138 1279 1182 post
1313 1143 1454 1168 annum
1493 1128 1610 1170 Urbis

142 1197 496 1249 octingentesimum
531 1205 668 1247 sponte
700 1197 737 1234 in
757 1197 905 1234 animos
932 1195 1094 1234 cadebat
1114 1195 1331 1246 incipientis
1358 1195 1448 1233 novi
1477 1195 1607 1233 saeculi

139 1263 252 1301 finem
274 1270 450 1311 tanquam
471 1261 623 1298 fatalem
641 1261 839 1311 designare
857 1270 917 1298 :et
934 1260 1008 1299 huc
1023 1259 1184 1299 redeunt
1199 1273 1283 1311 quae
1305 1259 1353 1298 de
1367 1258 1542 1297 aetatibus
1563 1272 1608 1297 ae

135 1326 182 1364 de
198 1339 297 1364 nona
321 1324 794 1377 praesertim'generatione
812 1324 977 1362 diximus
996 1338 1128 1376 supra,
1151 1337 1233 1376 cap.
1259 1338 1290 1369 1,
1307 1337 1390 1375 pag.
1413 1329 1502 1369 441,
1525 1337 1608 1375 sqq.

189 1390 326 1440 Utique
344 1403 465 1427 annus
485 1389 547 1427 ille
569 1389 699 1428 Romae
719 1401 898 1427 CMXLVul
924 1389 1068 1427 Christi
1087 1398 1142 1427 est
1167 1391 1255 1440 195,
1279 1389 1451 1440 Septimii
1480 1390 1609 1428 Severi

135 1455 335 1494 secundus.
355 1455 443 1501 Quo
456 1454 586 1506 elapso
597 1483 609 1500 ‚
627 1455 695 1493 etsi
712 1467 779 1505 per
794 1467 834 1492 se
848 1453 1074 1495 concidebat
1087 1454 1306 1500 oraculum,
1326 1462 1431 1492 tanta
1446 1454 1610 1505 perstitit

135 1520 347 1560 animorum
369 1519 598 1566 obstinatio,
616 1528 657 1558 ut
681 1519 824 1557 suerint
850 1523 960 1557 etiam
983 1528 1077 1566 tum,
1097 1519 1162 1569 qui
1179 1519 1224 1556 ad
1242 1518 1520 1557 defendendam
1547 1520 1609 1558 Si·-

135 1585 318 1636 byllinam
336 1584 446 1623 [idem
459 1598 535 1622 non
548 1583 784 1633 dubitarent,
797 1585 985 1623 incertum
1000 1598 1076 1635 qua
1087 1584 1329 1629 auctoritate,
1342 1598 1389 1622 cv
1406 1597 1526 1622 annos
1539 1585 1614 1623 tto-

136 1650 257 1688 manis
278 1650 380 1688 fastis
397 1648 607 1688 detrahere.
627 1649 765 1688 Mirum
783 1649 870 1696 hoc,
894 1658 931 1687 et
950 1658 1075 1687 tamen
1099 1657 1263 1688 certum.
1279 1649 1372 1688 Nam
1394 1657 1608 1696 auctorem,

136 1715 311 1767 quisquis
328 1715 411 1762 suit,
431 1714 613 1753 librorum
627 1723 794 1766 quatuor
812 1716 1032 1753 ultimorum
1048 1714 1120 1752 sub
1136 1715 1339 1753 Aureliano
1352 1713 1612 1762 conditorum,

138 1781 240 1820 fatsae
261 1780 321 1819 isti
343 1780 600 1832 ‘chronologiae
614 1779 671 1818 bis
688 1781 862 1818 insistere
886 1780 1182 1818 monstravimus
1197 1792 1329 1831 supra,
1345 1792 1431 1831 pag.
1451 1779 1537 1826 455,
1553 1792 1610 1830 sq.

138 1847 225 1894 Quo
245 1845 395 1898 quidem
415 1852 527 1896 pacto
544 1846 727 1882 terminus
742 1845 865 1883 fatalis
880 1857 1037 1883 casurus
1055 1844 1184 1882 eratin
1201 1857 1343 1882 annum
1358 1843 1495 1883 Christi
1518 1845 1609 1892 305,

137 1911 203 1962 qui
220 1910 443 1949 Diocletiani
458 1911 660 1961 regnantis,
676 1909 741 1948 sed
763 1911 916 1948 minime
932 1910 1084 1961 imperii
1101 1909 1262 1948 Romani
1282 1909 1437 1948 ultimus
1456 1909 1538 1948 suit.
1559 1911 1612 1948 lta

138 1975 424 2014 vaticinantium
441 1988 573 2013 omnes
593 1975 758 2013 rationes
778 1988 981 2026 progressu
1000 1975 1179 2027 temporis
1197 1973 1460 2014 eludebantur.

192 2040 313 2091 Hujus
331 2053 422 2078 vero
443 2048 517 2078 tam
539 2039 740 2078 obstinatae
760 2041 841 2091 spei
863 2053 994 2078 causas
1009 2039 1265 2090 quaerentibus
1278 2039 1390 2077 nobis
1409 2036 1612 2086 saecul-rit,

140 2114 279 2157 praeter
301 2106 455 2144 insitum
483 2105 684 2156 Sibyllistis
712 2119 925 2157 eorumque
954 2094 1207 2144 sectatoribus
1232 2105 1412 2144 Romanae
1432 2105 1610 2144 domina-

143 2171 255 2209 tionis
274 2170 423 2217 odium,
443 2171 560 2209 multa
583 2171 622 2208 in
650 2171 729 2209 (lies
753 2171 953 2209 accessisse
979 2184 1065 2222 qua·¹
1095 2184 1200 2222 spem
1228 2171 1456 2223 propinquae
1485 2183 1613 2208 rerum

137 2236 446 2275 commutationis
465 2237 610 2274 alerent
631 2237 886 2287 foverentque.

194 2302 287 2342 Nam
305 2300 377 2340 sub
399 2302 549 2341 Nerone
560 2331 571 2351 ,
591 2301 695 2339 illato
711 2300 855 2341 Judaeis
869 2301 969 2340 bello
982 2330 991 2348 ‚
1005 2301 1225 2353 indictoque
1238 2300 1463 2339 Christianis
1478 2301 1610 2348 exitio,

143 2366 397 2418 propinquam
419 2366 486 2405 Dei
505 2366 684 2405 ultionem
700 2366 748 2405 ab
769 2367 939 2418 utrisque
954 2375 1143 2417 speratam
1163 2366 1292 2414 fuisse,
1311 2379 1422 2404 nemo
1442 2379 1531 2405 sane
1549 2366 1612 2405 in-

143 2429 375 2482 dignabitur.
397 2431 546 2470 Deinde
571 2445 706 2471 everso
723 2432 885 2478 Nerone,
905 2430 1090 2469 exstincta
1107 2444 1194 2469 cum
1210 2444 1256 2469 eo
1273 2430 1464 2469 Caesarum
1477 2430 1611 2482 stirpe,

144 2496 324 2534 distracto
345 2497 444 2536 inter
472 2497 600 2549 plures
619 2497 805 2549 imperio,
827 2497 984 2536 ardente
1003 2496 1114 2535 bellis
1127 2496 1305 2535 civilibus
1330 2496 1436 2534 ltalia
1454 2496 1612 2548 ipsaque

149 2562 264 2601 Roma
278 2589 289 2608 ‚
309 2571 453 2612 quanto
474 2563 590 2614 magis
609 2563 645 2600 in
675 2576 780 2613 spem
801 2571 959 2601 eventus
979 2562 1117 2600 arrecti
1138 2570 1246 2600 erant
1269 2562 1405 2599 animi!
1436 2560 1516 2601 Sub
1544 2562 1614 2600 Ve-

145 2626 323 2677 spasiano
343 2627 473 2665 deletis
487 2627 761 2678 Hierosolymis
779 2627 980 2679 implendae
996 2626 1229 2678 jamjamque
1248 2626 1478 2665 videbantur
1496 2626 1616 2677 ipsius

145 2690 287 2729 Christi
306 2691 585 2742 praedictiones,
603 2692 738 2730 Matth.
758 2705 842 2743 cap.
863 2697 933 2738 24,
949 2704 984 2729 v.
1004 2705 1054 2741 ²9
1070 2700 1106 2729 et
1122 2692 1185 2737 34,
1205 2705 1306 2742 quae,
1325 2691 1355 2728 si
1376 2691 1488 2729 nimis
1507 2699 1613 2729 arcto

143 2765 257 2790 sensu
275 2762 518 2803 caperentur,
539 2753 637 2791 inter
654 2762 908 2804 expugnatam
926 2752 1058 2791 urbem
1079 2761 1244 2792 sanctam
1262 2761 1298 2792 et
1315 2753 1468 2792 ultimos
1482 2752 1616 2792 mundi

145 2817 225 2854 dies
247 2817 393 2855 nullum
412 2818 488 2856 fere
505 2817 745 2856 intervallum
764 2816 1042 2868 relinquebant.

195 2881 270 2920 Sed
295 2881 456 2920 maxime
476 2881 547 2920 sub
568 2881 763 2920 Antonino
780 2882 849 2920 Pio
864 2895 948 2933 spes
966 2882 1045 2920 istae
1062 2882 1380 2930 accendebantur,
1401 2881 1521 2920 tribus
1535 2890 1611 2919 tum

145 2946 309 2998 primum
332 2946 570 2998 principibus
592 2960 716 2984 rernm
737 2946 845 2984 simul
866 2947 1114 2998 potientibus,
1132 2956 1171 2985 ut
1188 2948 1321 2998 vulgus
1340 2947 1495 3000 quidem
1513 2945 1615 2985 arbi-
