1686 3500
90 175 182 221 532
467 175 548 219 AD
583 175 925 222 SlBYLLlNOS
958 177 1168 224 LIBROS

84 276 266 321 Sentent.,
281 273 306 311 l.
324 273 388 321 Ν,
405 272 492 311 dist.
511 280 576 320 47,
595 282 666 313 art.
684 287 721 321 a,
744 273 809 313 ubi
832 284 1032 326 postquam
1049 276 1159 313 enixe
1178 276 1350 326 quaesivit
1366 278 1437 316 um
1463 279 1559 329 ignis

83 358 99 373 ι
113 339 240 390 [quem
260 336 570 388 conflagrationis
584 337 709 389 vocat]
726 339 913 389 praecedat
930 340 987 377 vel
1005 338 1387 391 sequaturjudicium
1405 359 1440 388 n,
1458 351 1560 381 vete-

82 414 169 439 rem
190 401 352 440 maxime
368 400 529 451 glossam
549 414 710 452 sequens
726 401 773 440 ad
791 403 972 450 Malach„
989 416 1070 453 cap.
1095 404 1133 452 3,
1149 416 1185 444 v,
1209 405 1246 452 3,
1265 404 1316 442 ita
1336 406 1557 446 concludit:

82 485 98 500 .-
114 465 214 517 Ignis
228 465 365 516 aliquis
384 466 767 517 praecedetjudicium
784 467 831 505 ad
848 467 1063 519 purgandos
1083 467 1222 506 eleetos
1239 481 1248 507 ε
1268 469 1362 507 alius
1377 478 1558 520 sequetur

80 548 96 564 ι
111 530 159 568 ad
180 530 463 568 innovationem
485 529 640 578 mundi,
665 530 730 581 qui
753 531 903 569 tandem
923 530 1109 568 cruciabit
1135 531 1334 577 damnatos
1352 550 1379 572 ιι.
1415 534 1557 573 Confer

78 595 192 632 etiam
211 594 358 632 Sixtum
378 594 602 640 Senensem,
619 594 656 632 in
675 593 911 633 Bibliotheca
926 607 1007 641 sua,
1025 596 1206 646 pleraque
1219 596 1267 634 de
1283 610 1325 635 ea
1341 610 1380 636 rc
1398 599 1555 637 Patroni

80 658 294 697 testimonia
321 657 602 708 proferentem,
627 668 664 697 et
699 659 990 706 Bellarminum,
1021 659 1067 697 de
1097 659 1239 699 AEtern.
1272 660 1372 701 felic.
1403 662 1468 701 lib.
1501 663 1554 710 ll,

78 737 161 774 cap.
183 735 241 763 ιι.
263 721 292 760 li
318 733 447 759 omnes
467 721 590 772 iguem
620 722 746 769 illum,
766 735 1008 773 quocumque
1027 722 1180 760 demum
1205 724 1359 762 nomine
1387 725 1554 764 dixerint

76 789 158 836 (nos
185 785 450 838 probatorium
476 786 523 824 ad
547 785 770 836 Sibyllinam
806 795 967 824 mentem
997 789 1189 838 vocamus)
1217 786 1266 825 ab
1291 788 1439 826 inferno
1465 789 1554 839 igne

74 860 249 889 accurate
271 850 549 897 distinxerunt3
566 850 614 888 ab
634 851 719 901 igue
737 851 1046 901 conflagrationis
1067 851 1251 889 universae
1269 852 1348 889 sive
1366 854 1427 898 τῆς
1447 853 1554 891 ἐκπυ-

24 932 27 935 ·
73 914 210 967 ρώσεως
236 914 302 952 alii
323 913 609 959 discreverunt,
634 914 695 951 alii
719 926 792 952 non
816 914 879 952 ita.
899 917 957 952 An
987 928 1077 952 vero
1105 915 1280 953 eumdem
1312 916 1551 966 aliquatenus

72 993 161 1017 cum
178 978 262 1029 igne
285 978 507 1029 purgatorio
527 978 711 1016 confundi
735 978 845 1015 liceat
866 978 902 1015 in
927 977 973 1015 iis
996 978 1127 1016 saltem
1144 992 1241 1029 quos
1264 981 1321 1018 vel
1347 980 1473 1018 adhuc
1498 982 1550 1019 vi-

70 1051 200 1081 ventes
229 1042 285 1079 vel
309 1041 479 1079 nondum
505 1042 593 1079 satis
624 1050 846 1092 repurgatos
882 1041 976 1079 hora
1004 1042 1137 1091 judieii
1168 1043 1484 1094 deprehenderit,
1511 1054 1549 1083 et

70 1121 117 1144 an
141 1105 286 1157 aliquid
315 1106 401 1145 inde
430 1105 526 1144 lucis
556 1106 684 1144 afferri
714 1105 834 1157 possit
852 1105 900 1142 ud
933 1106 1127 1143 historiam
1156 1107 1356 1145 catholicae
1378 1107 1426 1145 de
1455 1121 1549 1157 pur·

70 1171 219 1223 gatorio
248 1170 444 1215 doctrinas.
479 1169 652 1219 judicent
695 1170 875 1220 theologi.
914 1169 1024 1208 Certe
1053 1170 1098 1207 ad
1129 1173 1392 1221 purgatorium
1423 1172 1547 1222 ignem

70 1237 258 1287 respicere
278 1235 430 1272 videtur
448 1233 541 1271 illud
564 1234 846 1273 hemistichium
873 1234 957 1272 libri
980 1235 1062 1287 Vll,
1079 1249 1115 1275 v.
1144 1236 1211 1284 157
1233 1250 1240 1274 τ

132 1290 135 1291 ⁷
223 1298 378 1337 Τοῦνεκα
401 1300 470 1351 πῦρ
492 1298 528 1348 μ’
548 1296 672 1352 ἔφαγεν
692 1299 751 1338 καὶ
771 1299 959 1351 βρώσεται,

66 1364 272 1416 praesertim
292 1363 324 1401 si
343 1376 428 1401 cum
451 1363 584 1400 ultimo
609 1377 721 1401 versu
740 1373 987 1414 comparetur
1007 1365 1176 1415 ejusdem
1195 1366 1283 1404 libri
1301 1381 1308 1404 :

224 1426 328 1466 Οὕτω
348 1425 414 1477 γὰρ
437 1426 530 1473 ζήσω
547 1426 604 1465 καὶ
625 1427 658 1470 ἐς
679 1427 821 1479 οὐρανὸν
838 1426 984 1477 ὄμματα
999 1427 1108 1474 πήξω.

117 1494 241 1533 Unum
262 1491 444 1530 addemus
457 1520 467 1537 ‚
485 1490 616 1528 divum
634 1492 890 1543 Augustinum
905 1521 916 1540 ,
934 1506 1010 1543 quo
1027 1493 1176 1531 nullum
1195 1494 1397 1532 certiorem
1414 1504 1545 1533 aucto-

64 1571 143 1596 rem
177 1565 308 1594 nostra
342 1555 516 1606 sequitur
548 1555 738 1605 Ecclesia,
771 1557 897 1606 ignem
938 1556 1204 1608 probatorium
1243 1572 1346 1597 nunc
1382 1560 1543 1610 proprio

61 1635 173 1659 sensu
201 1633 409 1671 agnoscere
430 1620 576 1667 videri,
596 1619 644 1658 de
673 1620 756 1660 civ.
791 1622 837 1659 D.
867 1620 933 1659 lib.
955 1621 1042 1666 XX,
1063 1634 1146 1672 cap.
1169 1622 1235 1669 25,
1257 1636 1358 1660 nunc
1387 1637 1456 1674 pro
1476 1637 1542 1662 sua

62 1694 170 1738 parte
187 1683 553 1734 restinguere,¹dum
585 1684 789 1736 allegorice
810 1686 1002 1736 explicare
1022 1695 1197 1734 conatur,
1219 1686 1314 1727 ibid.
1342 1687 1406 1725 lib.
1433 1689 1516 1727 XX!
1531 1718 1542 1737 ,

60 1765 143 1802 cap.
160 1751 222 1797 26,
238 1749 334 1787 adeo
353 1763 415 1797 res,
428 1759 483 1788 est
500 1748 674 1787 abstrusa
689 1758 725 1787 et
743 1750 872 1788 multis
886 1749 1176 1788 difficultatibus
1195 1751 1392 1803 impedita.
1410 1753 1541 1799 Quare

60 1828 242 1866 suspensa
262 1823 366 1852 tanta
386 1814 471 1860 lite,
490 1814 579 1852 satis
595 1814 644 1852 sit
661 1824 889 1863 monstrare,
906 1815 999 1866 quid
1021 1815 1068 1853 de
1088 1829 1131 1854 ea
1151 1830 1191 1854 re
1210 1817 1337 1854 medio
1352 1831 1433 1855 aevo
1453 1831 1539 1856 sen-

60 1878 414 1919 serit-doctissimus
440 1879 500 1916 vir
517 1887 555 1916 et
577 1891 667 1917 sane
685 1878 945 1931 ὀρθοδοξότατος
959 1909 969 1926 ,
993 1879 1214 1918 Vincentius
1235 1881 1539 1927 Bellovacensis,

59 1945 224 1997 primum
245 1943 293 1981 ab
313 1942 417 1981 orbis
431 1943 733 1994 conflagratione
753 1944 907 1981 minime
923 1957 1099 1995 separans
1114 1945 1236 1995 ignem
1260 1945 1541 1996 probatorium,

59 2007 197 2047 deinde
210 2007 379 2045 diversas
402 2016 568 2045 veterum
591 2007 761 2044 omnimn
781 2008 984 2059 opiniones
1003 2009 1039 2046 in
1059 2023 1175 2046 unum
1188 2023 1354 2060 ,cot-pus,
1371 2024 1446 2060 qua
1467 2024 1541 2061 po-

62 2075 132 2111 tuit
148 2081 240 2118 arte,
261 2071 516 2122 conjungens,
538 2074 648 2124 Spec.
664 2073 751 2113 Nat.
769 2073 836 2113 lib.
860 2073 1023 2120 xxm,
1045 2087 1130 2125 cap.
1156 2082 1223 2119 104
1247 2086 1256 2114 :
1279 2075 1536 2123 «Venturum,

59 2154 75 2171 ι
91 2137 236 2188 inquit,
254 2136 420 2188 judicem
439 2136 536 2187 ignis
556 2125 747 2188 praecedet
766 2138 830 2188 qui
855 2138 986 2176 faciem
1014 2138 1128 2189 hujus
1157 2139 1290 2177 mundi
1313 2139 1538 2186 comburet3

58 2220 73 2235 α
91 2202 350 2254 peribuntque
369 2202 501 2240 caelum
523 2210 562 2240 et
583 2211 682 2241 terra
700 2216 775 2240 non
799 2203 1007 2241 secundum
1027 2204 1297 2251 substantiam,
1313 2205 1378 2243 sed
1398 2219 1541 2244 seeun-

60 2266 182 2305 -dum
206 2267 391 2318 speeiem,
416 2266 549 2305 caelum
577 2266 665 2304 dico
683 2270 859 2316 aereum,
891 2281 966 2305 non
995 2268 1215 2306 aethereum.
1241 2269 1407 2306 Tantum
1436 2271 1536 2308 enim

59 2350 74 2365 a
93 2332 269 2370 ascendet
285 2331 393 2382 iguis,
408 2330 665 2381 praeambulus
683 2331 838 2381 judicii,
858 2332 1002 2370 scilicet
1022 2332 1238 2383 quindecim
1265 2332 1404 2370 cubitis
1420 2347 1538 2384 super

60 2414 76 2429 ι
90 2397 287 2433 cacumina
308 2395 513 2442 montium,
536 2403 575 2432 ut
596 2395 693 2433 hanc
714 2396 845 2433 mundi
861 2404 1007 2447 partem
1033 2404 1221 2447 expurget
1243 2409 1263 2434 a
1290 2398 1454 2446 peccatis
1469 2397 1537 2435 iio-

60 2477 77 2492 «
94 2459 252 2496 minum.
272 2460 432 2498 Terram
450 2472 543 2510 ergo
565 2468 602 2497 et
623 2473 725 2497 mare
754 2473 802 2497 ex
818 2460 916 2497 aeris
933 2460 1186 2498 crassitudine
1213 2460 1463 2512 conflagrabit
1481 2462 1535 2513 [id

57 2532 165 2569 nest,
195 2523 356 2574 exuret].
381 2524 531 2561 Electos
563 2524 745 2574 purgabit
770 2538 953 2575 quoque,
988 2524 1196 2562 secundum
1227 2526 1475 2576 Apostolum,
1496 2527 1534 2564 in

57 2605 72 2621 n
91 2587 232 2639 quibus
253 2587 394 2638 aliquid
417 2588 656 2639 purgandum
682 2589 892 2636 exstiterit3
916 2588 1018 2626 unde
1035 2596 1073 2625 et
1091 2587 1235 2626 tamdiu
1261 2588 1440 2636 durabit,
1458 2589 1533 2627 do·-

59 2666 164 2690 «nee
191 2664 321 2689 omnes
349 2652 565 2701 purgaverit
595 2651 702 2702 [nota
724 2653 886 2703 spatium
920 2652 1103 2702 temporis
1136 2652 1398 2701 indefinitum,
1428 2653 1531 2704 quod

58 2717 181 2755 nolim
204 2716 252 2753 de
284 2716 418 2753 eodem
447 2715 535 2764 igne
569 2715 772 2755 admiserat
802 2716 1013 2768 Origenes].
1047 2718 1225 2769 Purgatis
1246 2726 1374 2755 autem
1406 2719 1532 2756 nnlla-

47 2799 73 2819 ,ι
90 2789 199 2818 tenus
219 2778 384 2818 nocebit.
404 2779 513 2817 Malis
533 2781 673 2830 itaque,
693 2780 758 2830 qui
780 2789 870 2819 tunc
892 2780 968 2818 vivi
990 2781 1129 2832 reperti
1152 2781 1316 2828 suerint,
1345 2781 1418 2819 erit
1437 2795 1533 2819 cou-

59 2863 74 2878 -ι
89 2844 279 2895 sumptim
299 2842 408 2880 bouis
430 2856 522 2881 vero
544 2844 797 2895 refrigeratio.
819 2844 866 2882 Ut
893 2845 991 2883 cuim
1030 2844 1081 2882 ait
1111 2839 1347 2896 'Augustinus
1377 2845 1532 2898 [nempe
