1686 3500
678 122 987 169 EXCURSUS
1019 124 1078 169 V.
1099 167 1102 170 ,
1526 120 1612 168 381

160 224 356 277 ptismum,
386 232 427 259 v.
443 220 517 270 67,
539 232 638 271 sqq..
666 218 715 257 de
733 217 905 272 ejusdem
936 218 973 256 in
997 219 1128 257 caelum
1149 219 1291 270 reditu,
1308 233 1347 261 v.
1369 217 1437 268 7⁸0,
1459 231 1557 270 sqq„
1576 232 1621 258 ac

159 289 206 327 de
226 298 313 324 vera
335 283 545 322 secundum
566 289 761 321 auctorem
792 290 964 320 nostrum
990 282 1189 335 religione,
1215 285 1323 335 cujus
1352 283 1446 323 ritus
1465 282 1621 335 quidam

159 349 365 402 singulares
383 355 641 401 exponuntur,
658 360 695 387 v.
716 346 849 398 76·95.

210 416 353 454 Rursus
386 412 564 451 vaticinia
587 411 802 450 funduntur
819 411 858 449 in
883 410 1118 460 Sardiniam,
1141 410 1410 463 Mygdoniam,
1435 411 1622 458 Galliam,

159 480 335 522 Romam,
353 476 525 527 Syriam,
543 474 720 522 Thebas,
739 488 777 515 v.
799 476 959 525 96-117.

208 542 297 580 Post
318 540 398 578 haec
417 539 592 591 quaedam
610 538 792 590 leguntur
810 538 857 577 de
877 538 993 576 maris
1013 547 1051 577 et
1073 546 1184 577 terrae
1212 538 1389 577 incendio
1411 537 1448 576 in
1470 538 1544 577 fine
1562 552 1624 578 re-

156 618 242 644 rum
270 605 422 654 futuro,
446 617 483 643 v.
512 617 527 641 1
541 603 680 641 18-125
694 602 912 654 ,lsimulque
927 601 1151 654 praedicitur
1170 601 1624 654 impiorunrsupplicium

157 682 226 721 per
245 668 392 719 ignem,
415 681 450 707 v.
467 668 630 706 126-131
646 697 657 715 ,
675 680 809 705 eorum
829 666 994 704 maxime
1012 679 1110 717 quos
1133 675 1174 704 ut
1196 667 1566 719 pseudo-prophetas
1587 676 1625 705 et

158 731 508 785 pseudo-Hebraeos
537 732 658 784 tangit
688 740 826 783 poeta,
858 730 906 769 ad
939 731 1031 769 cleri
1055 731 1232 770 videlicet
1256 731 1453 771 christiani
1478 740 1628 784 partem

157 797 334 847 aliquam,
353 796 419 835 sed
439 797 627 835 incertum
649 809 777 847 quam,
796 795 1020 848 respiciens,
1035 809 1075 837 v.
1099 797 1285 837 132-138.

207 861 306 899 Tum
335 861 376 898 in
401 861 512 898 tertia
541 873 730 898 annorum
746 860 908 911 periodo
922 890 933 911 ‚
954 859 1131 911 ogdoade
1148 860 1272 912 prima
1295 860 1362 912 (sic
1380 861 1482 899 enim
1499 869 1629 899 textus

156 924 296 964 habere
324 938 364 963 se
390 923 578 977 videtur),
599 926 729 963 sutura
750 937 876 962 rerum
900 924 1165 964 universarum
1185 925 1347 965 mutatio
1375 926 1541 972 canitur,
1556 939 1627 963 no-

158 1004 244 1028 vum
266 990 412 1042 quippe
428 989 560 1027 caelum
576 998 614 1028 et
635 1002 721 1027 cum
742 988 828 1040 ipso
848 1002 948 1028 nova
966 998 1079 1036 terra,
1100 989 1138 1028 in
1157 1004 1233 1041 qua
1250 991 1341 1042 justi
1361 990 1407 1029 ad
1430 991 1543 1029 vitam
1569 1004 1629 1028 re-

157 1056 281 1094 vocati
305 1068 443 1093 manna
460 1053 602 1092 caelesti
629 1062 842 1101 vescentur,
866 1067 904 1094 v.
940 1055 1107 1105 139-150
1130 1068 1139 1092 x
1161 1068 1246 1093 cum
1273 1055 1414 1106 quibus
1433 1069 1473 1094 se
1499 1057 1626 1095 locum

157 1119 374 1158 habituram
391 1127 519 1170 sperat
541 1118 621 1167 vix,
649 1126 689 1156 et
714 1125 840 1156 tamen
865 1127 994 1170 sperat
1011 1118 1155 1169 Sibylla
1177 1123 1274 1167 (non
1298 1133 1367 1158 suo
1393 1120 1548 1171 quidem
1572 1119 1629 1158 ibi

157 1187 331 1233 nomine,
353 1184 418 1223 sed
449 1183 652 1232 feminino,
680 1196 757 1233 quo
783 1183 975 1234 loquitur,
1006 1197 1145 1235 genere
1176 1185 1442 1237 agnoscenda).
1475 1185 1630 1237 Quippe

158 1249 276 1288 multa
304 1249 510 1301 praeteritas
541 1250 630 1288 vitae
653 1248 797 1300 flagitia
824 1248 1049 1297 confitetur,
1079 1258 1116 1287 et
1147 1248 1345 1301 deplorat,
1372 1264 1406 1289 v.
1440 1251 1630 1297 151-256,

156 1313 341 1352 adulteria
365 1313 562 1365 inprimis,
594 1321 633 1351 et
657 1311 845 1364 perjuria.
884 1321 922 1351 et
951 1313 1051 1351 sores
1077 1314 1205 1364 egenis
1229 1314 1443 1365 praeclusas,
1473 1323 1512 1352 et
1530 1312 1632 1365 (quis

157 1378 321 1430 credaff)
341 1379 524 1417 incestum
554 1391 639 1417 cum
668 1386 778 1430 patre
808 1376 1054 1416 concubitum
1086 1386 1294 1430 natumque
1311 1393 1359 1418 ex
1376 1392 1423 1418 eo
1438 1366 1630 1418 commer-

157 1443 217 1482 cio
238 1444 371 1483 filium.
389 1443 518 1490 Quare
545 1443 639 1482 dicit
669 1456 710 1482 se
731 1442 893 1481 flammis
911 1442 1045 1482 ardere
1067 1452 1105 1482 et
1134 1457 1330 1483 arsuram:

313 1505 472 1547 Τοῦνεκα
491 1511 562 1561 nvp
579 1507 617 1556 μ’
637 1506 761 1561 ἔφαγεν
777 1506 836 1546 καὶ
861 1506 1049 1560 βρώσεται.

157 1573 288 1625 Neque
315 1573 415 1611 enim
443 1586 482 1612 se
497 1586 646 1625 semper
675 1573 881 1619 victuram,
910 1573 1012 1612 seda
1037 1574 1168 1625 piratis
1197 1572 1514 1626 praetereuntibus
1537 1573 1631 1626 lapi·

158 1637 271 1676 dibus
290 1636 473 1676 obrutum
497 1638 556 1685 iri,
575 1651 612 1676 v.
645 1638 829 1686 157-161.
854 1639 931 1676 Nec
956 1651 1050 1676 vero
1067 1638 1299 1690 deprecatur
1328 1639 1431 1678 illam
1461 1651 1632 1691 poenam,

158 1703 223 1742 sed
244 1702 391 1754 lapides
413 1703 452 1741 in
471 1715 582 1741 suum
602 1710 720 1754 caput
740 1701 927 1751 devocat,

315 1766 465 1806 Βάλοιτί
487 1782 550 1819 με,
572 1767 718 1820 βάλλετε
735 1766 880 1814 πάντες,

159 1847 238 1885 quo
257 1834 392 1885 purior
410 1832 499 1871 inde
517 1833 566 1871 ad
582 1846 760 1884 superam
780 1833 897 1871 vitam
917 1832 1075 1882 evadat,
1104 1831 1203 1880 sive,
1220 1839 1262 1870 ut
1281 1831 1363 1884 ipsa
1395 1831 1470 1880 ait,
1497 1830 1632 1871 oculos

160 1899 312 1938 demum
332 1898 379 1937 ad
399 1898 533 1937 caelum
552 1898 673 1950 erigat
693 1913 702 1936 :

316 1962 422 2004 Οὕτω
434 1963 500 2016 γὰρ
520 1962 617 2010 ζήσω
633 1962 693 2002 καὶ
713 1963 747 2007 ἐς
764 1961 911 2016 οὐρανὸν
922 1962 1067 2013 ὄμματα
1087 1961 1197 2008 πήξω.

211 2029 404 2081 Septimus
430 2028 548 2081 igitur
568 2026 679 2076 liber,
696 2041 773 2065 non
795 2035 836 2065 ut
854 2035 995 2076 sextus,
1012 2027 1050 2065 in
1071 2040 1149 2079 quo
1176 2038 1277 2066 mere
1295 2025 1343 2066 de
1361 2025 1500 2065 divinis
1517 2024 1635 2065 rebus

161 2094 365 2147 agebatur,
388 2093 602 2145 theologica
621 2092 797 2131 doctrina
812 2092 951 2130 mixtus
965 2099 1021 2130 est
1036 2091 1274 2143 profanaque
1286 2090 1633 2129 vaticinatione.‘Et

162 2162 200 2196 in
227 2159 357 2210 priore
386 2159 540 2210 quidem
569 2156 670 2195 libro
690 2156 789 2195 vatis
818 2156 931 2194 facies
956 2156 1081 2194 velata
1101 2169 1169 2194 nos
1190 2155 1351 2204 latebam
1376 2155 1416 2194 in
1437 2154 1511 2193 hoc
1538 2167 1633 2193 vero

162 2222 293 2273 prodit
312 2221 517 2274 impudens
537 2220 610 2259 sub
638 2220 734 2259 salso
754 2219 906 2271 Sibyllae
933 2220 1055 2258 vultu.
1073 2219 1173 2259 Fieri
1193 2219 1308 2271 igitur
1330 2219 1457 2270 potuit
1481 2226 1522 2257 ut
1540 2219 1633 2271 qui-

163 2299 326 2337 cumque
340 2294 474 2324 auctor
493 2295 641 2324 sextum
658 2284 817 2332 librum,
834 2285 1034 2335 parvulum
1054 2284 1174 2329 illum,
1196 2297 1290 2321 vena
1305 2283 1455 2330 effudit,
1466 2284 1633 2335 primum

163 2350 209 2388 de
225 2334 380 2401 Sissyllae
402 2350 558 2387 nomine
582 2349 809 2387 assumendo
842 2349 998 2387 minime
1027 2348 1272 2401 cogitaverit3
1294 2347 1434 2386 deinde
1453 2347 1634 2386 audacior

165 2414 304 2462 sactus,
323 2414 371 2453 ad
388 2413 614 2465 captandam
636 2413 831 2452 hominum
859 2412 1036 2451 fiduciam
1055 2411 1382 2464 imponendusque
1408 2413 1524 2465 vulgo
1544 2412 1635 2464 opi-

165 2479 296 2517 niones
310 2492 407 2527 suas,
431 2480 555 2516 fictam
572 2479 683 2517 istam
701 2491 905 2529 personam
921 2478 1080 2515 induere
1096 2477 1318 2515 decreverit.

217 2544 393 2582 Ceterum
414 2543 496 2594 ejus
523 2543 698 2581 doctrina
722 2543 761 2581 in
780 2551 945 2593 utroque
969 2542 1085 2590 libro,
1106 2541 1153 2579 de
1171 2541 1313 2580 Christi
1340 2541 1551 2593 praesertim
1570 2541 1634 2580 in·

166 2609 395 2653 carnatione,
411 2608 547 2645 vitium
563 2616 698 2655 sonat,
716 2621 792 2645 non
808 2607 924 2644 modo
941 2606 1046 2658 quod
1065 2606 1258 2657 duplicem
1276 2614 1457 2657 agnoscat
1476 2619 1636 2657 genera·

169 2672 309 2710 tionem
325 2671 394 2725 (id,
412 2671 500 2710 licet
513 2671 723 2723 improprie
741 2671 885 2709 dictum
898 2700 908 2719 ,
926 2671 1083 2710 Patrum
1101 2679 1227 2708 tamen
1245 2668 1499 2721 quorumdam
1511 2696 1523 2716 ,
1538 2681 1637 2719 prae-

169 2736 296 2774 sertim
323 2737 565 2783 Graecorum,
596 2736 773 2787 exemplo
799 2734 950 2773 defendi
985 2743 1137 2786 potest,
1168 2734 1268 2772 sicut
1296 2733 1395 2771 infra
1421 2732 1570 2771 dicetur
1597 2726 1651 2768 in'

172 2798 261 2838 Exc.
277 2800 362 2850 vl),
387 2799 454 2838 sed
471 2799 577 2850 quod
596 2799 801 2838 secundam
828 2800 1113 2850 generationem
1132 2812 1152 2836 a
1172 2797 1332 2837 Joannis
1347 2805 1491 2836 tantum
1512 2795 1638 2847 bapti-
