1686 3500
532 156 850 203 EXCURSUS
889 155 963 200 VL
1200 185 1202 187 >
1336 190 1343 200 κ
1395 161 1486 208 513

27 266 147 294 tamen
174 261 357 292 testantes
383 253 481 292 hanc
500 254 721 305 opinionem
748 265 863 304 quam
890 250 1119 303 probantes,
1150 254 1288 307 idest,
1310 259 1427 310 magis
1449 267 1491 297 ut

25 320 183 358 alienam
204 317 394 357 tradentes
412 330 525 370 quam
544 325 587 355 ut
607 329 726 355 suam.

718 466 803 477 0-
1062 464 1084 477 Q

431 589 538 627 CAP.
569 563 688 627 xvn·
711 590 768 625 De
787 589 892 624 Ella-
913 587 1092 627 adventu.

81 714 242 754 Multum
271 727 315 753 ao
343 714 502 752 sortasse
522 713 682 751 nimium
712 724 781 750 nos
809 720 950 750 morata
983 721 1038 751 est
1067 721 1174 753 vetus
1200 713 1247 753 de
1266 716 1499 757 Antichristo

30 779 224 827 doctrina,
255 790 472 830 quanquam
505 777 579 815 hoc
615 778 702 816 loco
730 776 965 825 necessaria,
993 777 1223 830 minimeque
1250 779 1299 817 ab
1327 781 1502 821 instituto

31 854 162 884 nostro
181 844 323 891 aliena,
344 843 433 894 quia
451 855 498 881 ex
517 842 717 894 Sibyllinis
743 840 850 878 libris
873 840 978 892 signa
997 843 1124 881 omnia
1144 856 1342 883 recensere
1360 854 1504 885 statue·

33 923 157 949 ramus
175 923 261 960 quae
286 921 467 959 supremo
494 907 643 959 judicio
674 918 917 958 praecursura
941 905 993 944 ibi
1026 917 1234 955 caminum
1254 908 1392 947 horum
1413 923 1504 949 vero

32 974 177 1013 nullum
206 982 270 1011 aut
292 986 361 1024 per
398 964 450 1011 se'
468 972 588 1024 majus
620 980 686 1009 aut
706 969 881 1009 crebrius
905 971 943 1008 in
964 970 1162 1022 Sibyllinis
1190 975 1360 1012 occurrit
1388 988 1504 1026 quam

34 1039 184 1076 futurus
216 1036 402 1075 adventus
429 1035 550 1087 ignoti
578 1036 679 1073 illius
706 1048 749 1072 ac
776 1034 968 1072 metuendi
1001 1036 1088 1074 viri.
1124 1037 1233 1075 Nunc
1260 1051 1352 1075 vero
1383 1046 1508 1077 trans-

33 1105 130 1145 imus
146 1102 192 1140 ad
213 1101 315 1140 aliud
341 1102 488 1152 signum
502 1132 511 1150 ,
534 1102 703 1139 futurum
722 1100 795 1136 hoc
819 1112 974 1150 quoque
995 1102 1189 1139 novissimi
1212 1103 1394 1153 temporis
1414 1117 1512 1154 prae-

35 1166 230 1217 nuntium,
259 1166 463 1204 adventum
502 1178 638 1216 nempe
679 1164 771 1202 lilia}
810 1162 1016 1203 Thesbirae.
1049 1165 1162 1211 Quod
1198 1166 1336 1204 sactum
1372 1177 1510 1206 autene

35 1244 79 1268 an
102 1236 188 1280 post
207 1228 434 1267 Anticliristi
449 1241 507 1265 res
523 1237 647 1278 gestas
666 1229 803 1266 melius
825 1227 1093 1266 collocandum
1117 1229 1230 1266 suerit
1245 1257 1254 1275 ,
1275 1229 1511 1269 variantibus

36 1302 234 1334 auctorum
258 1293 456 1331 sententiis
478 1292 617 1343 ambigi
640 1302 776 1344 potest.
800 1295 878 1333 Nos
899 1302 1043 1342 tamen,
1065 1303 1105 1331 ut
1125 1303 1215 1345 pote
1235 1294 1510 1345 Sibyllinorum

36 1361 285 1409 interpretes,
317 1365 510 1394 auctorem
536 1357 644 1407 sequi
672 1357 846 1408 cogimur
871 1356 959 1394 libri
987 1357 1043 1407 11,
1073 1357 1137 1408 qui
1158 1358 1381 1396 Nostrorum
1409 1360 1513 1398 solus

38 1425 128 1463 Eliso
156 1423 342 1468 meminit,
372 1434 536 1472 eumque
567 1421 797 1460 Antichristo
829 1421 1078 1472 posteriorem
1109 1422 1222 1472 fecit,
1251 1432 1435 1473 quantum
1467 1409 1518 1462 ex·

38 1488 156 1539 ipsius
171 1487 350 1525 carminis
372 1486 509 1524 ordine
526 1485 687 1523 divinari
705 1494 845 1537 potest.

88 1554 264 1590 Ceterum
301 1564 361 1588 res
386 1550 450 1588 hic
482 1551 609 1601 agitur
633 1563 710 1588 non
743 1550 953 1602 legentium
975 1558 1041 1588 aut
1075 1550 1324 1589 scribentium
1354 1551 1515 1591 arbitrio

41 1618 243 1669 permissa,
267 1616 332 1655 sed
351 1615 438 1653 fidei
458 1615 675 1653 christianae
699 1616 852 1666 penitus
878 1616 1011 1663 insita,
1033 1629 1150 1666 quum
1175 1615 1222 1653 ab
1242 1616 1326 1666 ipso
1351 1616 1516 1654 Redem-

39 1691 148 1733 ptore
179 1695 257 1719 non
276 1693 354 1719 uno
385 1680 473 1718 loco
501 1679 733 1726 declaretur,
758 1679 909 1727 Manli„
930 1693 1015 1730 eap-
1050 1693 1110 1727 11,
1136 1693 1172 1718 v.
1200 1685 1270 1725 ¹4²
1298 1681 1428 1719 «Elias
1449 1680 1514 1733 qui

42 1765 55 1780 n
72 1755 255 1784 venturus
279 1754 335 1783 est
354 1763 390 1796 ι»,
412 1753 450 1782 et
477 1758 561 1795 cap.
590 1757 646 1791 ⁸7,
668 1758 704 1782 v.
729 1758 769 1781 11
801 1759 809 1782 ς
835 1762 849 1777 «
871 1744 971 1782 Elias
990 1743 1145 1794 quidem
1167 1753 1351 1781 venturus
1370 1752 1451 1790 est,
1479 1751 1518 1781 et

41 1811 243 1849 «restituet
260 1809 389 1847 omnia
414 1826 443 1848 υ.
474 1810 699 1859 Quanquam
733 1808 791 1846 his
818 1808 979 1859 aliisque
1007 1808 1099 1845 locis
1118 1806 1252 1845 eadem
1286 1820 1363 1844 vox
1389 1806 1519 1845 divina

42 1876 176 1923 docet,
204 1874 320 1911 multa
341 1886 426 1924 quae
453 1872 500 1910 de
520 1873 601 1910 Elia
622 1875 764 1923 scripta
786 1880 873 1909 sunt
892 1885 1005 1923 posse
1023 1871 1072 1909 ad
1094 1871 1281 1909 Joannem
1309 1871 1518 1922 Baptistam

42 1942 199 1992 figurate
223 1938 369 1976 referri.
388 1936 462 1975 Sed
486 1947 608 1974 tamen
637 1937 757 1982 Eliam
772 1936 896 1988 ipsum
927 1937 963 1973 in
989 1936 1062 1973 fine
1082 1943 1311 1981 venturum,
1334 1936 1519 1987 proprio,

45 2019 119 2043 non
150 2006 313 2056 figurato
341 2015 476 2049 sensu,
497 2002 555 2039 vel
580 2001 659 2039 haec
684 2002 766 2038 sola
795 2000 913 2038 verba
944 2000 1036 2038 satis
1063 1999 1355 2038 demonstrant:
1385 2019 1400 2034 «
1420 2001 1521 2040 Elias

45 2070 195 2121 quidem
213 2076 396 2106 venturus
412 2074 490 2114 est,
506 2075 542 2103 et
558 2066 731 2103 restituet
751 2065 879 2103 omnia
896 2084 927 2114 u,
944 2078 1108 2116 quorum
1122 2072 1292 2103 extrema
1310 2064 1357 2102 de
1370 2064 1521 2103 Joanne

47 2135 164 2173 liliam
193 2133 378 2183 figurante
408 2131 564 2178 minime
587 2130 711 2181 accipi
744 2138 918 2181 possunt.
944 2129 1052 2168 Unde
1073 2128 1177 2180 apud
1200 2129 1450 2180 Augustiuum
1473 2128 1521 2167 de

46 2198 151 2235 (livit.
173 2197 258 2243 Dei,
281 2195 346 2233 lib.
364 2195 446 2242 XX,
465 2194 641 2245 locojam
660 2194 741 2243 cit.,
762 2193 899 2245 dogma
920 2193 1012 2230 illud
1039 2193 1181 2244 pariter
1196 2206 1283 2230 cum
1297 2192 1523 2232 Antichristi

47 2261 330 2313 persecutione,
347 2267 524 2309 tanquam
545 2267 688 2297 certum
710 2258 865 2309 aliquod
894 2257 980 2295 fidei
1002 2257 1215 2305 decretum,
1245 2256 1422 2296 omnibus
1443 2269 1525 2295 cre·

49 2327 210 2365 dendum
232 2324 473 2377 proponitur.

97 2392 169 2431 Sed
200 2391 262 2428 hic
293 2402 450 2440 quoque
472 2388 716 2426 traditionem
736 2386 921 2424 habemus
944 2388 1023 2437 ipsa
1047 2376 1178 2424 nostra
1204 2386 1389 2437 religione
1413 2393 1524 2425 ante·

51 2455 187 2492 riorem
206 2452 333 2504 etjam
354 2452 427 2490 sub
448 2465 532 2489 aerae
555 2460 697 2488 nostrae
714 2459 862 2500 tempus
891 2463 910 2488 a
940 2449 1081 2489 ,ludaeis
1102 2457 1309 2501 receptam.
1327 2450 1402 2496 Qui
1422 2451 1524 2488 enim

52 2520 158 2556 aliter
178 2518 393 2570 potuissent
409 2517 627 2554 sacerdotes
651 2525 689 2554 et
713 2515 836 2553 levitae
856 2515 1010 2553 nuntios
1030 2514 1077 2551 ad
1103 2515 1292 2553 Joannem
1314 2514 1526 2565 Baptistam

54 2584 220 2634 mittere,
240 2582 305 2633 qui
326 2595 413 2619 eum
433 2581 487 2619 sic
507 2581 817 2631 interrogarent,
839 2583 978 2619 Joann.
1004 2580 1077 2619 Ev.
1098 2592 1180 2630 cap.
1212 2593 1245 2629 1,
1267 2592 1301 2617 v.
1324 2592 1388 2627 21,
1411 2592 1494 2630 sqq.
1516 2594 1525 2616 ε

55 2666 67 2681 0
85 2647 184 2693 Quid
209 2647 326 2697 ergo?
350 2645 451 2683 Elias
468 2658 508 2682 es
537 2646 603 2682 tu?
629 2645 678 2683 Et
703 2644 826 2681 dixit:
847 2645 949 2682 Νοη.
968 2672 976 2681 .
994 2672 1003 2681 .
1037 2642 1137 2690 Quid
1161 2656 1253 2693 ergo
1276 2642 1469 2694 baptizas,
1496 2643 1526 2681 si

56 2731 68 2746 u
86 2722 123 2749 tu
142 2726 218 2749 non
238 2724 277 2748 es
293 2710 481 2754 Christus,
507 2723 631 2760 neque
651 2710 766 2754 Elias,
788 2721 911 2759 neque
940 2708 1150 2759 propheta?
1167 2724 1181 2740 n
1210 2708 1341 2757 Neque
1358 2706 1457 2744 lianc
1480 2706 1527 2744 de

57 2778 135 2816 Elia
156 2776 400 2816 traditionem
415 2774 579 2825 judaicis
595 2773 734 2811 scholis
752 2774 953 2811 inolevisse
970 2774 1107 2811 mirum
1125 2782 1198 2821 est,
1215 2772 1324 2824 cujus
1342 2772 1427 2809 sons
1444 2772 1527 2823 ipse

58 2841 242 2890 reperitur
261 2838 364 2890 apud
387 2838 611 2876 Malachiam
630 2837 879 2888 prophetam,
900 2851 981 2889 cap.
1006 2843 1040 2886 (4,
1064 2851 1097 2875 v.
1122 2838 1156 2886 5,
1176 2850 1257 2889 sqq.
1278 2849 1287 2875 :
1308 2853 1322 2868 α
1338 2836 1433 2874 Ecce
1457 2835 1526 2886 ego

245 2906 328 2951 111.
690 2936 693 2938 -
1275 2899 1332 2946 33
