1752 3495
88 174 149 219 58
464 174 539 216 AD
573 175 623 218 Sl
633 175 916 219 BYLLINOS
950 174 1160 218 LIBROS

140 272 267 322 Pergit
293 271 466 318 Ovidius,
486 273 735 325 eamdemque
761 273 940 320 declarat,
968 286 1154 312 annorum
1173 272 1402 324 procedente
1419 287 1546 321 cursu,

82 336 121 373 in
139 344 289 372 tenuem
310 347 440 373 auram
460 344 575 387 atque
593 338 631 375 in
655 350 794 376 meram
813 349 944 374 vocem
964 337 1151 375 abituram
1171 351 1178 374 :

838 402 1016 452 Nullique
1032 401 1195 440 videnda

291 465 393 502 Voce
410 473 537 504 tamen
552 479 702 513 noscar3
720 479 849 503 vocem
872 467 962 503 mihi
980 467 1054 504 sata
1077 466 1304 516 relinquent.

71 529 148 566 Nec
163 529 272 566 aliter
290 530 446 568 Servius
458 531 507 568 ad
526 531 610 569 AEn..
626 531 691 577 Vl,
713 532 783 568 3²1
808 545 815 568 z
843 546 861 567 α
882 532 1039 569 Defecta
1055 533 1227 581 corporis
1246 529 1410 576 viribus,
1429 529 1542 568 vitam

75 606 93 626 ι
110 592 148 629 in
162 592 241 630 sola
259 606 353 630 voce
368 594 537 631 retinuit.
558 612 573 628 υ
592 594 661 632 Cui
680 594 794 631 etiam
821 594 958 633 fabulae
981 595 1187 645 originem,
1205 593 1378 645 quamvis
1393 594 1543 645 longin-

70 668 183 705 quam
196 685 206 703 ,
222 656 314 694 dare
334 658 458 707 potuit
476 658 712 707 Erythraeum
736 671 887 695 carmen
902 688 912 704 ,
933 658 999 695 ubi
1018 658 1165 708 Sibylla
1183 658 1230 696 de
1244 672 1287 696 -se
1307 658 1409 696 canit
1428 672 1436 695 :

281 719 382 760 Ἔνθ’
403 723 469 772 ἄρα
491 721 548 773 μοὶ
564 720 658 774 ψυχὴ
683 722 744 770 μὲν
761 723 794 766 ἐς
815 721 903 775 ἠέρα
923 726 1122 769 πωτηΟεῖσα
1136 752 1146 769 ,

283 785 461 837 Πνεύματι
483 788 712 838 συγκραθεῖσα
725 815 735 834 ,
755 801 789 825 κ.
809 802 842 826 τ.
862 787 898 825 λ.

73 850 159 887 Haec
181 858 303 888 tamen
318 851 364 888 ad
383 849 509 889 Ovidii
527 850 750 888 sententiam
769 850 948 888 accedere
965 859 1183 900 nequeunt,
1202 849 1274 887 nisi
1289 850 1346 887 vel
1369 849 1467 887 male
1482 849 1540 888 in·

73 914 226 953 tellecto
252 915 308 954 vel
330 929 377 954 ex
400 915 587 953 industria
608 928 789 966 perverso
811 915 884 954 loci
905 915 1023 953 totius
1045 928 1171 953 sensu.
1192 915 1322 964 ltaque
1347 914 1452 952 lusus
1476 913 1541 955 lile

71 980 199 1029 potius
217 980 329 1017 suerit
345 978 528 1031 ingeniosi
549 980 726 1028 hominis,
746 980 809 1030 qui
831 979 1005 1017 exhausti
1035 979 1210 1029 corporis
1243 978 1419 1028 reliquias
1452 991 1538 1015 sen·

69 1043 139 1081 sim
159 1046 375 1095 sensimque
400 1044 661 1083 decrescentes
688 1058 808 1096 usque
827 1044 872 1081 ad
892 1053 1104 1082 extremum
1129 1043 1339 1094 deliquium
1371 1051 1409 1081 et
1439 1042 1536 1082 ultra

70 1107 200 1145 sormae
218 1109 390 1146 mortalis
410 1108 584 1147 umbram
606 1110 785 1160 persequi
803 1109 981 1147 voluerit.

123 1173 163 1210 ln
189 1172 256 1209 illo
285 1174 490 1210 senectutis
509 1174 680 1211 evanidae
713 1173 866 1211 fastidio
890 1173 998 1210 facile
1026 1171 1159 1210 credas
1189 1171 1372 1221 Sibyllam
1402 1170 1538 1221 saepius

69 1244 227 1274 mortem
253 1245 427 1287 optasse,
450 1238 558 1286 cujus
578 1237 810 1275 desiderium
831 1237 934 1288 apud
954 1235 1152 1283 Ovidium,
1177 1235 1250 1275 loc.
1277 1235 1358 1282 cit„
1382 1234 1537 1272 mininie

64 1300 181 1348 celat3
203 1314 324 1351 eoque
347 1302 501 1352 respicit
525 1302 629 1340 lusus
657 1303 719 1340 ille
745 1315 951 1353 puerorum
973 1302 1230 1339 Cumanorum
1252 1313 1366 1351 quein
1395 1313 1441 1336 ex
1463 1299 1538 1336 Pc-

68 1366 194 1403 tronio
225 1366 423 1404 retulimus
443 1380 577 1417 supra,
598 1380 636 1418 p.
654 1367 716 1414 51,
737 1365 923 1416 Sibyllam
945 1365 1282 1416 interrogantium,
1303 1362 1443 1415 quibus
1470 1362 1534 1400 illa

67 1429 272 1480 respondet
297 1445 305 1468 :
326 1429 523 1469 Ἀποθανεῖν
544 1431 645 1469 θέλω.

118 1498 175 1531 De
191 1493 271 1544 ejus
290 1505 412 1533 morte
432 1496 534 1533 solus
555 1496 723 1543 Servius,
747 1496 802 1533 uti
820 1509 888 1534 nos
909 1496 987 1546 jam
1013 1494 1059 1532 ad
1093 1494 1328 1546 Erythraeam
1357 1492 1536 1538 diximus,

66 1559 209 1610 aliquid
231 1560 420 1611 prodidit,
439 1561 553 1612 idque
582 1561 796 1600 fabulosum
813 1570 851 1599 et
874 1561 1031 1611 puerile.
1050 1561 1145 1599 Nam
1171 1568 1255 1611 post
1275 1558 1532 1598 conditionem

66 1624 192 1661 datam
223 1624 374 1675 Sibyllae
406 1625 454 1662 ab
480 1625 678 1676 Apolline,
700 1639 745 1663 nc
766 1625 952 1675 Erythras
978 1637 1145 1674 unquam
1172 1624 1350 1660 reviseret
1376 1621 1535 1673 (confer

65 1689 181 1738 paulo
214 1697 322 1738 ante,
347 1702 431 1740 pag.
465 1679 545 1740 56),
582 1690 708 1727 statim
739 1689 842 1726 addit
865 1690 1081 1739 interpres:
1113 1706 1127 1721 n
1148 1686 1261 1733 Quod
1290 1699 1407 1737 quum
1435 1685 1533 1724 cives

63 1770 77 1784 ιι
113 1752 231 1804 (ῃύᾶῖ
244 1753 453 1805 Erythraei]
473 1754 761 1805 cognovissent,
782 1753 862 1790 sive
880 1752 1045 1799 invidia,
1072 1751 1150 1790 sive
1168 1750 1411 1788 miseratione
1425 1762 1532 1788 com-

63 1832 78 1847 ·
109 1816 223 1864 moti,
246 1817 280 1854 ei
307 1817 507 1868 epistolam
541 1818 725 1855 miserunt
744 1816 966 1867 [epistolam
982 1845 992 1862 ,
1013 1815 1066 1853 dii
1084 1815 1199 1868 boni!
1221 1814 1256 1853 ei
1273 1813 1422 1852 mulieri
1447 1827 1533 1864 quae

62 1898 76 1913 a
106 1880 220 1918 vitam
241 1881 279 1919 in
302 1895 395 1920 voce
421 1889 567 1919 tantum
586 1881 792 1932 retineret]
808 1890 910 1919 creta
926 1881 1085 1931 antiquo
1111 1893 1215 1918 more
1235 1880 1432 1931 signatam.
1449 1880 1532 1925 Qua

64 1962 80 1976 ι
109 1945 188 1982 visa
230 1954 351 1994 terra,
384 1959 472 1984 nam
499 1954 580 1984 erat
611 1945 658 1984 de
687 1945 769 1996 ejus
802 1945 947 1993 insula,
978 1945 1017 1983 in
1039 1953 1200 1982 mortem
1235 1944 1401 1981 resoluta
1432 1952 1499 1980 est.
1518 1962 1532 1975 ..

63 2009 186 2047 Porro
213 2010 276 2056 id,
304 2011 335 2048 si
356 2012 489 2050 Servio
515 2003 635 2058 fid'esss
665 2025 743 2048 non
771 2010 864 2049 alibi
888 2010 1013 2062 potuit
1035 2010 1209 2050 accidere
1235 2022 1350 2060 quam
1376 2008 1528 2054 Cumis,

63 2072 129 2110 ubi
154 2083 191 2111 et
214 2075 430 2125 sepulcrum
446 2075 528 2126 ejus
548 2083 796 2113 monstratum
819 2074 1052 2125 Hyperocho
1068 2073 1170 2124 apud
1191 2072 1415 2112 Pausaniam
1429 2101 1438 2119 ,
1457 2073 1527 2110 Ju-

61 2138 160 2175 stino
179 2139 360 2189 Martyri‚
383 2140 597 2191 Procopio,
622 2149 696 2179 etc.
723 2141 780 2178 De
803 2141 979 2190 sepulcro
1003 2139 1214 2177 notandum
1245 2147 1385 2184 tamen,
1409 2137 1530 2174 simile

61 2202 245 2253 alterum,
269 2211 445 2254 tanquam
465 2205 662 2250 Cunianae,
683 2203 842 2254 Lilybaei
861 2205 898 2241 in
915 2204 1044 2241 Sicilia
1065 2211 1256 2241 servatum
1273 2215 1374 2250 esse,
1397 2202 1529 2240 Solino

64 2273 182 2312 teste,
210 2280 295 2318 cap.
327 2281 348 2303 2
378 2276 414 2305 et
433 2268 476 2313 53
497 2285 511 2300 α
532 2267 596 2305 sed
624 2269 724 2317 ejus,
754 2281 839 2318 quae
871 2267 987 2305 rebus
1011 2267 1190 2305 Romanis
1217 2265 1527 2317 quinquagesima

64 2346 79 2360 ··
99 2330 326 2381 Olympiade
352 2332 537 2379 interfuit,
554 2350 569 2364 υ
586 2331 679 2370 ibid.
700 2345 782 2383 cap.
803 2345 842 2379 2,
874 2332 911 2369 id
941 2340 997 2370 est
1014 2361 1024 2379 ,
1045 2332 1116 2370 sub
1145 2332 1356 2382 Tarquinio
1373 2331 1526 2378 Prisco,

62 2392 154 2431 falsa
174 2402 295 2432 tamen
314 2396 431 2433 Solini
446 2396 729 2447 supputatione,
749 2410 866 2447 quum
885 2396 981 2434 infra
995 2397 1211 2448 Superbum
1230 2397 1310 2446 ipse
1335 2394 1526 2446 designet:

62 2458 226 2496 alienum
249 2460 381 2510 utique
399 2471 684 2499 monumentum
705 2461 841 2500 abbae
858 2462 975 2500 veteri
993 2462 1177 2509 Cumana,
1195 2469 1233 2499 et
1254 2460 1366 2498 nobis
1383 2460 1420 2498 in
1437 2469 1527 2497 tem-

62 2535 134 2571 pus
149 2523 254 2561 aliud
270 2525 564 2573 reservandum;
594 2526 724 2563 confer
738 2526 847 2572 infra,
868 2539 952 2577 cap.
975 2526 998 2562 8
1013 2535 1049 2564 et
1070 2540 1128 2565 11.

113 2586 186 2624 Sed
205 2587 253 2625 dc
273 2588 441 2626 Cumana
462 2597 661 2639 poctarum
680 2589 898 2627 dicentibus
915 2589 1061 2640 aliquid
1079 2589 1208 2628 deesse
1225 2589 1439 2636 videretur,
1457 2588 1526 2626 nisi

60 2649 214 2687 modum
234 2664 386 2702 quoque
407 2653 653 2703 vaticinandi,
671 2653 736 2704 qui
754 2654 806 2690 illi
822 2653 977 2704 Sibyllae
995 2661 1199 2692 consuetus
1217 2653 1309 2701 suit,
1331 2668 1351 2691 e
1369 2653 1525 2703 Virgilio

58 2725 102 2749 ac
125 2716 334 2764 praesertim
354 2729 374 2754 e
391 2716 497 2754 libris
514 2716 690 2756 AEnei'tlos
712 2718 762 2755 ΙΙΙ
779 2726 815 2756 et
832 2719 878 2757 vl
899 2718 974 2755 huc
994 2730 1284 2768 apponeremus

111 2777 278 2816 Primum
296 2780 410 2830 igitur
436 2781 483 2818 ‹lc
499 2780 640 2832 Sibylla
665 2782 897 2821 consulenda
925 2791 1100 2821 monetur
1126 2782 1258 2821 AEneas
1282 2782 1330 2820 ab
1358 2782 1523 2828 Heleno,

60 2842 139 2880 AEn.
162 2844 226 2891 ΠΙ,
246 2858 279 2881 ν.
300 2850 389 2894 Μι,
411 2859 492 2896 sqq.
518 2860 524 2883 :
