1686 3500
598 102 910 149 excussus
946 104 1019 148 vt.
1213 88 1216 89 ⁷
1334 146 1342 155 ,
1449 102 1537 151 561

231 201 350 240 Κεῖνοι
365 198 400 239 δὲ
415 197 604 247 τλήσονται
623 197 712 251 ἄγαν
729 197 850 248 πόθον,
866 197 899 237 οἳ
918 197 974 237 διὰ
995 197 1135 251 κέρδους
1161 226 1164 232 .

235 263 374 318 Αἷσχρὰ
392 261 684 317 προφητεύσουσι,
705 262 812 302 κακὸν
827 261 950 316 χρόνον
969 253 1200 307 &lambente

230 330 278 369 Οἳ
295 329 358 379 μὲν
374 328 561 378 δυσᾶμενοι
579 325 765 379 προΕοὶτων
789 325 996 380 λασιότριχα
1012 326 1088 381 ῥινὰ

233 392 395 446 Ἐὅραῖοι
408 392 607 446 ψεύσονται,
627 390 645 430 ὃ
666 389 715 442 μὴ
734 388 833 440 γένος
851 388 994 429 ἔλλαῧον
1013 390 1113 429 αὐτοί
1115 423 1127 440 ,

232 456 338 496 Ἀλλὰ
357 456 477 508 λόγους
495 454 692 503 λαλέοντες,
712 454 768 493 ἐπ’
790 454 910 506 ἄλγεσι
926 454 1164 508 κερδαντῆρες,

234 520 285 561 Οἳ
304 520 377 573 βίον
399 519 599 567 ἀλλάξουσι,
612 518 671 558 καὶ
691 519 906 559 οὗψπείσουσι
926 517 1092 561 δικαίους.

74 585 104 625 li
138 594 229 625 sunt
255 583 624 637 pseudo-prophetae
648 582 696 621 de
722 581 865 634 quibus
891 582 931 620 in
966 582 1082 620 sacris
1113 582 1222 622 libris
1254 584 1451 636 scriptum·
1477 596 1550 634 est,

74 649 222 698 Matth„
242 663 325 701 cap.
347 663 384 697 7,
400 663 440 689 v.
463 650 508 687 15
529 664 536 687 ε
555 666 572 682 «
589 647 784 687 Attendite
797 660 818 684 a
839 646 939 684 falsis
955 646 1151 698 prophetis
1167 646 1235 698 qui
1247 649 1405 688 veniunt
1418 650 1466 689 ad
1485 663 1556 690 vos

74 732 90 749 ιι
110 714 149 753 in
173 713 409 753 vestimentis
440 712 584 761 ovium,
610 712 837 750 intrinsecus
865 719 991 749 autem
1023 719 1111 749 sunt
1130 711 1210 763 lupi
1229 725 1386 764 rapaces
1399 730 1438 762 n,
1457 727 1554 767 quos

75 778 175 817 male
204 779 342 819 Noster
373 777 420 816 de
450 777 660 816 christiano
693 790 850 815 suorum
885 783 1104 828 temporum
1134 775 1239 816 clero
1266 777 1469 818 intellexit.
1495 779 1555 819 Ad

76 844 180 883 hunc
201 844 303 882 enim
327 843 526 894 Evangelii
544 843 670 881 locum
694 841 907 893 respexisse
927 854 967 879 se
989 841 1129 879 fatetur
1147 840 1208 880 his
1225 841 1355 881 verbis
1373 857 1382 881 :

235 909 282 948 Οἱ
299 907 360 958 μὲν
384 904 767 960 δυσᾶμενοιπροδάτωυ
787 904 997 958 λασιότριχα
1020 904 1112 958 ῥινοί,
1401 955 1404 958 ἦ

75 983 162 1009 cum
178 983 257 1022 quo
278 970 441 1009 sortasse
463 971 548 1009 loco
567 968 862 1021 conjungendus
880 968 976 1007 alter
994 982 1015 1008 e
1033 968 1134 1008 libro
1154 969 1189 1010 11
1209 970 1326 1010 modo
1344 972 1505 1012 citatus:

236 1036 448 1090 Παρδαλίων
466 1051 504 1075 τε
521 1034 636 1075 λύκων
652 1036 682 1074 τ’
699 1033 900 1088 ὄλοώτεροι.

74 1099 151 1139 Sed
182 1100 394 1139 videndum
417 1101 509 1152 quid
542 1113 643 1138 nunc
672 1099 776 1138 falsis
795 1099 869 1137 iltis
895 1099 1132 1144 ovibus.seu
1160 1101 1289 1153 potius
1306 1101 1409 1141 salsis
1436 1111 1563 1156 pasto-

76 1165 198 1215 ribus,
225 1166 320 1204 vitio
351 1175 549 1213 vertatur;
571 1179 709 1216 nempe
738 1165 869 1217 quod,
891 1166 1133 1214 lucricausa,
1164 1164 1220 1205 διὰ
1248 1165 1388 1221 κέρδους
1419 1182 1485 1208 seu
1503 1167 1582 1209 διὰ,

75 1228 194 1283 κέρδος
220 1230 414 1283 (agnoscis
431 1238 468 1269 et
485 1230 558 1269 hoc
578 1243 627 1269 ex
645 1230 807 1282 epistola
828 1230 908 1269 divi
928 1230 1032 1271 Petri
1052 1244 1169 1284 supra
1194 1231 1337 1284 citata),
1353 1232 1451 1273 fictis
1471 1247 1563 1286 pros

75 1294 217 1346 phetiis
243 1295 390 1333 animos
412 1295 608 1333 hominum
627 1295 959 1334 circumveniant:

315 1359 455 1414 Αἰσχρὰ
474 1359 773 1414 προφητεύσουσι,

76 1424 169 1463 dum
182 1437 313 1464 rerum
331 1425 445 1463 finem
461 1434 754 1477 extremumque
766 1425 956 1477 judicium
973 1425 1134 1464 differre
1152 1434 1344 1465 conantur
1362 1441 1372 1468 ι

658 1489 778 1529 Κακὸν
798 1489 921 1543 χρόνον
938 1490 1168 1538 ἀλδαίνοντες,

75 1554 108 1594 si
127 1564 252 1594 tamen
272 1567 363 1593 vera
380 1554 460 1593 baec
480 1562 538 1593 est
559 1555 745 1593 sententia
765 1554 839 1593 loci
861 1554 1023 1593 difficilis
1044 1568 1136 1594 sane
1156 1562 1194 1594 et
1213 1554 1382 1602 obscuri,
1404 1556 1454 1595 de
1481 1570 1562 1609 quo

75 1619 155 1658 suis
183 1619 277 1657 locis
305 1627 488 1657 annotata
518 1628 608 1657 suut
640 1632 725 1670 quae
766 1619 843 1657 huc
878 1619 1021 1657 referre
1061 1619 1307 1659 abstinemus.
1344 1620 1562 1660 Meminerit

75 1691 223 1722 tantum
251 1683 373 1722 lector
393 1683 548 1722 minime
564 1684 753 1722 occultam
784 1683 846 1721 hic
882 1682 1035 1722 subesse
1068 1683 1253 1722 invidiam
1274 1683 1478 1736 Sibyllistae
1496 1686 1563 1724 ada

54 1744 57 1747 ’
75 1761 208 1787 versus
233 1761 298 1788 eos
317 1748 383 1800 qui
402 1747 590 1800 Sibyllina
607 1748 764 1788 oracula
783 1748 844 1786 vel
863 1747 1076 1787 detrectant
1094 1747 1152 1786 vel
1171 1748 1211 1787 in
1228 1762 1379 1788 sensum
1398 1749 1562 1790 alienum

76 1813 318 1866 detorquent.
340 1815 481 1852 Verum
504 1814 578 1853 alia
608 1814 783 1866 sequitur
807 1826 928 1865 eaque
947 1814 1101 1865 gravior
1128 1814 1282 1853 invidiae
1307 1828 1434 1863 causa,
1456 1815 1560 1868 quod

74 1879 191 1918 iidem
218 1878 365 1930 priscos
393 1892 519 1917 mores
546 1879 748 1917 immutare
769 1877 962 1930 studeant,
990 1887 1027 1917 et
1042 1877 1184 1930 justos,
1219 1878 1259 1917 id
1290 1888 1359 1929 est,
1378 1879 1563 1919 Christiaa-

77 1957 146 1982 nos
162 1942 416 1995 judaizantes,
441 1956 461 1981 a
483 1943 607 1994 patria
625 1942 777 1982 vivendi
793 1942 1074 1982 consuetudine
1092 1942 1346 1982 dehortentur
1363 1961 1373 1985 ε

234 2008 284 2049 Οἳ
300 2008 373 2062 βίον
390 2008 594 2060 ἀλλάξουσι,
613 2008 672 2048 καὶ
691 2009 728 2047 οὗ
746 2008 906 2047 πείσουσι
923 2007 1085 2052 δικαίους.

77 2075 136 2114 En
159 2075 281 2113 muito
299 2074 504 2113 maximum
526 2075 670 2113 crimen
684 2104 695 2125 ‚
715 2074 746 2113 si
766 2075 852 2126 quis
874 2075 1011 2113 Nostro
1024 2073 1240 2126 judaizauti
1260 2074 1435 2113 assentiri
1453 2075 1563 2125 velit3

77 2140 133 2178 sin
164 2140 289 2178 minus
304 2170 315 2188 ,
346 2141 576 2178 confiteatur
610 2153 762 2179 necesse
782 2150 853 2189 est,
876 2139 925 2178 ab
953 2140 1173 2178 adversario
1196 2140 1387 2191 profectas
1408 2153 1563 2179 accusa-

77 2205 214 2256 tiones,
233 2204 452 2243 orthodoxo
472 2206 576 2244 clero
598 2219 733 2257 parum
765 2219 919 2246 nocere.
939 2205 1061 2246 Simul
1091 2214 1217 2244 autem
1253 2205 1450 2244 fatendum
1470 2207 1559 2256 erit,

76 2269 172 2308 duos
200 2270 293 2308 istos
323 2269 491 2308 duorum
522 2270 711 2308 librorum
744 2270 848 2308 locos
884 2284 963 2307 non
987 2270 1146 2308 multum
1163 2269 1358 2320 Sibyllinis
1386 2269 1560 2309 moribus

76 2333 295 2389 detrahere,
326 2342 450 2373 cetera
467 2334 621 2386 optimis
637 2342 675 2373 et
699 2335 967 2386 integerrimis,

772 2461 860 2470 ..—

236 2568 352 2609 CAP.
375 2570 426 2610 Il.
459 2573 517 2608 De
532 2574 750 2620 impostura,³
770 2572 922 2607 crimine
945 2569 1136 2619 Sibyllinis
1151 2569 1294 2618 objecto
1310 2569 1426 2608 libris.

131 2673 206 2713 Sed
233 2674 420 2726 quosdam
447 2676 530 2714 sore
551 2675 706 2723 scimus,
725 2675 866 2727 quibus
882 2676 1010 2714 omnia
1029 2675 1310 2726 Sibyllistarum
1336 2675 1470 2714 merita
1501 2675 1560 2714 vel

64 2750 155 2775 ,una
179 2736 264 2776 labe
280 2739 476 2790 corrumpi
496 2739 716 2787 videantur,
736 2739 841 2791 quod
862 2739 1044 2778 falsorum
1070 2739 1337 2778 vaticiniorum
1367 2747 1556 2789 auctores,

79 2815 322 2853 quacumque
337 2802 491 2841 demum
511 2805 600 2855 styli
619 2805 870 2857 temperantia
897 2805 934 2842 in
953 2804 1160 2843 scribendo
1193 2805 1264 2853 usi,
1300 2804 1500 2844 mendaces
1519 2813 1558 2844 et

82 2867 313 2919 impostores
332 2866 501 2907 habendi
521 2869 608 2910 sint.
631 2869 745 2916 Quod
765 2869 909 2908 crimen
925 2878 966 2909 ut
982 2872 1138 2908 omniuo
1167 2882 1345 2908 amovere
1364 2883 1441 2908 non
1461 2883 1555 2921 pos·

212 2940 297 2985 111.
1336 2940 1395 2987 36
