<?xml version="1.0" encoding="UTF-8"?>
<!DOCTYPE html PUBLIC "-//W3C//DTD XHTML 1.0 Transitional//EN"
    "http://www.w3.org/TR/xhtml1/DTD/xhtml1-transitional.dtd">
<html xmlns="http://www.w3.org/1999/xhtml" xml:lang="en" lang="en">
 <head>
  <title>
</title>
<meta http-equiv="Content-Type" content="text/html;charset=utf-8" />
  <meta name='ocr-system' content='tesseract 3.04.00' />
  <meta name='ocr-capabilities' content='ocr_page ocr_carea ocr_par ocr_line ocrx_word'/>
</head>
<body>
  <div class='ocr_page' id='page_1' title='image "./excursusadsibyll00alexuoft_0303.png"; bbox 0 0 1752 3495; ppageno 0'>
   <div class='ocr_carea' id='block_1_1' title="bbox 164 264 1045 318">
    <p class='ocr_par' dir='ltr' id='par_1_1' title="bbox 164 264 1045 318">
     <span class='ocr_line' id='line_1_1' title="bbox 164 264 1045 318; baseline 0.009 -9"><span class='ocrx_word' id='word_1_1' title='bbox 164 264 257 310; x_wconf 65' lang='lat'>294</span> <span class='ocrx_word' id='word_1_2' title='bbox 748 272 930 318; x_wconf 77' lang='lat' dir='ltr'><strong>APPEN</strong></span> <span class='ocrx_word' id='word_1_3' title='bbox 941 272 1045 317; x_wconf 78' lang='lat' dir='ltr'>mx</span> 
     </span>
    </p>
   </div>
   <div class='ocr_carea' id='block_1_2' title="bbox 137 359 1663 3002">
    <p class='ocr_par' dir='ltr' id='par_1_2' title="bbox 137 359 1663 548">
     <span class='ocr_line' id='line_1_2' title="bbox 163 359 1630 419; baseline 0.006 -22"><span class='ocrx_word' id='word_1_4' title='bbox 163 376 179 393; x_wconf 78' lang='grc' dir='ltr'>ι</span> <span class='ocrx_word' id='word_1_5' title='bbox 198 359 367 401; x_wconf 78' lang='lat' dir='ltr'><strong>Gloriam</strong></span> <span class='ocrx_word' id='word_1_6' title='bbox 391 363 607 405; x_wconf 86' lang='lat' dir='ltr'>Siculorum</span> <span class='ocrx_word' id='word_1_7' title='bbox 626 368 861 416; x_wconf 79' lang='lat' dir='ltr'>annullabit,</span> <span class='ocrx_word' id='word_1_8' title='bbox 891 367 1014 406; x_wconf 77' lang='lat' dir='ltr'>donec</span> <span class='ocrx_word' id='word_1_9' title='bbox 1039 374 1116 405; x_wconf 83' lang='lat' dir='ltr'>tres</span> <span class='ocrx_word' id='word_1_10' title='bbox 1151 363 1267 419; x_wconf 78' lang='lat' dir='ltr'>pedes</span> <span class='ocrx_word' id='word_1_11' title='bbox 1303 364 1537 417; x_wconf 84' lang='lat' dir='ltr'>pollicesque</span> <span class='ocrx_word' id='word_1_12' title='bbox 1564 379 1630 406; x_wconf 80' lang='lat' dir='ltr'>sex</span> 
     </span>
     <span class='ocr_line' id='line_1_3' title="bbox 137 424 1663 490; baseline 0.005 -27"><span class='ocrx_word' id='word_1_13' title='bbox 137 482 145 490; x_wconf 30' lang='grc' dir='ltr'>ι</span> <span class='ocrx_word' id='word_1_14' title='bbox 161 442 178 458; x_wconf 75' lang='grc' dir='ltr'>ι</span> <span class='ocrx_word' id='word_1_15' title='bbox 195 424 289 476; x_wconf 82' lang='lat' dir='ltr'>[tres</span> <span class='ocrx_word' id='word_1_16' title='bbox 304 428 394 466; x_wconf 87' lang='lat' dir='ltr'>anni</span> <span class='ocrx_word' id='word_1_17' title='bbox 413 441 501 468; x_wconf 87' lang='lat' dir='ltr'>cum</span> <span class='ocrx_word' id='word_1_18' title='bbox 526 430 704 484; x_wconf 87' lang='lat' dir='ltr'>dimidio]</span> <span class='ocrx_word' id='word_1_19' title='bbox 729 439 1056 472; x_wconf 83' lang='lat' dir='ltr'>consummentur.</span> <span class='ocrx_word' id='word_1_20' title='bbox 1079 432 1220 471; x_wconf 78' lang='lat' dir='ltr'>Oculos</span> <span class='ocrx_word' id='word_1_21' title='bbox 1247 428 1328 481; x_wconf 83' lang='lat' dir='ltr'>ejus</span> <span class='ocrx_word' id='word_1_22' title='bbox 1354 429 1492 481; x_wconf 79' lang='lat' dir='ltr'>gallina</span> <span class='ocrx_word' id='word_1_23' title='bbox 1512 430 1630 482; x_wconf 86' lang='lat' dir='ltr'>[con-</span> <span class='ocrx_word' id='word_1_24' title='bbox 1652 425 1663 432; x_wconf 58' lang='lat'><strong>⁴</strong></span> 
     </span>
     <span class='ocr_line' id='line_1_4' title="bbox 160 489 874 548; baseline 0.01 -20"><span class='ocrx_word' id='word_1_25' title='bbox 160 505 177 522; x_wconf 77' lang='grc' dir='ltr'>ι</span> <span class='ocrx_word' id='word_1_26' title='bbox 195 489 349 543; x_wconf 81' lang='lat' dir='ltr'>stantia]</span> <span class='ocrx_word' id='word_1_27' title='bbox 366 492 520 532; x_wconf 84' lang='lat' dir='ltr'>claudet</span> <span class='ocrx_word' id='word_1_28' title='bbox 538 496 838 548; x_wconf 83' lang='lat' dir='ltr'>supprimetque.</span> <span class='ocrx_word' id='word_1_29' title='bbox 859 513 874 530; x_wconf 76' lang='grc' dir='ltr'><strong>υ</strong></span> 
     </span>
    </p>

    <p class='ocr_par' dir='ltr' id='par_1_3' title="bbox 155 555 1637 1451">
     <span class='ocr_line' id='line_1_5' title="bbox 213 555 1632 611; baseline 0.004 -19"><span class='ocrx_word' id='word_1_30' title='bbox 213 571 230 587; x_wconf 80' lang='grc' dir='ltr'>ι</span> <span class='ocrx_word' id='word_1_31' title='bbox 250 555 345 593; x_wconf 88' lang='lat' dir='ltr'>Post</span> <span class='ocrx_word' id='word_1_32' title='bbox 361 555 440 594; x_wconf 85' lang='lat' dir='ltr'>haec</span> <span class='ocrx_word' id='word_1_33' title='bbox 457 566 585 597; x_wconf 82' lang='lat' dir='ltr'>autem</span> <span class='ocrx_word' id='word_1_34' title='bbox 606 573 691 598; x_wconf 89' lang='lat' dir='ltr'>cum</span> <span class='ocrx_word' id='word_1_35' title='bbox 711 560 875 611; x_wconf 83' lang='lat' dir='ltr'>aquilam</span> <span class='ocrx_word' id='word_1_36' title='bbox 897 559 1169 598; x_wconf 77' lang='lat' dir='ltr'>obtenebrabit</span> <span class='ocrx_word' id='word_1_37' title='bbox 1184 558 1315 596; x_wconf 84' lang='lat' dir='ltr'>hircus</span> <span class='ocrx_word' id='word_1_38' title='bbox 1334 556 1483 609; x_wconf 83' lang='lat' dir='ltr'>[rursus</span> <span class='ocrx_word' id='word_1_39' title='bbox 1504 557 1552 595; x_wconf 82' lang='lat' dir='ltr'>ad</span> <span class='ocrx_word' id='word_1_40' title='bbox 1573 572 1632 597; x_wconf 82' lang='lat' dir='ltr'>res</span> 
     </span>
     <span class='ocr_line' id='line_1_6' title="bbox 160 618 1631 676; baseline 0.002 -19"><span class='ocrx_word' id='word_1_41' title='bbox 160 618 423 668; x_wconf 82' lang='lat' dir='ltr'>·Byzantinas</span> <span class='ocrx_word' id='word_1_42' title='bbox 454 635 571 674; x_wconf 84' lang='lat' dir='ltr'>supra</span> <span class='ocrx_word' id='word_1_43' title='bbox 599 623 832 674; x_wconf 86' lang='lat' dir='ltr'>interruptas</span> <span class='ocrx_word' id='word_1_44' title='bbox 861 623 1070 676; x_wconf 80' lang='lat' dir='ltr'>redimus],</span> <span class='ocrx_word' id='word_1_45' title='bbox 1104 622 1330 675; x_wconf 87' lang='lat' dir='ltr'>pullumque</span> <span class='ocrx_word' id='word_1_46' title='bbox 1362 620 1488 672; x_wconf 85' lang='lat' dir='ltr'>abiget</span> <span class='ocrx_word' id='word_1_47' title='bbox 1516 620 1631 673; x_wconf 86' lang='lat' dir='ltr'>[idem</span> 
     </span>
     <span class='ocr_line' id='line_1_7' title="bbox 161 682 1629 738; baseline 0.003 -19"><span class='ocrx_word' id='word_1_48' title='bbox 161 699 178 715; x_wconf 71' lang='lat' dir='ltr'>a·</span> <span class='ocrx_word' id='word_1_49' title='bbox 195 682 301 732; x_wconf 88' lang='lat' dir='ltr'>quod</span> <span class='ocrx_word' id='word_1_50' title='bbox 323 697 441 736; x_wconf 81' lang='lat' dir='ltr'>supra</span> <span class='ocrx_word' id='word_1_51' title='bbox 463 686 512 725; x_wconf 80' lang='lat' dir='ltr'>de</span> <span class='ocrx_word' id='word_1_52' title='bbox 539 688 759 738; x_wconf 85' lang='lat' dir='ltr'>Byzantinae</span> <span class='ocrx_word' id='word_1_53' title='bbox 782 688 876 726; x_wconf 63' lang='lat' dir='ltr'>aul-‘e</span> <span class='ocrx_word' id='word_1_54' title='bbox 902 688 1053 727; x_wconf 81' lang='lat' dir='ltr'>vicibus</span> <span class='ocrx_word' id='word_1_55' title='bbox 1089 700 1228 726; x_wconf 79' lang='lat' dir='ltr'>rursus</span> <span class='ocrx_word' id='word_1_56' title='bbox 1255 683 1464 738; x_wconf 79' lang='lat' dir='ltr'>intellige],</span> <span class='ocrx_word' id='word_1_57' title='bbox 1498 699 1629 724; x_wconf 86' lang='lat' dir='ltr'>ascen-</span> 
     </span>
     <span class='ocr_line' id='line_1_8' title="bbox 159 746 1631 803; baseline 0.003 -19"><span class='ocrx_word' id='word_1_58' title='bbox 159 763 175 779; x_wconf 82' lang='lat'>·</span> <span class='ocrx_word' id='word_1_59' title='bbox 194 746 286 785; x_wconf 88' lang='lat' dir='ltr'>dent</span> <span class='ocrx_word' id='word_1_60' title='bbox 315 748 355 786; x_wconf 92' lang='lat' dir='ltr'>in</span> <span class='ocrx_word' id='word_1_61' title='bbox 386 760 591 802; x_wconf 81' lang='lat' dir='ltr'>conspectu</span> <span class='ocrx_word' id='word_1_62' title='bbox 616 751 798 790; x_wconf 83' lang='lat' dir='ltr'>Altissimi</span> <span class='ocrx_word' id='word_1_63' title='bbox 823 753 997 803; x_wconf 85' lang='lat' dir='ltr'>Byzantii</span> <span class='ocrx_word' id='word_1_64' title='bbox 1027 753 1169 791; x_wconf 79' lang='lat' dir='ltr'>scelera</span> <span class='ocrx_word' id='word_1_65' title='bbox 1192 765 1201 789; x_wconf 92' lang='lat'><strong>:</strong></span> <span class='ocrx_word' id='word_1_66' title='bbox 1223 750 1461 789; x_wconf 84' lang='lat' dir='ltr'>tremendum</span> <span class='ocrx_word' id='word_1_67' title='bbox 1490 762 1631 788; x_wconf 81' lang='lat' dir='ltr'>numen</span> 
     </span>
     <span class='ocr_line' id='line_1_9' title="bbox 160 812 1631 868; baseline 0.003 -19"><span class='ocrx_word' id='word_1_68' title='bbox 160 812 358 852; x_wconf 70' lang='lat' dir='ltr'>nessusum</span> <span class='ocrx_word' id='word_1_69' title='bbox 387 816 606 867; x_wconf 80' lang='lat' dir='ltr'>sanguinem</span> <span class='ocrx_word' id='word_1_70' title='bbox 635 825 673 854; x_wconf 91' lang='lat' dir='ltr'>et</span> <span class='ocrx_word' id='word_1_71' title='bbox 695 817 827 868; x_wconf 82' lang='lat' dir='ltr'>physis</span> <span class='ocrx_word' id='word_1_72' title='bbox 857 817 1131 856; x_wconf 77' lang='lat' dir='ltr'>offendiculum</span> <span class='ocrx_word' id='word_1_73' title='bbox 1157 814 1464 862; x_wconf 63' lang='lat' dir='ltr'>abominabunt-3</span> <span class='ocrx_word' id='word_1_74' title='bbox 1492 823 1527 852; x_wconf 89' lang='lat' dir='ltr'>et</span> <span class='ocrx_word' id='word_1_75' title='bbox 1547 816 1631 853; x_wconf 86' lang='lat' dir='ltr'>reli-</span> 
     </span>
     <span class='ocr_line' id='line_1_10' title="bbox 160 872 1634 933; baseline 0.003 -19"><span class='ocrx_word' id='word_1_76' title='bbox 160 894 175 909; x_wconf 87' lang='lat'><strong>·</strong></span> <span class='ocrx_word' id='word_1_77' title='bbox 193 877 293 928; x_wconf 81' lang='lat' dir='ltr'>quiae</span> <span class='ocrx_word' id='word_1_78' title='bbox 318 879 590 918; x_wconf 78' lang='lat' dir='ltr'>destructionis</span> <span class='ocrx_word' id='word_1_79' title='bbox 615 881 694 919; x_wconf 87' lang='lat' dir='ltr'>ursi</span> <span class='ocrx_word' id='word_1_80' title='bbox 718 882 959 933; x_wconf 76' lang='lat' dir='ltr'>septuaginta</span> <span class='ocrx_word' id='word_1_81' title='bbox 989 882 1105 933; x_wconf 84' lang='lat' dir='ltr'>pedes</span> <span class='ocrx_word' id='word_1_82' title='bbox 1136 872 1208 933; x_wconf 84' lang='lat' dir='ltr'>[al.¹</span> <span class='ocrx_word' id='word_1_83' title='bbox 1224 881 1389 933; x_wconf 87' lang='lat' dir='ltr'>pedum,</span> <span class='ocrx_word' id='word_1_84' title='bbox 1413 888 1451 917; x_wconf 89' lang='lat' dir='ltr'>et</span> <span class='ocrx_word' id='word_1_85' title='bbox 1474 879 1634 919; x_wconf 78' lang='lat' dir='ltr'>sortasse</span> 
     </span>
     <span class='ocr_line' id='line_1_11' title="bbox 160 942 1630 997; baseline 0.002 -18"><span class='ocrx_word' id='word_1_86' title='bbox 160 960 175 974; x_wconf 72' lang='grc' dir='ltr'>σι</span> <span class='ocrx_word' id='word_1_87' title='bbox 194 942 394 993; x_wconf 80' lang='lat' dir='ltr'>legendum</span> <span class='ocrx_word' id='word_1_88' title='bbox 411 945 604 995; x_wconf 81' lang='lat' dir='ltr'>sexaginta</span> <span class='ocrx_word' id='word_1_89' title='bbox 618 974 628 993; x_wconf 90' lang='lat'>,</span> <span class='ocrx_word' id='word_1_90' title='bbox 649 955 691 984; x_wconf 88' lang='lat' dir='ltr'>ut</span> <span class='ocrx_word' id='word_1_91' title='bbox 712 960 830 997; x_wconf 86' lang='lat' dir='ltr'>snpra</span> <span class='ocrx_word' id='word_1_92' title='bbox 847 946 896 985; x_wconf 81' lang='lat' dir='ltr'>de</span> <span class='ocrx_word' id='word_1_93' title='bbox 916 946 1092 985; x_wconf 80' lang='lat' dir='ltr'>Manuele</span> <span class='ocrx_word' id='word_1_94' title='bbox 1112 946 1310 985; x_wconf 80' lang='lat' dir='ltr'>comneno</span> <span class='ocrx_word' id='word_1_95' title='bbox 1324 972 1336 991; x_wconf 81' lang='lat'>‚</span> <span class='ocrx_word' id='word_1_96' title='bbox 1361 944 1470 995; x_wconf 84' lang='lat' dir='ltr'>eujus</span> <span class='ocrx_word' id='word_1_97' title='bbox 1488 944 1552 982; x_wconf 83' lang='lat' dir='ltr'>hic</span> <span class='ocrx_word' id='word_1_98' title='bbox 1572 954 1630 995; x_wconf 76' lang='lat' dir='ltr'>ge·</span> 
     </span>
     <span class='ocr_line' id='line_1_12' title="bbox 161 1006 1631 1062; baseline 0.001 -19"><span class='ocrx_word' id='word_1_99' title='bbox 161 1023 178 1039; x_wconf 77' lang='grc' dir='ltr'>ι</span> <span class='ocrx_word' id='word_1_100' title='bbox 196 1020 267 1044; x_wconf 85' lang='lat' dir='ltr'>nus</span> <span class='ocrx_word' id='word_1_101' title='bbox 283 1006 469 1061; x_wconf 82' lang='lat' dir='ltr'>innuitur]</span> <span class='ocrx_word' id='word_1_102' title='bbox 497 1009 714 1048; x_wconf 84' lang='lat' dir='ltr'>conducent</span> <span class='ocrx_word' id='word_1_103' title='bbox 733 1023 803 1062; x_wconf 82' lang='lat' dir='ltr'>per</span> <span class='ocrx_word' id='word_1_104' title='bbox 819 1023 938 1062; x_wconf 84' lang='lat' dir='ltr'>aquas</span> <span class='ocrx_word' id='word_1_105' title='bbox 963 1010 1176 1050; x_wconf 65' lang='lat' dir='ltr'>Adriatic-as</span> <span class='ocrx_word' id='word_1_106' title='bbox 1203 1011 1320 1047; x_wconf 82' lang='lat' dir='ltr'>lilium</span> <span class='ocrx_word' id='word_1_107' title='bbox 1343 1009 1478 1060; x_wconf 81' lang='lat' dir='ltr'>aquilae</span> <span class='ocrx_word' id='word_1_108' title='bbox 1506 1017 1543 1046; x_wconf 90' lang='lat' dir='ltr'>et</span> <span class='ocrx_word' id='word_1_109' title='bbox 1566 1022 1631 1059; x_wconf 90' lang='lat' dir='ltr'>po-</span> 
     </span>
     <span class='ocr_line' id='line_1_13' title="bbox 159 1073 1630 1126; baseline 0.001 -18"><span class='ocrx_word' id='word_1_110' title='bbox 159 1088 175 1104; x_wconf 74' lang='lat' dir='ltr'>c·</span> <span class='ocrx_word' id='word_1_111' title='bbox 196 1079 346 1109; x_wconf 85' lang='lat' dir='ltr'>testates</span> <span class='ocrx_word' id='word_1_112' title='bbox 365 1073 613 1124; x_wconf 87' lang='lat' dir='ltr'>paucissimas</span> <span class='ocrx_word' id='word_1_113' title='bbox 628 1074 774 1126; x_wconf 83' lang='lat' dir='ltr'>[rursus</span> <span class='ocrx_word' id='word_1_114' title='bbox 791 1081 966 1126; x_wconf 85' lang='lat' dir='ltr'>quartam</span> <span class='ocrx_word' id='word_1_115' title='bbox 988 1089 1152 1126; x_wconf 81' lang='lat' dir='ltr'>agnosce</span> <span class='ocrx_word' id='word_1_116' title='bbox 1170 1075 1454 1126; x_wconf 76' lang='lat' dir='ltr'>crucigeroruin</span> <span class='ocrx_word' id='word_1_117' title='bbox 1473 1073 1630 1124; x_wconf 81' lang='lat' dir='ltr'>expedi-</span> 
     </span>
     <span class='ocr_line' id='line_1_14' title="bbox 160 1136 1637 1193; baseline 0.003 -22"><span class='ocrx_word' id='word_1_118' title='bbox 160 1152 178 1169; x_wconf 77' lang='lat'><strong>·</strong></span> <span class='ocrx_word' id='word_1_119' title='bbox 196 1136 353 1188; x_wconf 88' lang='lat' dir='ltr'>tionem]</span> <span class='ocrx_word' id='word_1_120' title='bbox 370 1150 596 1189; x_wconf 80' lang='lat' dir='ltr'>sponsaeque</span> <span class='ocrx_word' id='word_1_121' title='bbox 613 1138 712 1176; x_wconf 85' lang='lat' dir='ltr'>latus</span> <span class='ocrx_word' id='word_1_122' title='bbox 727 1139 929 1191; x_wconf 86' lang='lat' dir='ltr'>[incertum</span> <span class='ocrx_word' id='word_1_123' title='bbox 947 1152 1025 1190; x_wconf 88' lang='lat' dir='ltr'>quo</span> <span class='ocrx_word' id='word_1_124' title='bbox 1042 1139 1080 1177; x_wconf 86' lang='lat' dir='ltr'>id</span> <span class='ocrx_word' id='word_1_125' title='bbox 1100 1137 1309 1193; x_wconf 83' lang='lat' dir='ltr'>respiciat].</span> <span class='ocrx_word' id='word_1_126' title='bbox 1332 1139 1377 1177; x_wconf 84' lang='lat' dir='ltr'>Et</span> <span class='ocrx_word' id='word_1_127' title='bbox 1404 1151 1488 1176; x_wconf 77' lang='lat' dir='ltr'>cuin</span> <span class='ocrx_word' id='word_1_128' title='bbox 1512 1139 1637 1189; x_wconf 80' lang='lat' dir='ltr'>pullus</span> 
     </span>
     <span class='ocr_line' id='line_1_15' title="bbox 162 1199 1632 1255; baseline 0.003 -19"><span class='ocrx_word' id='word_1_129' title='bbox 162 1216 178 1232; x_wconf 75' lang='lat' dir='ltr'>a</span> <span class='ocrx_word' id='word_1_130' title='bbox 194 1199 345 1239; x_wconf 82' lang='lat' dir='ltr'>vorabit</span> <span class='ocrx_word' id='word_1_131' title='bbox 361 1214 492 1240; x_wconf 83' lang='lat' dir='ltr'>ursum</span> <span class='ocrx_word' id='word_1_132' title='bbox 509 1202 583 1254; x_wconf 87' lang='lat' dir='ltr'>[an</span> <span class='ocrx_word' id='word_1_133' title='bbox 603 1203 750 1254; x_wconf 87' lang='lat' dir='ltr'>potius,</span> <span class='ocrx_word' id='word_1_134' title='bbox 774 1217 891 1254; x_wconf 90' lang='lat' dir='ltr'>quum</span> <span class='ocrx_word' id='word_1_135' title='bbox 912 1204 1060 1255; x_wconf 85' lang='lat' dir='ltr'>pullum</span> <span class='ocrx_word' id='word_1_136' title='bbox 1082 1203 1255 1242; x_wconf 78' lang='lat' dir='ltr'>Alexium</span> <span class='ocrx_word' id='word_1_137' title='bbox 1278 1202 1464 1253; x_wconf 67' lang='lat' dir='ltr'>Angelum</span> <span class='ocrx_word' id='word_1_138' title='bbox 1487 1201 1632 1240; x_wconf 81' lang='lat' dir='ltr'>vorabit</span> 
     </span>
     <span class='ocr_line' id='line_1_16' title="bbox 158 1263 1632 1319; baseline 0.002 -18"><span class='ocrx_word' id='word_1_139' title='bbox 158 1281 175 1297; x_wconf 72' lang='grc' dir='ltr'>ι</span> <span class='ocrx_word' id='word_1_140' title='bbox 192 1263 322 1302; x_wconf 85' lang='lat' dir='ltr'>hircus</span> <span class='ocrx_word' id='word_1_141' title='bbox 346 1266 503 1304; x_wconf 81' lang='lat' dir='ltr'>Alexius</span> <span class='ocrx_word' id='word_1_142' title='bbox 527 1267 705 1319; x_wconf 83' lang='lat' dir='ltr'>Ducas?]</span> <span class='ocrx_word' id='word_1_143' title='bbox 736 1277 920 1306; x_wconf 85' lang='lat' dir='ltr'>corruent</span> <span class='ocrx_word' id='word_1_144' title='bbox 940 1269 978 1306; x_wconf 90' lang='lat' dir='ltr'>in</span> <span class='ocrx_word' id='word_1_145' title='bbox 1009 1269 1248 1319; x_wconf 81' lang='lat' dir='ltr'>Byzantium,</span> <span class='ocrx_word' id='word_1_146' title='bbox 1275 1268 1391 1305; x_wconf 83' lang='lat' dir='ltr'>decus</span> <span class='ocrx_word' id='word_1_147' title='bbox 1411 1275 1447 1305; x_wconf 87' lang='lat' dir='ltr'>et</span> <span class='ocrx_word' id='word_1_148' title='bbox 1476 1267 1632 1318; x_wconf 73' lang='lat' dir='ltr'>gloriam</span> 
     </span>
     <span class='ocr_line' id='line_1_17' title="bbox 155 1329 1636 1388; baseline 0.003 -23"><span class='ocrx_word' id='word_1_149' title='bbox 155 1346 172 1364; x_wconf 69' lang='lat' dir='ltr'>a</span> <span class='ocrx_word' id='word_1_150' title='bbox 190 1329 427 1370; x_wconf 83' lang='lat' dir='ltr'>subvertent.</span> <span class='ocrx_word' id='word_1_151' title='bbox 446 1332 589 1384; x_wconf 79' lang='lat' dir='ltr'>{inpius</span> <span class='ocrx_word' id='word_1_152' title='bbox 608 1333 859 1372; x_wconf 85' lang='lat' dir='ltr'>devorabitur</span> <span class='ocrx_word' id='word_1_153' title='bbox 878 1331 939 1388; x_wconf 84' lang='lat' dir='ltr'>[al.</span> <span class='ocrx_word' id='word_1_154' title='bbox 955 1334 1074 1385; x_wconf 76' lang='lat' dir='ltr'>ipsius</span> <span class='ocrx_word' id='word_1_155' title='bbox 1094 1333 1362 1385; x_wconf 74' lang='lat' dir='ltr'>‹lenigrabitur</span> <span class='ocrx_word' id='word_1_156' title='bbox 1381 1331 1553 1383; x_wconf 83' lang='lat' dir='ltr'>anrum],</span> <span class='ocrx_word' id='word_1_157' title='bbox 1572 1346 1636 1370; x_wconf 90' lang='lat' dir='ltr'>au-</span> 
     </span>
     <span class='ocr_line' id='line_1_18' title="bbox 160 1397 1294 1451; baseline 0.004 -19"><span class='ocrx_word' id='word_1_158' title='bbox 160 1413 175 1428; x_wconf 83' lang='lat'><strong>·</strong></span> <span class='ocrx_word' id='word_1_159' title='bbox 194 1408 278 1433; x_wconf 85' lang='lat' dir='ltr'>rum</span> <span class='ocrx_word' id='word_1_160' title='bbox 298 1404 470 1435; x_wconf 89' lang='lat' dir='ltr'>sanctum</span> <span class='ocrx_word' id='word_1_161' title='bbox 492 1397 804 1449; x_wconf 86' lang='lat' dir='ltr'>prophanabitnr</span> <span class='ocrx_word' id='word_1_162' title='bbox 819 1399 873 1451; x_wconf 89' lang='lat' dir='ltr'>[et</span> <span class='ocrx_word' id='word_1_163' title='bbox 893 1409 1033 1437; x_wconf 76' lang='lat' dir='ltr'>cetera.</span> <span class='ocrx_word' id='word_1_164' title='bbox 1054 1408 1096 1437; x_wconf 86' lang='lat' dir='ltr'>ut</span> <span class='ocrx_word' id='word_1_165' title='bbox 1118 1399 1260 1450; x_wconf 66' lang='lat' dir='ltr'>supra}</span> <span class='ocrx_word' id='word_1_166' title='bbox 1278 1416 1294 1432; x_wconf 68' lang='lat' dir='ltr'>v·</span> 
     </span>
    </p>

    <p class='ocr_par' dir='ltr' id='par_1_4' title="bbox 159 1461 1638 1826">
     <span class='ocr_line' id='line_1_19' title="bbox 214 1461 1634 1518; baseline 0 -19"><span class='ocrx_word' id='word_1_167' title='bbox 214 1479 228 1494; x_wconf 76' lang='grc' dir='ltr'>οι</span> <span class='ocrx_word' id='word_1_168' title='bbox 246 1461 408 1500; x_wconf 85' lang='lat' dir='ltr'>Venient</span> <span class='ocrx_word' id='word_1_169' title='bbox 433 1462 472 1500; x_wconf 90' lang='lat' dir='ltr'>in</span> <span class='ocrx_word' id='word_1_170' title='bbox 498 1463 703 1514; x_wconf 77' lang='lat' dir='ltr'>postremis</span> <span class='ocrx_word' id='word_1_171' title='bbox 726 1463 862 1502; x_wconf 88' lang='lat' dir='ltr'>diebus</span> <span class='ocrx_word' id='word_1_172' title='bbox 887 1464 973 1502; x_wconf 84' lang='lat' dir='ltr'>duae</span> <span class='ocrx_word' id='word_1_173' title='bbox 1000 1464 1117 1502; x_wconf 81' lang='lat' dir='ltr'>stellae</span> <span class='ocrx_word' id='word_1_174' title='bbox 1142 1462 1245 1518; x_wconf 82' lang='lat' dir='ltr'>[duo</span> <span class='ocrx_word' id='word_1_175' title='bbox 1269 1463 1412 1501; x_wconf 84' lang='lat' dir='ltr'>scilicet</span> <span class='ocrx_word' id='word_1_176' title='bbox 1443 1475 1549 1513; x_wconf 80' lang='lat' dir='ltr'>reges</span> <span class='ocrx_word' id='word_1_177' title='bbox 1569 1475 1634 1499; x_wconf 81' lang='lat' dir='ltr'>seu</span> 
     </span>
     <span class='ocr_line' id='line_1_20' title="bbox 162 1526 1629 1579; baseline 0.003 -16"><span class='ocrx_word' id='word_1_178' title='bbox 162 1542 178 1557; x_wconf 73' lang='grc' dir='ltr'><em>α</em></span> <span class='ocrx_word' id='word_1_179' title='bbox 198 1526 412 1578; x_wconf 85' lang='lat' dir='ltr'>prophetae,</span> <span class='ocrx_word' id='word_1_180' title='bbox 435 1528 482 1566; x_wconf 83' lang='lat' dir='ltr'>de</span> <span class='ocrx_word' id='word_1_181' title='bbox 496 1528 636 1579; x_wconf 89' lang='lat' dir='ltr'>quibus</span> <span class='ocrx_word' id='word_1_182' title='bbox 652 1529 786 1567; x_wconf 77' lang='lat' dir='ltr'>confer</span> <span class='ocrx_word' id='word_1_183' title='bbox 803 1530 906 1568; x_wconf 89' lang='lat' dir='ltr'>Lact.</span> <span class='ocrx_word' id='word_1_184' title='bbox 927 1529 1010 1573; x_wconf 80' lang='lat' dir='ltr'>vu,</span> <span class='ocrx_word' id='word_1_185' title='bbox 1033 1530 1094 1579; x_wconf 80' lang='lat'>16,</span> <span class='ocrx_word' id='word_1_186' title='bbox 1120 1542 1191 1579; x_wconf 88' lang='lat' dir='ltr'>sq-.‚</span> <span class='ocrx_word' id='word_1_187' title='bbox 1209 1537 1246 1566; x_wconf 85' lang='lat' dir='ltr'>et</span> <span class='ocrx_word' id='word_1_188' title='bbox 1270 1541 1340 1565; x_wconf 86' lang='lat' dir='ltr'>nos</span> <span class='ocrx_word' id='word_1_189' title='bbox 1358 1528 1395 1564; x_wconf 91' lang='lat' dir='ltr'>iu</span> <span class='ocrx_word' id='word_1_190' title='bbox 1418 1528 1507 1565; x_wconf 84' lang='lat' dir='ltr'>Exc.</span> <span class='ocrx_word' id='word_1_191' title='bbox 1525 1526 1629 1577; x_wconf 59' lang='grc' dir='ltr'><strong>γη...</strong></span> 
     </span>
     <span class='ocr_line' id='line_1_21' title="bbox 161 1586 1636 1646; baseline -0.001 -17"><span class='ocrx_word' id='word_1_192' title='bbox 161 1608 177 1624; x_wconf 72' lang='grc' dir='ltr'>ι</span> <span class='ocrx_word' id='word_1_193' title='bbox 196 1591 246 1629; x_wconf 81' lang='lat' dir='ltr'>Et</span> <span class='ocrx_word' id='word_1_194' title='bbox 272 1591 397 1629; x_wconf 86' lang='lat' dir='ltr'>veniet</span> <span class='ocrx_word' id='word_1_195' title='bbox 424 1593 552 1643; x_wconf 89' lang='lat' dir='ltr'>aquila</span> <span class='ocrx_word' id='word_1_196' title='bbox 583 1592 729 1631; x_wconf 80' lang='lat' dir='ltr'>habens</span> <span class='ocrx_word' id='word_1_197' title='bbox 758 1602 874 1646; x_wconf 84' lang='lat' dir='ltr'>capnt</span> <span class='ocrx_word' id='word_1_198' title='bbox 902 1586 1021 1632; x_wconf 84' lang='lat' dir='ltr'>unum</span> <span class='ocrx_word' id='word_1_199' title='bbox 1055 1603 1093 1632; x_wconf 90' lang='lat' dir='ltr'>et</span> <span class='ocrx_word' id='word_1_200' title='bbox 1127 1593 1242 1645; x_wconf 85' lang='lat' dir='ltr'>pedes</span> <span class='ocrx_word' id='word_1_201' title='bbox 1280 1592 1495 1642; x_wconf 76' lang='lat' dir='ltr'>sexaginta,</span> <span class='ocrx_word' id='word_1_202' title='bbox 1531 1591 1636 1642; x_wconf 82' lang='lat' dir='ltr'>cujus</span> 
     </span>
     <span class='ocr_line' id='line_1_22' title="bbox 160 1654 1638 1709; baseline 0 -17"><span class='ocrx_word' id='word_1_203' title='bbox 160 1673 175 1688; x_wconf 71' lang='lat' dir='ltr'>e«</span> <span class='ocrx_word' id='word_1_204' title='bbox 195 1655 304 1693; x_wconf 85' lang='lat' dir='ltr'>color</span> <span class='ocrx_word' id='word_1_205' title='bbox 318 1656 415 1694; x_wconf 70' lang='lat' dir='ltr'>sicut</span> <span class='ocrx_word' id='word_1_206' title='bbox 438 1656 563 1708; x_wconf 89' lang='lat' dir='ltr'>pardi,</span> <span class='ocrx_word' id='word_1_207' title='bbox 583 1666 716 1709; x_wconf 90' lang='lat' dir='ltr'>pectus</span> <span class='ocrx_word' id='word_1_208' title='bbox 735 1658 831 1696; x_wconf 88' lang='lat' dir='ltr'>sicut</span> <span class='ocrx_word' id='word_1_209' title='bbox 850 1658 994 1708; x_wconf 78' lang='lat' dir='ltr'>vulpis,</span> <span class='ocrx_word' id='word_1_210' title='bbox 1020 1666 1094 1696; x_wconf 88' lang='lat' dir='ltr'>etc.</span> <span class='ocrx_word' id='word_1_211' title='bbox 1111 1675 1127 1692; x_wconf 78' lang='grc' dir='ltr'><strong>υ</strong></span> <span class='ocrx_word' id='word_1_212' title='bbox 1148 1657 1320 1709; x_wconf 70' lang='lat' dir='ltr'>Aliaeque</span> <span class='ocrx_word' id='word_1_213' title='bbox 1347 1657 1476 1694; x_wconf 72' lang='lat' dir='ltr'>multae</span> <span class='ocrx_word' id='word_1_214' title='bbox 1500 1654 1638 1694; x_wconf 83' lang='lat' dir='ltr'>bestia-</span> 
     </span>
     <span class='ocr_line' id='line_1_23' title="bbox 159 1720 1637 1775; baseline 0.001 -18"><span class='ocrx_word' id='word_1_215' title='bbox 159 1733 244 1758; x_wconf 88' lang='lat' dir='ltr'>rum</span> <span class='ocrx_word' id='word_1_216' title='bbox 261 1721 394 1770; x_wconf 78' lang='lat' dir='ltr'>figurae</span> <span class='ocrx_word' id='word_1_217' title='bbox 412 1731 649 1774; x_wconf 86' lang='lat' dir='ltr'>sequuntur,</span> <span class='ocrx_word' id='word_1_218' title='bbox 669 1732 852 1774; x_wconf 84' lang='lat' dir='ltr'>tanquam</span> <span class='ocrx_word' id='word_1_219' title='bbox 873 1737 1007 1775; x_wconf 73' lang='lat' dir='ltr'>regum</span> <span class='ocrx_word' id='word_1_220' title='bbox 1035 1723 1127 1761; x_wconf 88' lang='lat' dir='ltr'>olim</span> <span class='ocrx_word' id='word_1_221' title='bbox 1150 1723 1392 1766; x_wconf 79' lang='lat' dir='ltr'>futurorum,</span> <span class='ocrx_word' id='word_1_222' title='bbox 1415 1720 1479 1759; x_wconf 85' lang='lat' dir='ltr'>sed</span> <span class='ocrx_word' id='word_1_223' title='bbox 1505 1733 1637 1758; x_wconf 79' lang='lat' dir='ltr'>omnes</span> 
     </span>
     <span class='ocr_line' id='line_1_24' title="bbox 159 1787 671 1826; baseline 0.006 -3"><span class='ocrx_word' id='word_1_224' title='bbox 159 1798 268 1824; x_wconf 87' lang='lat' dir='ltr'>vanae</span> <span class='ocrx_word' id='word_1_225' title='bbox 283 1794 323 1824; x_wconf 90' lang='lat' dir='ltr'>et</span> <span class='ocrx_word' id='word_1_226' title='bbox 339 1787 497 1825; x_wconf 89' lang='lat' dir='ltr'>somniis</span> <span class='ocrx_word' id='word_1_227' title='bbox 518 1787 671 1826; x_wconf 89' lang='lat' dir='ltr'>similes.</span> 
     </span>
    </p>

    <p class='ocr_par' dir='ltr' id='par_1_5' title="bbox 156 1851 1634 2099">
     <span class='ocr_line' id='line_1_25' title="bbox 212 1851 1634 1905; baseline -0.003 -14"><span class='ocrx_word' id='word_1_228' title='bbox 212 1869 227 1884; x_wconf 62' lang='grc' dir='ltr'>ι·</span> <span class='ocrx_word' id='word_1_229' title='bbox 248 1853 341 1891; x_wconf 87' lang='lat' dir='ltr'>Post</span> <span class='ocrx_word' id='word_1_230' title='bbox 357 1851 684 1891; x_wconf 85' lang='lat' dir='ltr'>abominationem</span> <span class='ocrx_word' id='word_1_231' title='bbox 701 1854 949 1905; x_wconf 81' lang='lat' dir='ltr'>consequitur</span> <span class='ocrx_word' id='word_1_232' title='bbox 968 1866 1127 1892; x_wconf 75' lang='lat' dir='ltr'>examen</span> <span class='ocrx_word' id='word_1_233' title='bbox 1145 1852 1199 1905; x_wconf 84' lang='lat' dir='ltr'>[id</span> <span class='ocrx_word' id='word_1_234' title='bbox 1216 1859 1291 1903; x_wconf 79' lang='lat' dir='ltr'>est,</span> <span class='ocrx_word' id='word_1_235' title='bbox 1305 1851 1495 1900; x_wconf 81' lang='lat' dir='ltr'>judicium</span> <span class='ocrx_word' id='word_1_236' title='bbox 1511 1858 1634 1889; x_wconf 85' lang='lat' dir='ltr'>extre-</span> 
     </span>
     <span class='ocr_line' id='line_1_26' title="bbox 157 1916 1631 1970; baseline -0.001 -17"><span class='ocrx_word' id='word_1_237' title='bbox 157 1934 174 1950; x_wconf 75' lang='lat'><strong>«</strong></span> <span class='ocrx_word' id='word_1_238' title='bbox 194 1916 325 1968; x_wconf 87' lang='lat' dir='ltr'>mum].</span> <span class='ocrx_word' id='word_1_239' title='bbox 343 1917 460 1967; x_wconf 75' lang='lat' dir='ltr'>Signa</span> <span class='ocrx_word' id='word_1_240' title='bbox 478 1917 706 1970; x_wconf 86' lang='lat' dir='ltr'>praecedent.</span> <span class='ocrx_word' id='word_1_241' title='bbox 726 1918 808 1956; x_wconf 87' lang='lat' dir='ltr'>Erit</span> <span class='ocrx_word' id='word_1_242' title='bbox 823 1920 860 1956; x_wconf 85' lang='lat' dir='ltr'>in</span> <span class='ocrx_word' id='word_1_243' title='bbox 879 1918 1076 1956; x_wconf 85' lang='lat' dir='ltr'>elementis</span> <span class='ocrx_word' id='word_1_244' title='bbox 1093 1926 1261 1970; x_wconf 83' lang='lat' dir='ltr'>quatuor</span> <span class='ocrx_word' id='word_1_245' title='bbox 1277 1925 1385 1955; x_wconf 79' lang='lat' dir='ltr'>extra</span> <span class='ocrx_word' id='word_1_246' title='bbox 1410 1929 1553 1953; x_wconf 86' lang='lat' dir='ltr'>morem</span> <span class='ocrx_word' id='word_1_247' title='bbox 1568 1929 1631 1952; x_wconf 87' lang='lat' dir='ltr'>co-</span> 
     </span>
     <span class='ocr_line' id='line_1_27' title="bbox 160 1980 1634 2034; baseline -0.003 -15"><span class='ocrx_word' id='word_1_248' title='bbox 160 2000 176 2015; x_wconf 76' lang='lat'>«</span> <span class='ocrx_word' id='word_1_249' title='bbox 195 1982 286 2019; x_wconf 83' lang='lat' dir='ltr'>loris</span> <span class='ocrx_word' id='word_1_250' title='bbox 304 1996 516 2034; x_wconf 81' lang='lat' dir='ltr'>cursusque</span> <span class='ocrx_word' id='word_1_251' title='bbox 546 1982 723 2029; x_wconf 87' lang='lat' dir='ltr'>mutatio,</span> <span class='ocrx_word' id='word_1_252' title='bbox 745 1991 836 2029; x_wconf 69' lang='lat' dir='ltr'>etc„</span> <span class='ocrx_word' id='word_1_253' title='bbox 852 1991 921 2022; x_wconf 89' lang='lat' dir='ltr'>etc.</span> <span class='ocrx_word' id='word_1_254' title='bbox 941 2000 956 2016; x_wconf 81' lang='grc' dir='ltr'><strong>υ</strong></span> <span class='ocrx_word' id='word_1_255' title='bbox 977 1981 1139 2033; x_wconf 82' lang='lat' dir='ltr'>Reliqua</span> <span class='ocrx_word' id='word_1_256' title='bbox 1159 1981 1207 2020; x_wconf 79' lang='lat' dir='ltr'>&lt;le</span> <span class='ocrx_word' id='word_1_257' title='bbox 1228 1980 1379 2030; x_wconf 77' lang='lat' dir='ltr'>judicio</span> <span class='ocrx_word' id='word_1_258' title='bbox 1405 1980 1537 2017; x_wconf 81' lang='lat' dir='ltr'>futuro</span> <span class='ocrx_word' id='word_1_259' title='bbox 1558 1992 1634 2016; x_wconf 80' lang='lat' dir='ltr'>ma-</span> 
     </span>
     <span class='ocr_line' id='line_1_28' title="bbox 156 2044 1085 2099; baseline 0.002 -17"><span class='ocrx_word' id='word_1_260' title='bbox 156 2059 268 2097; x_wconf 81' lang='lat' dir='ltr'>guam</span> <span class='ocrx_word' id='word_1_261' title='bbox 286 2056 432 2097; x_wconf 84' lang='lat' dir='ltr'>partem</span> <span class='ocrx_word' id='word_1_262' title='bbox 452 2060 500 2084; x_wconf 85' lang='lat' dir='ltr'>ex</span> <span class='ocrx_word' id='word_1_263' title='bbox 516 2047 754 2099; x_wconf 73' lang='lat' dir='ltr'>Apocalypsi</span> <span class='ocrx_word' id='word_1_264' title='bbox 766 2047 966 2097; x_wconf 85' lang='lat' dir='ltr'>desumpta</span> <span class='ocrx_word' id='word_1_265' title='bbox 987 2044 1085 2084; x_wconf 81' lang='lat' dir='ltr'>su‘nt.</span> 
     </span>
    </p>

    <p class='ocr_par' dir='ltr' id='par_1_6' title="bbox 155 2106 1632 3002">
     <span class='ocr_line' id='line_1_29' title="bbox 214 2106 1629 2162; baseline -0.003 -14"><span class='ocrx_word' id='word_1_266' title='bbox 214 2111 471 2148; x_wconf 83' lang='lat' dir='ltr'>Meminerunt</span> <span class='ocrx_word' id='word_1_267' title='bbox 502 2111 615 2162; x_wconf 82' lang='lat' dir='ltr'>hujus</span> <span class='ocrx_word' id='word_1_268' title='bbox 646 2111 859 2162; x_wconf 76' lang='lat' dir='ltr'>proplietiae</span> <span class='ocrx_word' id='word_1_269' title='bbox 896 2111 1121 2156; x_wconf 78' lang='lat' dir='ltr'>Boccatius,</span> <span class='ocrx_word' id='word_1_270' title='bbox 1150 2107 1198 2147; x_wconf 80' lang='lat' dir='ltr'>de</span> <span class='ocrx_word' id='word_1_271' title='bbox 1231 2108 1353 2147; x_wconf 84' lang='lat' dir='ltr'>Claris</span> <span class='ocrx_word' id='word_1_272' title='bbox 1390 2106 1629 2154; x_wconf 84' lang='lat' dir='ltr'>mulieribus,</span> 
     </span>
     <span class='ocr_line' id='line_1_30' title="bbox 159 2172 1629 2228; baseline -0.003 -14"><span class='ocrx_word' id='word_1_273' title='bbox 159 2189 243 2225; x_wconf 87' lang='lat' dir='ltr'>cap.</span> <span class='ocrx_word' id='word_1_274' title='bbox 266 2190 324 2226; x_wconf 85' lang='lat'>19,</span> <span class='ocrx_word' id='word_1_275' title='bbox 341 2176 483 2227; x_wconf 86' lang='lat' dir='ltr'>aliique</span> <span class='ocrx_word' id='word_1_276' title='bbox 503 2176 644 2228; x_wconf 83' lang='lat' dir='ltr'>plures,</span> <span class='ocrx_word' id='word_1_277' title='bbox 667 2190 801 2227; x_wconf 75' lang='lat' dir='ltr'>parum</span> <span class='ocrx_word' id='word_1_278' title='bbox 821 2184 932 2214; x_wconf 79' lang='lat' dir='ltr'>caute</span> <span class='ocrx_word' id='word_1_279' title='bbox 952 2175 1108 2223; x_wconf 80' lang='lat' dir='ltr'>eruditi,</span> <span class='ocrx_word' id='word_1_280' title='bbox 1130 2174 1276 2212; x_wconf 74' lang='lat' dir='ltr'>saeculis</span> <span class='ocrx_word' id='word_1_281' title='bbox 1305 2172 1516 2224; x_wconf 76' lang='lat' dir='ltr'>praesertim</span> <span class='ocrx_word' id='word_1_282' title='bbox 1537 2172 1629 2216; x_wconf 75' lang='lat' dir='ltr'>xlv.</span> 
     </span>
     <span class='ocr_line' id='line_1_31' title="bbox 158 2235 1632 2291; baseline -0.004 -13"><span class='ocrx_word' id='word_1_283' title='bbox 158 2240 224 2278; x_wconf 81' lang='lat' dir='ltr'>XV</span> <span class='ocrx_word' id='word_1_284' title='bbox 241 2248 278 2277; x_wconf 89' lang='lat' dir='ltr'>et</span> <span class='ocrx_word' id='word_1_285' title='bbox 300 2241 398 2287; x_wconf 75' lang='lat' dir='ltr'><strong>XVI,</strong></span> <span class='ocrx_word' id='word_1_286' title='bbox 421 2249 601 2291; x_wconf 86' lang='lat' dir='ltr'>tanquam</span> <span class='ocrx_word' id='word_1_287' title='bbox 625 2241 857 2279; x_wconf 79' lang='lat' dir='ltr'>authenticae</span> <span class='ocrx_word' id='word_1_288' title='bbox 876 2249 914 2279; x_wconf 91' lang='lat' dir='ltr'>et</span> <span class='ocrx_word' id='word_1_289' title='bbox 937 2253 1037 2279; x_wconf 67' lang='grc' dir='ltr'>νει-ω</span> <span class='ocrx_word' id='word_1_290' title='bbox 1058 2252 1067 2279; x_wconf 75' lang='lat' dir='ltr'>t</span> <span class='ocrx_word' id='word_1_291' title='bbox 1092 2249 1207 2291; x_wconf 85' lang='lat' dir='ltr'>q&#39;uam</span> <span class='ocrx_word' id='word_1_292' title='bbox 1228 2247 1368 2289; x_wconf 83' lang='lat' dir='ltr'>tamen,</span> <span class='ocrx_word' id='word_1_293' title='bbox 1385 2251 1502 2289; x_wconf 86' lang='lat' dir='ltr'>quum</span> <span class='ocrx_word' id='word_1_294' title='bbox 1523 2250 1565 2274; x_wconf 79' lang='lat' dir='ltr'>ex</span> <span class='ocrx_word' id='word_1_295' title='bbox 1589 2235 1632 2272; x_wconf 83' lang='lat' dir='ltr'>iis</span> 
     </span>
     <span class='ocr_line' id='line_1_32' title="bbox 157 2299 1631 2358; baseline -0.003 -17"><span class='ocrx_word' id='word_1_296' title='bbox 157 2317 244 2355; x_wconf 87' lang='lat' dir='ltr'>quae</span> <span class='ocrx_word' id='word_1_297' title='bbox 262 2318 349 2343; x_wconf 81' lang='lat' dir='ltr'>vera</span> <span class='ocrx_word' id='word_1_298' title='bbox 370 2313 408 2343; x_wconf 81' lang='lat' dir='ltr'>et</span> <span class='ocrx_word' id='word_1_299' title='bbox 429 2315 561 2357; x_wconf 82' lang='lat' dir='ltr'>aperte</span> <span class='ocrx_word' id='word_1_300' title='bbox 575 2305 654 2356; x_wconf 86' lang='lat' dir='ltr'>jam</span> <span class='ocrx_word' id='word_1_301' title='bbox 686 2305 783 2344; x_wconf 87' lang='lat' dir='ltr'>sacta</span> <span class='ocrx_word' id='word_1_302' title='bbox 802 2305 990 2358; x_wconf 77' lang='lat' dir='ltr'>praedicit,</span> <span class='ocrx_word' id='word_1_303' title='bbox 1020 2312 1102 2342; x_wconf 89' lang='lat' dir='ltr'>tum</span> <span class='ocrx_word' id='word_1_304' title='bbox 1128 2303 1241 2341; x_wconf 85' lang='lat' dir='ltr'>etiam</span> <span class='ocrx_word' id='word_1_305' title='bbox 1260 2317 1305 2340; x_wconf 81' lang='lat' dir='ltr'>ex</span> <span class='ocrx_word' id='word_1_306' title='bbox 1334 2302 1379 2340; x_wconf 76' lang='lat' dir='ltr'>iis</span> <span class='ocrx_word' id='word_1_307' title='bbox 1396 2315 1481 2352; x_wconf 84' lang='lat' dir='ltr'>quae</span> <span class='ocrx_word' id='word_1_308' title='bbox 1497 2299 1631 2338; x_wconf 81' lang='lat' dir='ltr'>deinde</span> 
     </span>
     <span class='ocr_line' id='line_1_33' title="bbox 158 2366 1627 2421; baseline -0.005 -15"><span class='ocrx_word' id='word_1_309' title='bbox 158 2370 296 2408; x_wconf 86' lang='lat' dir='ltr'>reticet</span> <span class='ocrx_word' id='word_1_310' title='bbox 313 2379 380 2408; x_wconf 90' lang='lat' dir='ltr'>aut</span> <span class='ocrx_word' id='word_1_311' title='bbox 400 2383 486 2421; x_wconf 84' lang='lat' dir='ltr'>quae</span> <span class='ocrx_word' id='word_1_312' title='bbox 511 2369 603 2407; x_wconf 81' lang='lat' dir='ltr'>salsa</span> <span class='ocrx_word' id='word_1_313' title='bbox 628 2379 667 2408; x_wconf 92' lang='lat' dir='ltr'>et</span> <span class='ocrx_word' id='word_1_314' title='bbox 690 2369 858 2408; x_wconf 84' lang='lat' dir='ltr'>absurda</span> <span class='ocrx_word' id='word_1_315' title='bbox 882 2370 919 2407; x_wconf 88' lang='lat' dir='ltr'>in</span> <span class='ocrx_word' id='word_1_316' title='bbox 951 2369 1121 2407; x_wconf 82' lang='lat' dir='ltr'>futurum</span> <span class='ocrx_word' id='word_1_317' title='bbox 1145 2367 1317 2419; x_wconf 80' lang='lat' dir='ltr'>conjicit,</span> <span class='ocrx_word' id='word_1_318' title='bbox 1350 2366 1470 2417; x_wconf 82' lang='lat' dir='ltr'>priori</span> <span class='ocrx_word' id='word_1_319' title='bbox 1495 2377 1627 2414; x_wconf 85' lang='lat' dir='ltr'>suppa-</span> 
     </span>
     <span class='ocr_line' id='line_1_34' title="bbox 159 2427 1628 2486; baseline -0.005 -15"><span class='ocrx_word' id='word_1_320' title='bbox 159 2437 236 2472; x_wconf 76' lang='lat' dir='ltr'>reni</span> <span class='ocrx_word' id='word_1_321' title='bbox 257 2448 336 2472; x_wconf 89' lang='lat' dir='ltr'>esse</span> <span class='ocrx_word' id='word_1_322' title='bbox 353 2447 396 2472; x_wconf 88' lang='lat' dir='ltr'>ac</span> <span class='ocrx_word' id='word_1_323' title='bbox 415 2448 523 2486; x_wconf 77' lang='lat' dir='ltr'>paene</span> <span class='ocrx_word' id='word_1_324' title='bbox 542 2443 788 2482; x_wconf 75' lang='lat' dir='ltr'>coaetaneum,</span> <span class='ocrx_word' id='word_1_325' title='bbox 810 2443 934 2472; x_wconf 84' lang='lat' dir='ltr'>ortam</span> <span class='ocrx_word' id='word_1_326' title='bbox 953 2447 1090 2484; x_wconf 86' lang='lat' dir='ltr'>nempe</span> <span class='ocrx_word' id='word_1_327' title='bbox 1106 2433 1222 2484; x_wconf 88' lang='lat' dir='ltr'>paulo</span> <span class='ocrx_word' id='word_1_328' title='bbox 1243 2439 1330 2482; x_wconf 90' lang='lat' dir='ltr'>post</span> <span class='ocrx_word' id='word_1_329' title='bbox 1354 2430 1558 2469; x_wconf 78' lang='lat' dir='ltr'>llenricum</span> <span class='ocrx_word' id='word_1_330' title='bbox 1580 2427 1628 2464; x_wconf 72' lang='lat' dir='ltr'>V}</span> 
     </span>
     <span class='ocr_line' id='line_1_35' title="bbox 159 2496 1627 2550; baseline -0.003 -15"><span class='ocrx_word' id='word_1_331' title='bbox 159 2499 428 2549; x_wconf 82' lang='lat' dir='ltr'>imperatorem</span> <span class='ocrx_word' id='word_1_332' title='bbox 445 2529 458 2549; x_wconf 84' lang='lat'>‚</span> <span class='ocrx_word' id='word_1_333' title='bbox 474 2499 598 2537; x_wconf 83' lang='lat' dir='ltr'>statim</span> <span class='ocrx_word' id='word_1_334' title='bbox 618 2499 776 2550; x_wconf 72' lang='lat' dir='ltr'>colligat</span> <span class='ocrx_word' id='word_1_335' title='bbox 798 2499 924 2550; x_wconf 85' lang='lat' dir='ltr'>quivis</span> <span class='ocrx_word' id='word_1_336' title='bbox 946 2499 1088 2544; x_wconf 85' lang='lat' dir='ltr'>lector,</span> <span class='ocrx_word' id='word_1_337' title='bbox 1111 2497 1182 2535; x_wconf 89' lang='lat' dir='ltr'>nisi</span> <span class='ocrx_word' id='word_1_338' title='bbox 1211 2496 1315 2548; x_wconf 83' lang='lat' dir='ltr'>quod</span> <span class='ocrx_word' id='word_1_339' title='bbox 1347 2496 1544 2546; x_wconf 84' lang='lat' dir='ltr'>aliquanto</span> <span class='ocrx_word' id='word_1_340' title='bbox 1571 2506 1627 2529; x_wconf 79' lang='lat' dir='ltr'>re-</span> 
     </span>
     <span class='ocr_line' id='line_1_36' title="bbox 157 2559 1628 2614; baseline -0.004 -15"><span class='ocrx_word' id='word_1_341' title='bbox 157 2563 306 2600; x_wconf 83' lang='lat' dir='ltr'>centior</span> <span class='ocrx_word' id='word_1_342' title='bbox 321 2564 428 2614; x_wconf 83' lang='lat' dir='ltr'>argui</span> <span class='ocrx_word' id='word_1_343' title='bbox 454 2563 621 2614; x_wconf 84' lang='lat' dir='ltr'>videtur,</span> <span class='ocrx_word' id='word_1_344' title='bbox 643 2563 734 2614; x_wconf 85' lang='lat' dir='ltr'>qnia</span> <span class='ocrx_word' id='word_1_345' title='bbox 761 2564 946 2601; x_wconf 84' lang='lat' dir='ltr'>nonnulla</span> <span class='ocrx_word' id='word_1_346' title='bbox 967 2563 1162 2614; x_wconf 81' lang='lat' dir='ltr'>posterius</span> <span class='ocrx_word' id='word_1_347' title='bbox 1184 2569 1368 2599; x_wconf 82' lang='lat' dir='ltr'>eventura</span> <span class='ocrx_word' id='word_1_348' title='bbox 1389 2559 1628 2600; x_wconf 75' lang='lat' dir='ltr'>vaticinatur,</span> 
     </span>
     <span class='ocr_line' id='line_1_37' title="bbox 159 2624 1626 2678; baseline -0.005 -14"><span class='ocrx_word' id='word_1_349' title='bbox 159 2635 202 2664; x_wconf 88' lang='lat' dir='ltr'>ut</span> <span class='ocrx_word' id='word_1_350' title='bbox 218 2626 266 2664; x_wconf 85' lang='lat' dir='ltr'>de</span> <span class='ocrx_word' id='word_1_351' title='bbox 289 2626 472 2677; x_wconf 83' lang='lat' dir='ltr'>Byzantio</span> <span class='ocrx_word' id='word_1_352' title='bbox 491 2642 514 2665; x_wconf 81' lang='lat' dir='ltr'>a</span> <span class='ocrx_word' id='word_1_353' title='bbox 531 2628 676 2666; x_wconf 84' lang='lat' dir='ltr'>Latinis</span> <span class='ocrx_word' id='word_1_354' title='bbox 691 2636 819 2678; x_wconf 86' lang='lat' dir='ltr'>capto,</span> <span class='ocrx_word' id='word_1_355' title='bbox 837 2640 938 2665; x_wconf 91' lang='lat' dir='ltr'>anno</span> <span class='ocrx_word' id='word_1_356' title='bbox 962 2631 1074 2671; x_wconf 71' lang='lat'><strong>1204,</strong></span> <span class='ocrx_word' id='word_1_357' title='bbox 1094 2634 1133 2664; x_wconf 87' lang='lat' dir='ltr'>et</span> <span class='ocrx_word' id='word_1_358' title='bbox 1150 2625 1198 2663; x_wconf 87' lang='lat' dir='ltr'>de</span> <span class='ocrx_word' id='word_1_359' title='bbox 1220 2625 1455 2663; x_wconf 76' lang='lat' dir='ltr'>restituendo</span> <span class='ocrx_word' id='word_1_360' title='bbox 1468 2624 1626 2661; x_wconf 76' lang='lat' dir='ltr'>-Graeco-</span> 
     </span>
     <span class='ocr_line' id='line_1_38' title="bbox 159 2684 1626 2742; baseline -0.003 -15"><span class='ocrx_word' id='word_1_361' title='bbox 159 2704 244 2728; x_wconf 80' lang='lat' dir='ltr'>rum</span> <span class='ocrx_word' id='word_1_362' title='bbox 261 2690 435 2742; x_wconf 87' lang='lat' dir='ltr'>imperio,</span> <span class='ocrx_word' id='word_1_363' title='bbox 449 2705 551 2729; x_wconf 81' lang='lat' dir='ltr'>anno</span> <span class='ocrx_word' id='word_1_364' title='bbox 572 2693 683 2731; x_wconf 81' lang='lat'>1261.</span> <span class='ocrx_word' id='word_1_365' title='bbox 705 2693 828 2731; x_wconf 76' lang='lat' dir='ltr'>Porro</span> <span class='ocrx_word' id='word_1_366' title='bbox 845 2692 937 2736; x_wconf 78' lang='lat' dir='ltr'>haec,</span> <span class='ocrx_word' id='word_1_367' title='bbox 955 2691 1057 2729; x_wconf 80' lang='lat' dir='ltr'>dieet</span> <span class='ocrx_word' id='word_1_368' title='bbox 1072 2690 1232 2742; x_wconf 85' lang='lat' dir='ltr'>aliquis,</span> <span class='ocrx_word' id='word_1_369' title='bbox 1251 2689 1448 2741; x_wconf 83' lang='lat' dir='ltr'>quomodo</span> <span class='ocrx_word' id='word_1_370' title='bbox 1478 2684 1626 2738; x_wconf 73' lang='lat' dir='ltr'>praedici</span> 
     </span>
     <span class='ocr_line' id='line_1_39' title="bbox 157 2748 1630 2806; baseline -0.003 -15"><span class='ocrx_word' id='word_1_371' title='bbox 157 2763 385 2805; x_wconf 79' lang='lat' dir='ltr'>potuerunt,</span> <span class='ocrx_word' id='word_1_372' title='bbox 403 2767 521 2803; x_wconf 87' lang='lat' dir='ltr'>quum</span> <span class='ocrx_word' id='word_1_373' title='bbox 546 2755 796 2806; x_wconf 80' lang='lat' dir='ltr'>hujusipsius</span> <span class='ocrx_word' id='word_1_374' title='bbox 814 2755 1029 2806; x_wconf 75' lang='lat' dir='ltr'>prophetiae</span> <span class='ocrx_word' id='word_1_375' title='bbox 1055 2755 1199 2792; x_wconf 84' lang='lat' dir='ltr'>mentio</span> <span class='ocrx_word' id='word_1_376' title='bbox 1227 2755 1302 2801; x_wconf 85' lang='lat' dir='ltr'>liat,</span> <span class='ocrx_word' id='word_1_377' title='bbox 1320 2753 1397 2791; x_wconf 73' lang='lat' dir='ltr'>inno</span> <span class='ocrx_word' id='word_1_378' title='bbox 1415 2754 1492 2804; x_wconf 79' lang='lat' dir='ltr'>ipsa</span> <span class='ocrx_word' id='word_1_379' title='bbox 1515 2748 1630 2787; x_wconf 76' lang='lat' dir='ltr'>verbu</span> 
     </span>
     <span class='ocr_line' id='line_1_40' title="bbox 156 2815 1625 2871; baseline -0.005 -13"><span class='ocrx_word' id='word_1_380' title='bbox 156 2833 365 2871; x_wconf 77' lang='lat' dir='ltr'>sensusque</span> <span class='ocrx_word' id='word_1_381' title='bbox 383 2828 664 2871; x_wconf 82' lang='lat' dir='ltr'>proponantur,</span> <span class='ocrx_word' id='word_1_382' title='bbox 689 2821 725 2858; x_wconf 87' lang='lat' dir='ltr'>in</span> <span class='ocrx_word' id='word_1_383' title='bbox 743 2819 850 2858; x_wconf 82' lang='lat' dir='ltr'>libris</span> <span class='ocrx_word' id='word_1_384' title='bbox 873 2820 1075 2866; x_wconf 60' lang='lat' dir='ltr'>joachimi,</span> <span class='ocrx_word' id='word_1_385' title='bbox 1099 2819 1250 2857; x_wconf 84' lang='lat' dir='ltr'>abbatis</span> <span class='ocrx_word' id='word_1_386' title='bbox 1269 2833 1340 2856; x_wconf 69' lang='lat' dir='ltr'>suu</span> <span class='ocrx_word' id='word_1_387' title='bbox 1367 2827 1536 2867; x_wconf 79' lang='lat' dir='ltr'>tempore</span> <span class='ocrx_word' id='word_1_388' title='bbox 1555 2815 1625 2852; x_wconf 79' lang='lat' dir='ltr'>cla-</span> 
     </span>
     <span class='ocr_line' id='line_1_41' title="bbox 158 2883 1627 2936; baseline -0.005 -14"><span class='ocrx_word' id='word_1_389' title='bbox 158 2885 308 2930; x_wconf 80' lang='lat' dir='ltr'>rissimi,</span> <span class='ocrx_word' id='word_1_390' title='bbox 327 2893 436 2923; x_wconf 85' lang='lat' dir='ltr'>tract.</span> <span class='ocrx_word' id='word_1_391' title='bbox 461 2885 498 2923; x_wconf 89' lang='lat' dir='ltr'>iu</span> <span class='ocrx_word' id='word_1_392' title='bbox 527 2886 691 2924; x_wconf 77' lang='lat' dir='ltr'>nim-em.</span> <span class='ocrx_word' id='word_1_393' title='bbox 708 2899 796 2936; x_wconf 64' lang='grc' dir='ltr'>τεῳ.</span> <span class='ocrx_word' id='word_1_394' title='bbox 815 2886 879 2923; x_wconf 82' lang='lat' dir='ltr'>ult.</span> <span class='ocrx_word' id='word_1_395' title='bbox 899 2885 966 2925; x_wconf 77' lang='lat' dir='ltr'>fol.</span> <span class='ocrx_word' id='word_1_396' title='bbox 989 2887 1052 2933; x_wconf 77' lang='lat'>62,</span> <span class='ocrx_word' id='word_1_397' title='bbox 1068 2884 1126 2923; x_wconf 87' lang='lat' dir='ltr'>ed.</span> <span class='ocrx_word' id='word_1_398' title='bbox 1147 2887 1239 2922; x_wconf 80' lang='lat' dir='ltr'>Ven.</span> <span class='ocrx_word' id='word_1_399' title='bbox 1265 2884 1388 2921; x_wconf 75' lang='lat'>1525?</span> <span class='ocrx_word' id='word_1_400' title='bbox 1414 2883 1533 2927; x_wconf 81' lang='lat' dir='ltr'>Quem</span> <span class='ocrx_word' id='word_1_401' title='bbox 1557 2887 1627 2916; x_wconf 78' lang='lat' dir='ltr'>tra·</span> 
     </span>
     <span class='ocr_line' id='line_1_42' title="bbox 155 2947 1632 3002; baseline -0.006 -14"><span class='ocrx_word' id='word_1_402' title='bbox 155 2959 296 2989; x_wconf 77' lang='lat' dir='ltr'>ctatum</span> <span class='ocrx_word' id='word_1_403' title='bbox 314 2950 484 2989; x_wconf 69' lang='lat' dir='ltr'>uem-ico</span> <span class='ocrx_word' id='word_1_404' title='bbox 497 2961 616 2998; x_wconf 75' lang='lat' dir='ltr'>sexto,</span> <span class='ocrx_word' id='word_1_405' title='bbox 639 2960 750 3002; x_wconf 82' lang='lat' dir='ltr'>atque</span> <span class='ocrx_word' id='word_1_406' title='bbox 771 2951 886 3002; x_wconf 76' lang='lat' dir='ltr'>igitur</span> <span class='ocrx_word' id='word_1_407' title='bbox 905 2959 991 2991; x_wconf 61' lang='lat' dir='ltr'>(tute</span> <span class='ocrx_word' id='word_1_408' title='bbox 1009 2963 1148 2990; x_wconf 74' lang='lat' dir='ltr'>atinum</span> <span class='ocrx_word' id='word_1_409' title='bbox 1175 2963 1187 2987; x_wconf 91' lang='lat'>1</span> <span class='ocrx_word' id='word_1_410' title='bbox 1204 2963 1288 3000; x_wconf 66' lang='lat'>¹972</span> <span class='ocrx_word' id='word_1_411' title='bbox 1309 2947 1532 2998; x_wconf 77' lang='lat' dir='ltr'>inscriptum</span> <span class='ocrx_word' id='word_1_412' title='bbox 1552 2958 1571 2981; x_wconf 85' lang='lat' dir='ltr'>a</span> <span class='ocrx_word' id='word_1_413' title='bbox 1589 2957 1632 2979; x_wconf 63' lang='lat' dir='ltr'>&gt;r</span> 
     </span>
    </p>
   </div>
  </div>
 </body>
</html>
