1752 3495
684 204 994 250 EXCURSUS
1017 207 1107 250 iv.
1508 205 1600 251 263

138 314 355 357 quanquam
398 300 496 338 idem
530 299 667 350 legitur
707 298 901 349 epitheton
942 300 980 337 in
1018 299 1223 339 Clementis
1261 315 1414 353 quoque
1441 301 1601 340 Romani

141 366 300 420 epistola
323 365 354 410 1,
378 365 400 415 §
420 364 481 410 58,
509 361 574 400 ubi
591 363 609 400 6
623 361 869 409 mumdum<
884 362 972 406 Θεὸς
983 372 1153 411 vocatur,
1170 372 1208 401 et
1227 362 1395 415 'ejusdem
1416 365 1603 416 prosapiae

146 429 270 478 verba,
294 426 507 472 παντόπτης,
533 426 735 473 πανόπτης,
760 427 860 477 apud
884 426 1045 478 tragicos
1064 427 1166 465 haud
1187 441 1273 465 rara
1295 438 1394 468 sunt.

194 490 302 538 Quod
335 491 363 527 si
391 489 439 527 ad
467 489 608 528 Sustini
635 488 829 540 dialogum
859 503 945 528 cum
972 490 1186 542 'Tryphone
1216 490 1481 540 deveniamus,
1505 505 1605 543 pau-

143 558 260 598 ciora,
277 552 339 591 sed
364 552 545 590 nonnulla
563 561 688 590 tamen
711 553 763 591 ibi
785 567 940 604 quoque
958 555 1190 605 reperiemus
1213 566 1233 592 a
1258 553 1451 604 Sibyllinis
1468 568 1602 605 parum

141 621 308 664 diversa,
330 626 369 655 ut
390 616 493 667 quod
511 616 665 668 legitur,
687 618 709 667 §
737 632 774 655 ιι
800 633 808 655 :
827 617 904 657 Οὔκ
926 619 1023 657 ἔσται
1047 616 1130 657 ποτὲ
1147 617 1248 661 ἄλλος
1272 616 1375 665 Θεὸς,
1394 610 1424 655 ὦ
1438 616 1604 671 Τρύφων,

142 682 210 725 οὔτ’
222 676 263 730 ἧν
276 681 336 720 ἀπ’
357 682 479 724 αἰῶνος
490 710 499 728 ,
518 679 610 728 πλὴν
626 684 686 719 τοῦ
704 680 914 729 ποιήσαντος
927 682 985 720 καὶ
999 682 1219 727 διατάξαντος
1236 681 1315 720 τόδε
1329 681 1370 720 τὸ
1390 686 1478 730 πᾶν,
1498 695 1601 720 sum·-

149 756 247 800 ptum
285 745 453 783 forsitam
485 759 506 784 e
535 745 650 783 sacris
676 745 808 793 libris,
839 746 1072 784 simillimum
1105 755 1230 784 tamen
1259 745 1312 784 illi
1344 745 1468 784 versui
1491 745 1556 796 qui
1581 758 1603 783 a
1636 762 1639 763 ⁷

146 810 286 863 Sibylla
306 810 485 861 frequens
514 818 719 862 usurpatus
744 811 960 862 reperitur:

348 874 481 917 Μοῦνος
498 873 562 926 γὰρ
580 873 669 917 (θεός
688 874 773 922 ἐστι,
792 874 852 913 καὶ
867 876 928 914 οὐκ
947 874 1020 912 ἔστι
1037 873 1126 919 Θεὸς
1144 874 1259 919 ἄλλος.

194 940 414 990 Quanquam
437 938 495 977 his
511 937 677 986 omissis,
693 951 858 989 (piorum
888 939 999 991 origo
1021 940 1145 978 miuus
1170 948 1274 978 certa
1296 947 1366 986 est,
1386 939 1489 977 ultro
1513 937 1604 977 sub·

142 1004 303 1044 sistimus
324 1003 360 1041 in
384 1004 428 1041 iis
447 1017 533 1053 qua¹
552 1004 759 1041 certissima
779 1003 894 1042 modo
920 1018 940 1042 e
973 1005 1107 1042 ceteris
1127 1005 1268 1044 Justini
1297 1003 1478 1056 operibus
1497 1012 1605 1042 eruta

149 1068 369 1120 protulimus
388 1082 396 1104 ε
414 1080 435 1105 e
457 1066 598 1118 quibus
617 1067 708 1105 satis
734 1076 854 1118 patet,
885 1068 1089 1106 familiares
1111 1069 1165 1106 illi
1194 1069 1310 1106 fuisse
1328 1067 1603 1119 Sibyllinorum

150 1139 356 1170 nostrorum
382 1139 512 1181 partes
533 1129 738 1180 quasdam,
755 1131 988 1169 Prooemium
1023 1145 1160 1182 nempe
1179 1140 1216 1169 et
1242 1130 1362 1169 libros
1379 1132 1434 1170 ll!
1459 1130 1605 1182 (saltem

149 1197 248 1242 lll,§
268 1192 302 1246 Ι.)
317 1227 326 1241 ,
350 1194 412 1241 lv,
431 1194 678 1244 Vlll(salte1n
700 1194 804 1240 vm,
827 1195 850 1245 §
871 1195 931 1246 α),
953 1195 1000 1232 de
1021 1195 1162 1246 quibus
1181 1196 1262 1245 ipse
1277 1209 1353 1232 non
1374 1203 1415 1233 ut
1433 1195 1529 1233 raris
1548 1195 1606 1232 lo·

146 1259 266 1310 quitur
285 1271 406 1308 neque
428 1266 467 1295 ut
485 1257 557 1295 sibi
576 1258 633 1296 vel
651 1258 720 1295 soli
745 1258 802 1296 vel
823 1258 922 1296 inter
947 1272 1090 1310 paucos
1111 1259 1272 1311 cognitis
1286 1290 1296 1309 ,
1315 1259 1379 1298 sed
1405 1259 1456 1297 ita
1476 1267 1516 1297 ut
1535 1272 1607 1311 ap-

149 1330 270 1375 pareat
290 1322 525 1372 frequentem
545 1321 648 1359 illam
671 1330 785 1372 atque
801 1323 992 1360 assiduam
1015 1324 1321 1361 Christianorum
1339 1324 1452 1361 fuisse
1471 1323 1604 1362 lectio·

149 1399 245 1433 nem,
264 1387 373 1424 ctiam
395 1387 530 1437 capitis
565 1387 760 1437 periculo,
783 1387 814 1425 si
836 1401 966 1425 verum
987 1397 1043 1427 est
1070 1389 1160 1427 illud
1182 1388 1286 1440 quod
1307 1388 1432 1436 addit,
1455 1402 1603 1439 poenam

149 1452 269 1490 mortis
282 1451 364 1502 lege
384 1451 618 1503 propositam
633 1465 730 1499 esse,
751 1452 795 1490 iis
813 1452 878 1503 qui
895 1452 1048 1504 Sibyllae
1068 1455 1126 1491 vel
1147 1453 1344 1504 Hystaspis
1361 1453 1420 1490 vel
1441 1452 1607 1504 prophe-

149 1524 259 1553 tarum
275 1516 393 1553 libros
417 1516 604 1566 legerent,
626 1517 791 1566 Apolog.
814 1518 842 1563 l,
863 1522 882 1564 S
903 1524 971 1564 44,
991 1518 1074 1555 loco
1093 1517 1173 1568 jam
1197 1516 1373 1555 laudato:
1394 1517 1485 1556 Κατ’
1507 1513 1604 1568 ἐνέρ-

148 1593 232 1628 γειαν
255 1579 288 1616 δὲ
309 1581 376 1617 τῶν
400 1579 538 1631 φαύλων
558 1578 731 1630 δαιμόνων
757 1579 902 1626 θάνατος
920 1581 1051 1633 ὡρίσθη
1071 1581 1161 1619 κατὰ
1183 1583 1251 1618 τῶν
1268 1580 1328 1624 τὰς
1347 1579 1564 1622 Ὑστάσπους
1579 1578 1603 1626 ἢ

149 1640 309 1689 Σιὸύλλης
328 1641 350 1690 ἢ
369 1644 437 1680 τῶν
456 1644 642 1696 προφητῶν
663 1644 802 1694 βίὸλους
827 1644 1143 1694 ἀναγινιυσκόντοψ.
1166 1646 1248 1692 Qua
1268 1646 1348 1695 lege
1366 1644 1603 1683 Christianos

149 1706 230 1744 nihil
246 1707 429 1744 deterreri
449 1708 668 1758 profitetur,
681 1709 774 1758 quin
791 1709 870 1746 haec
885 1718 922 1747 et
935 1711 1059 1748 adhuc
1072 1711 1195 1761 legant
1207 1719 1243 1748 et
1256 1709 1432 1762 gentibus
1445 1707 1604 1760 legenda

151 1780 377 1823 proponant:
413 1771 563 1825 Ἀφόέως
594 1770 657 1824 μὲν
690 1771 756 1825 γὰρ
783 1774 822 1811 οὗ
844 1774 946 1825 μόνον
974 1776 1227 1827 ἐντυγχάνομεν
1258 1774 1392 1819 αὺτοῖς,
1423 1771 1513 1811 ἀλλὰ
1543 1772 1602 1811 καὶ

148 1837 238 1886 ὑμῖν,
257 1836 302 1879 ὡς
325 1838 439 1888 δρᾶτε,
467 1836 513 1878 εἰς
527 1836 708 1890 ἐπίσκεψιν
724 1835 886 1889 φέρομεν.

192 1900 259 1938 Sed
278 1910 379 1940 recte
409 1900 665 1939 observarunt
688 1902 759 1940 viri
788 1901 892 1940 docti
913 1902 1058 1940 nullum
1082 1902 1154 1941 tale
1173 1896 1341 1954 unquam
1365 1901 1532 1940 edictum
1561 1901 1599 1939 in

149 1963 255 2001 lucem
275 1965 430 2013 exiisse,
455 1973 493 2003 et
514 1979 715 2016 perperam
745 1979 766 2003 a
783 1966 936 2004 ,tustino
968 1966 1151 2004 confundi
1171 1966 1377 2016 Sibyllinos
1404 1967 1600 2004 Romano-

149 2041 221 2065 rum
242 2028 378 2076 libros,
401 2043 496 2081 quos
513 2030 657 2081 legere,
678 2029 749 2068 nisi
767 2029 1077 2080 quindecimviris
1090 2039 1127 2069 et
1141 2030 1293 2081 quidem
1308 2030 1462 2081 publico
1476 2029 1602 2081 jussu,

150 2092 244 2129 nefas
265 2101 300 2131 et
319 2093 480 2145 capitale
506 2102 612 2139 erat,
633 2107 720 2132 cum
740 2093 895 2143 Sibyllae
918 2094 1143 2133 Christianae
1158 2093 1216 2131 vel
1234 2093 1405 2132 Juda'icae
1422 2093 1602 2140 oraculis,

149 2169 223 2205 quae
244 2158 356 2208 vulgo
373 2171 395 2195 a
410 2159 550 2196 sanctis
570 2158 750 2197 Patribus
775 2158 978 2196 laudantur
993 2166 1035 2196 et
1053 2158 1229 2196 citantur.
1247 2158 1374 2197 Unum
1393 2156 1576 2195 addemus
1589 2186 1600 2204 ‚

149 2232 217 2268 quo
237 2220 389 2259 forsitan
411 2223 647 2260 manifestior
666 2223 731 2260 fiat
749 2223 790 2260 in
812 2223 916 2260 bono
934 2231 973 2261 et
990 2231 1123 2260 sancto
1147 2223 1231 2260 viro
1255 2221 1390 2272 judicii
1412 2220 1599 2271 penuria,

149 2283 257 2321 minas
274 2284 358 2323 illas
386 2285 568 2324 Romanae
590 2287 682 2337 legis
702 2287 806 2338 apud
830 2287 955 2338 ipsum
981 2286 1141 2324 extendi
1162 2299 1182 2323 a
1202 2285 1434 2335 Sibyllarum
1457 2293 1603 2323 amato-

148 2347 241 2386 ribus
268 2350 313 2387 ad
344 2351 538 2401 Hystaspis
570 2351 732 2389 lectores
759 2360 797 2389 et
818 2351 1124 2402 Prophetarum:
1151 2363 1313 2401 quorum
1343 2348 1414 2387 sub
1435 2349 1603 2396 nomine,

148 2412 208 2449 τῶν
225 2416 420 2467 προφητῶν,
440 2416 600 2453 fortasse
619 2429 695 2453 non
718 2415 900 2453 Hebraeos
921 2424 1066 2453 tantum
1087 2415 1313 2466 Prophetas,
1332 2413 1396 2452 sed
1417 2422 1454 2451 et
1472 2413 1604 2466 profa-

148 2488 207 2514 nos
233 2491 385 2530 quoque
419 2479 627 2530 scriptores
659 2480 954 2531 comprehendit
993 2481 1205 2517 Hermetem
1236 2488 1351 2529 atque
1381 2479 1606 2526 Osthanem,

147 2553 231 2588 quos
248 2556 330 2581 cum
351 2544 712 2595 pseudo—llystaspe
733 2545 952 2582 consociare
968 2545 1064 2582 solet
1085 2544 1185 2595 ipse3
1204 2558 1274 2582 nec
1293 2544 1372 2593 ipse
1392 2543 1518 2590 modo,
1537 2542 1603 2581 sed

146 2605 325 2652 graviores
348 2608 465 2646 etiam
489 2608 760 2658 doctioresque
784 2608 854 2645 viri
883 2608 1057 2646 Clemens
1087 2608 1367 2645 Alexandrinus
1384 2616 1420 2645 et
1440 2607 1603 2645 Lactan-

146 2668 231 2714 tius,
258 2670 378 2709 delusi
405 2672 578 2710 virorum
609 2672 855 2723 antiquorum
885 2673 989 2710 falsis
1019 2672 1261 2723 nominibus,
1289 2686 1406 2724 quum
1444 2685 1520 2710 non
1551 2670 1604 2709 vi·
1638 2671 1640 2673 ’
1673 2698 1679 2707 .

144 2729 271 2772 ‹lei-ent
290 2734 407 2774 libros
427 2750 449 2774 a
469 2750 509 2775 se
533 2735 681 2775 laudari
710 2738 895 2775 confictos
921 2745 1130 2788 aperteque
1154 2736 1446 2789 pseudonymos.

191 2797 352 2836 Auditor
372 2800 517 2838 Justini
537 2801 720 2839 'fatianus
739 2801 853 2839 semel
875 2801 1030 2851 Sibyllae
1050 2801 1234 2851 meminit,
1249 2800 1335 2839 adv.
1354 2801 1514 2846 Graec-S
1537 2805 1601 2843 41.

146 2857 207 2897 ubi
225 2861 323 2900 illam
347 2864 451 2903 Mose
474 2866 742 2916 recentiorem,
758 2867 926 2905 Homero
948 2866 1202 2917 antiquiorem
1225 2865 1324 2906 facit.
