1686 3500
135 181 229 229 568
520 183 601 226 AD
634 181 687 225 SI
695 181 990 265 ssYLLtNos
1022 182 1231 228 LIBROS

135 278 260 317 lorum
280 277 529 325 sententiam,
545 278 629 317 Act.
647 290 731 329 cap.
749 277 813 328 15,
831 292 867 318 v.
884 293 932 317 ιο
945 288 982 318 et
1001 280 1065 319 28.
1087 278 1251 317 Multum
1268 291 1362 318 vero
1381 271 1456 320 illis
1472 281 1606 319 nocui·

133 342 238 394 quod
258 341 417 381 ecclesia
439 341 811 393 Hierosolymitana,
832 343 947 395 cujus
968 342 1143 394 exemplo
1161 356 1201 381 se
1223 342 1445 397 tuebantur,
1461 344 1520 384 bis
1540 345 1605 383 di-

82 406 84 409 '
126 419 261 458 spersa
286 406 381 454 suit,
402 406 569 459 primum
590 413 728 458 sponte
747 419 831 454 sua,
851 408 1005 445 obsessa
1028 405 1123 445 urbe
1142 420 1162 444 a
1184 407 1437 459 Vespasian03
1465 408 1607 447 deinde

130 470 202 510 sub
229 471 445 518 Hadriano,
464 471 500 509 vi
525 471 782 510 Romanorum
814 480 853 510 et
872 471 1005 510 edictis
1029 471 1257 511 saevissimis.
1282 472 1381 511 Hinc
1402 473 1442 511 in
1464 473 1609 512 alienas

129 536 306 574 ecclesias
328 536 533 584 transfusi,
554 534 619 574 ubi
639 549 730 574 suos
750 536 880 588 plures
897 537 1143 584 invenerant,
1165 537 1369 575 trahebant
1387 546 1537 576 ceteros
1563 539 1602 575 in

127 613 216 639 suas
235 610 379 651 partes;
405 599 469 639 ubi
491 613 652 639 numero
672 602 838 639 minores
863 609 984 648 erant,
1005 600 1141 639 ceteris
1169 604 1332 652 suspecti
1353 601 1607 642 habebantur.

126 663 287 715 Insuper
306 663 490 715 temporis
511 676 715 715 progressu
736 663 914 716 pluribus
936 663 974 702 in
1004 663 1085 702 dies
1106 664 1359 716 pluribusque
1389 665 1603 703 accedenti·

126 727 198 766 bus
232 727 342 765 novis
373 741 394 766 a
428 728 638 778 gentilitate
664 728 907 774 Christianis,
935 728 1073 767 sensim
1103 730 1170 780 qui
1197 728 1375 779 judaicos
1404 743 1529 769 mores
1560 743 1604 768 ac

124 791 221 830 ritus
244 792 484 830 retinuerant
504 792 695 831 contemni
714 801 927 844 coeperunt,
952 805 995 831 ac
1012 792 1181 844 denique
1202 792 1429 844 reprobari,
1448 793 1607 832 d'amna-

124 856 177 904 ri,
195 855 363 894 ecclesiis
382 855 483 907 ejici.
497 856 591 894 Inde
608 856 762 908 accidit,
780 856 882 907 quod
902 870 1055 895 neeesse
1071 866 1168 907 erat,
1185 866 1227 895 ut
1245 858 1413 896 ecclesiae
1427 858 1604 909 quaedam

126 934 231 959 mere
250 920 488 972 judaizantes
506 930 643 972 sponte
662 935 682 959 a
700 921 833 959 ceteris
856 921 1127 970 desciscerent,
1150 922 1250 960 unde
1275 923 1411 960 merito
1437 924 1496 961 vel
1525 923 1605 960 hae-

127 998 256 1025 reseos
276 986 335 1024 vel
358 995 460 1025 certe
482 987 693 1025 schismatis
724 995 853 1024 notam
878 996 1123 1038 acceperunt.
1155 987 1184 1026 li
1212 988 1324 1038 vulgo
1345 987 1514 1026 Nazaraei
1545 987 1602 1025 vel

129 1050 303 1090 Ebionaei
321 1052 428 1089 nullo
450 1065 560 1103 paene
580 1051 799 1089 discrimine
816 1050 1063 1098 dicebantur3
1083 1052 1214 1102 inique
1246 1061 1372 1090 tamen
1393 1068 1401 1090 :
1430 1065 1517 1089 nam
1546 1052 1604 1089 vi-

127 1114 268 1153 dentur
283 1115 471 1162 Nazaraei,
492 1115 564 1152 nisi
582 1114 687 1165 quod
705 1116 800 1153 ritus
812 1115 988 1164 judaicos
1010 1106 1244 1164 retinebant,
1268 1130 1377 1167 paene
1394 1116 1606 1155 orthodoxi

127 1181 268 1231 suisse3
296 1180 468 1219 Ebionaei
502 1188 653 1226 autem,
675 1189 813 1230 praeter
841 1180 936 1218 alios
960 1194 1124 1232 errores,
1155 1181 1247 1220 falsa
1282 1181 1351 1219 ista
1383 1181 1430 1219 de
1461 1181 1606 1219 Christi

127 1244 388 1282 incarnatione
416 1243 613 1292 doctrina,
631 1257 746 1294 quam
775 1257 891 1295 supra
912 1253 1011 1295 part.
1038 1259 1086 1295 2,
1114 1259 1199 1296 cap.
1223 1246 1264 1294 5,
1289 1246 1602 1297 suggillavimus,

125 1306 261 1346 imbuti
281 1306 412 1358 erant,
435 1306 602 1358 ideoque
617 1306 706 1359 jure
726 1307 826 1345 inter
850 1308 1049 1347 haereticos
1083 1310 1242 1362 relegari
1279 1319 1500 1362 potuerunt.
1531 1311 1604 1350 Ce-

124 1371 253 1410 rinthii
272 1384 379 1423 paene
397 1386 483 1410 euin
502 1371 692 1411 Ebionaeis
714 1372 1020 1421 conveniebant,
1035 1373 1107 1412 nisi
1125 1375 1231 1426 quod
1255 1376 1410 1414 terrenis
1430 1376 1605 1426 volupta-

126 1436 228 1476 tibus
252 1437 371 1488 magis
395 1436 541 1476 addicti
574 1445 708 1486 erant,
732 1437 855 1489 iisque
885 1437 1032 1477 deliciis
1058 1439 1209 1490 plenum
1237 1448 1455 1478 terrestrem
1488 1440 1605 1477 vitam

119 1501 233 1554 justis
261 1501 553 1554 pollicebantur.
574 1502 803 1554 Hujusmodi
826 1515 903 1541 non
931 1517 1063 1555 paucae
1083 1504 1251 1543 ecclesiae
1275 1505 1315 1543 in
1338 1506 1538 1543 Palaestina
1565 1514 1604 1544 et

126 1568 308 1607 Phoenice
325 1575 362 1605 et
383 1567 515 1618 Syria,
535 1567 708 1618 quaedam
731 1567 844 1605 etiam
869 1567 909 1606 in
931 1569 1020 1607 Asia
1048 1568 1196 1607 minore
1216 1575 1254 1609 et
1271 1570 1310 1608 in
1332 1571 1494 1621 AEgypto
1513 1584 1604 1608 coa-

124 1633 296 1680 luerunt,
327 1646 399 1671 nec
426 1633 583 1671 omnino
608 1631 916 1682 contemnendae,
946 1632 1134 1684 siquidem
1170 1633 1241 1672 sub
1282 1634 1443 1672 secundi
1475 1634 1606 1674 saeculi

126 1698 264 1746 linem,
286 1697 343 1735 vel
370 1697 484 1736 tertio
512 1696 722 1748 incipiente
737 1726 748 1745 ,
777 1697 1049 1748 Symmachum
1068 1707 1106 1737 et
1126 1698 1446 1747 'l'l1eodoti0nem,
1468 1699 1606 1738 doctos

126 1762 339 1803 Bibliorum
363 1762 613 1814 interpretes,
640 1774 687 1800 ne
707 1760 755 1799 ab
785 1760 1012 1800 orthodoxis
1040 1761 1194 1813 quidem
1223 1763 1437 1811 fastiditos,
1457 1763 1608 1815 gremio

125 1843 195 1868 suo
224 1829 487 1882 protulerunt.
519 1827 664 1866 Confer
683 1826 732 1864 de
752 1827 797 1865 iis
814 1835 953 1878 praeter
971 1828 1179 1879 Irenaeum,
1202 1828 1410 1866 Eusebium
1442 1838 1480 1867 et
1504 1830 1602 1880 Epi-

124 1896 332 1948 phanium,
363 1894 456 1932 locis
489 1893 566 1941 cit.‚
593 1894 707 1931 etiam
733 1893 951 1943 Justinum,
977 1893 1080 1933 Dial.
1108 1898 1127 1941 5
1151 1895 1223 1941 453
1250 1893 1479 1945 origenem,
1511 1894 1600 1934 adv.

122 1960 239 2005 Cels„
256 1959 324 2000 lib.
345 1960 405 2010 11,
426 1959 448 2009 §
468 1971 504 2006 13
521 1959 821 2008 Hieronymum,
842 1958 883 1995 in
898 1958 999 2005 lsai„
1019 1972 1105 2010 cap.
1128 1971 1140 1995 1
1154 1988 1164 2006 ,
1182 1957 1248 2010 qui
1272 1967 1310 1996 et
1333 1966 1493 1996 testatur
1510 1972 1602 2010 ope-

123 2040 208 2066 rum
229 2038 386 2065 suorum
404 2036 481 2063 non
498 2037 574 2062 uno
594 2024 694 2074 loco,
714 2023 898 2074 quasdam
915 2024 1063 2061 illarum
1079 2032 1269 2066 secta-rum
1287 2023 1464 2073 reliquias
1477 2023 1605 2061 adhuc

125 2106 195 2131 suo
223 2101 397 2143 tempore
425 2090 463 2128 in
490 2089 691 2129 Palaestina
718 2097 755 2127 et
780 2089 892 2140 Syria
915 2102 1093 2140 manere,
1113 2102 1183 2127 nec
1202 2089 1317 2127 semel
1335 2102 1354 2126 a
1373 2103 1412 2126 se
1433 2102 1503 2126 nec
1522 2088 1608 2126 sine

124 2157 382 2196 emolumento
399 2168 480 2193 csse
500 2154 702 2192 consultas.
721 2155 842 2193 Multa
862 2167 1016 2205 quoque
1035 2155 1082 2192 de
1106 2154 1152 2192 iis
1168 2154 1397 2192 recentiores
1420 2154 1604 2204 theologi,

123 2230 162 2259 et
182 2220 363 2272 praeclare
383 2219 484 2257 inter
505 2219 600 2257 alios
623 2218 863 2257 doctissimus
887 2218 1075 2270 Lequien,
1097 2218 1186 2257 diss.
1205 2218 1252 2257 de
1267 2219 1401 2258 Nazar.
1420 2218 1467 2256 ad
1484 2218 1606 2269 Joan·

125 2299 209 2323 nem
228 2287 518 2324 Damascenum.
1534 2273 1536 2277 ’

177 2350 251 2396 Qui
262 2362 353 2388 vero
367 2347 438 2387 sub
453 2348 586 2387 eadem
605 2356 778 2399 tempora
791 2360 834 2385 ac
850 2346 1020 2386 secundo
1037 2344 1200 2386 maxime
1216 2347 1370 2395 saeculo,
1385 2346 1511 2386 Judaei
1527 2347 1604 2385 ori·

124 2414 222 2465 gine,
233 2414 271 2451 iu
286 2414 456 2452 ecclesiis
469 2413 668 2452 catholicis
680 2411 954 2450 ,orthodoxiam
973 2412 1270 2463 profitebantur,
1285 2413 1355 2451 etsi
1370 2412 1465 2450 ritus
1479 2412 1608 2450 avitos

125 2478 438 2530 repudiaverunt,
459 2478 630 2529 plerique
652 2486 778 2515 tamen
798 2491 819 2515 e
843 2484 972 2515 vetere
992 2491 1148 2516 suorum
1177 2478 1382 2516 traditione
1401 2477 1606 2528 opiniones

123 2543 307 2595 quasdam
329 2543 590 2590 retinuerunt,
612 2544 822 2593 praesertim
839 2542 885 2580 de
903 2543 1126 2593 reparandis
1145 2542 1355 2593 aliquando
1378 2542 1605 2581 ,ludaeorum

123 2607 259 2656 rebus,
281 2607 329 2646 de
350 2606 617 2646 constituendo
637 2607 676 2645 in
696 2606 835 2646 Judaea-
854 2607 1000 2646 Messiae
1019 2620 1158 2658 regno,
1179 2621 1223 2645 ac
1245 2607 1293 2645 de
1320 2607 1489 2646 terrestri
1511 2615 1603 2644 ante

118 2673 309 2726 judicium
321 2685 544 2724 supremum
562 2671 963 2723 felicitatejustorum‚
979 2686 1057 2723 quo
1072 2672 1224 2711 nomine
1238 2673 1446 2724 praesertim
1462 2672 1606 2710 intelli-

122 2737 263 2789 gebant
279 2736 526 2776 Hebraeorum
548 2744 722 2788 posteros
741 2735 788 2773 ad
811 2745 938 2773 nostra
965 2750 1071 2775 sacra
1089 2751 1317 2787 conversos,
1344 2736 1523 2774 admixtis
1544 2745 1602 2774 ta-

123 2815 208 2840 men
228 2810 268 2840 et
295 2800 499 2853 proselytis
530 2814 551 2839 e
578 2800 790 2851 gentilitate
820 2799 1061 2842 Christianis.
1085 2802 1298 2840 Millenaria
1328 2802 1408 2839 haec
1436 2801 1607 2839 diximus

121 2879 205 2906 csse
218 2865 364 2905 somnia
377 2879 397 2904 e
410 2865 604 2917 judaismo
617 2861 802 2918 prognata
818 2894 828 2912 ,
848 2864 913 2904 diu
935 2874 1060 2905 tamen
1082 2866 1130 2905 ab
1145 2866 1371 2906 orthodoxis
1391 2866 1604 2920 plerisque,
