1752 3495
602 191 911 237 EXCURSUS-
929 190 1007 236 111.
1391 248 1399 258 κ
1432 192 1521 237 185

58 294 202 349 byllinis
222 291 321 330 veris
335 287 485 326 falsisve
508 285 768 324 controversia
787 284 1040 324 clauderetur.
1059 284 1152 323 Nam
1167 284 1379 336 ,aliquanto
1409 294 1519 336 post,

58 358 214 413 ejusdem
229 353 463 407 principatus
477 362 577 387 anno
591 362 706 397 xviu,
722 363 839 400 quum
850 349 898 387 de
911 348 1086 399 augendo
1101 348 1286 387 librorum
1300 349 1452 400 publice
1466 362 1522 387 re·

58 432 243 475 ceptorum
257 428 414 456 numero
429 414 466 452 in
482 421 614 451 senatu
628 421 752 451 actum
766 421 876 459 esset,
891 412 1029 450 scimus
1044 413 1290 451 intervenisse
1299 414 1364 452 vix
1379 421 1521 466 tempe-

60 497 163 528 ratam
176 479 476 536 principisiram,
488 477 539 515 ita
554 490 631 515 rem
645 476 980 524 narranteTacito,
992 475 1056 514 lib.
1067 476 1161 523 vl‚§
1177 489 1235 524 ια,
1247 477 1418 528 locojam
1435 479 1520 518 cit.:

59 550 246 590 «Relatum
268 544 354 582 inde
373 542 420 580 ad
444 550 569 593 patres
583 554 604 579 a
621 540 1024 587 Quintilianotribuno
1035 540 1157 591 plebei
1172 540 1328 579 delibro
1346 541 1523 592 Sibylla»,

58 635 70 650 ι
83 625 187 665 quem
207 608 388 648 Caninius
406 606 538 646 Gallus
554 605 895 656 quindecimvirum
915 605 1034 656 recipi
1052 605 1151 643 inter
1175 613 1323 643 ceteros
1352 606 1519 654 ejusdem

59 699 71 714 n
87 677 192 720 vatis,
218 681 255 712 et
283 686 326 710 ea
350 670 398 708 de
419 683 458 708 re
477 679 630 708 senatus
650 670 865 707 consultum
889 671 1150 720 postulaverat
1168 684 1177 708 ε
1200 683 1277 721 quo
1294 684 1362 721 per
1378 669 1520 708 disces-

59 764 72 779 «
89 744 223 781 sionem
241 739 364 786 sacto,
381 736 481 774 misit
501 736 629 774 literas
644 735 770 773 Caesar
790 734 938 772 modice
959 734 1156 772 tribunum
1179 735 1402 786 increpans,
1415 734 1524 786 igna-

63 828 76 844 «
94 818 171 846 rum
187 801 334 852 antiqui
354 800 471 850 moris
490 800 540 837 ob
556 800 777 852 juventam3
800 799 912 837 Gallo
933 798 1214 850 exprobrabat,
1233 799 1336 850 quod
1355 799 1521 837 scientiae

61 890 73 905 a
88 865 457 915 caerimoniarumque
473 873 582 902 vetus
596 893 606 912 ,
623 864 770 901 incerto
788 873 945 901 auctore
958 892 969 911 ,
996 872 1084 902 ante
1106 864 1333 902 sententiam
1350 864 1523 915 collegii,

62 954 75 969 ι
93 946 173 979 non,
193 938 230 968 ut
250 929 396 967 adsolet
415 960 424 977 ,
458 929 557 967 lecto
584 942 653 980 per
684 927 881 978 magistros
914 928 1176 979 aestimatoque
1203 928 1390 976 carmine,
1418 928 1521 979 apud

63 996 362 1045 «infrequentem
400 1001 571 1030 senatum
604 992 758 1042 egisset.
781 1009 795 1024 υ
821 990 926 1042 [llaec
950 991 1149 1043 Tiberius,
1173 992 1254 1030 sive
1288 992 1335 1030 ad
1357 993 1520 1043 Augusti

65 1071 236 1111 tempora,
249 1055 312 1096 seu
331 1057 435 1108 quod
448 1058 565 1108 magis
581 1057 782 1104 credimus,
798 1056 845 1093 ad
865 1057 1081 1107 antiquiora
1096 1057 1267 1108 exempla
1279 1057 1521 1109 respiciens.]

64 1144 75 1159 ι
93 1123 200 1163 Simul
230 1122 543 1170 commonefecit,
573 1122 786 1173 etc.1gitur
818 1129 905 1158 tunc
926 1134 1079 1172 quoque
1107 1122 1255 1159 notioni
1283 1122 1522 1173 quindecim-

64 1209 76 1224 «.
93 1190 207 1227 virum
232 1187 261 1224 is
287 1185 388 1224 liber·
403 1185 605 1236 subjectus.
623 1206 638 1219 u

107 1257 193 1301 Quae
224 1265 339 1303 porro
368 1252 482 1290 fuerit
511 1260 597 1303 post
621 1251 731 1289 talem
754 1250 939 1302 principis
955 1250 1152 1301 epistolam
1174 1250 1520 1302 quindecimvirum

65 1317 227 1358 sententia
242 1346 252 1365 ,
277 1330 389 1354 nemo
409 1325 464 1354 est
492 1316 555 1367 qui
583 1314 743 1354 dubitet.
766 1316 841 1354 Nec
863 1315 986 1352 minus
1011 1318 1158 1353 certum
1186 1324 1241 1353 est
1265 1316 1447 1364 Tiberio,
1470 1317 1522 1353 ita

65 1382 247 1431 scribenti,
274 1381 388 1419 aliam
420 1382 688 1419 fuisse.curam
710 1394 823 1431 quam
848 1380 1043 1431 Sibyllinae
1069 1381 1311 1431 integritatis.
1342 1383 1424 1421 Non
1449 1382 1520 1420 fuit

66 1448 165 1486 homo
192 1446 254 1484 ille
274 1446 493 1497 religiosus,
514 1446 579 1483 sed
604 1445 841 1483 auctoritatis
861 1458 940 1482 sure
958 1445 1288 1485 retinentissimus.
1315 1445 1537 1484 Attrectari.

66 1521 171 1550 autem
200 1512 279 1549 sine
306 1511 490 1562 principis
518 1512 625 1560 J'ussu
649 1510 799 1561 imperii
826 1523 985 1559 arcana,
1015 1510 1054 1547 id
1076 1511 1227 1547 demum
1254 1510 1521 1561 importunum

66 1578 169 1615 visum
190 1584 245 1614 est
269 1590 371 1626 aegro
392 1576 473 1614 seni
497 1586 536 1614 et
563 1575 746 1613 adversus
767 1588 881 1613 omne
908 1589 1026 1626 genus
1048 1575 1293 1613 oraculorum
1315 1575 1518 1626 suspicaci.

65 1642 178 1691 ltaque
205 1654 279 1678 non
301 1641 416 1678 modo
445 1640 642 1678 tribunum
673 1639 817 1691 plebis,
838 1640 948 1677 nimis
975 1639 1180 1691 juvenem,
1217 1640 1408 1691 simulque
1439 1638 1522 1690 ejus

63 1707 295 1752 incitatorem,
319 1719 395 1742 non
413 1705 500 1743 satis
520 1714 711 1743 maturum
729 1718 876 1752 senem,
904 1705 1118 1755 increpuit3
1137 1704 1204 1742 sed
1225 1706 1338 1742 etiam
1365 1704 1521 1741 minime

65 1768 235 1806 dubitavit
254 1777 404 1807 senatus
421 1769 636 1807 consultum
655 1782 723 1820 per
751 1769 1017 1807 discessionem
1044 1769 1195 1815 factum,
1216 1768 1380 1820 ideoque
1397 1777 1521 1806 ratum

68 1842 96 1871 et
119 1833 342 1882 absolutum,
371 1834 612 1880 rescindere,
638 1834 835 1871 honestam
856 1848 1006 1871 causam
1038 1843 1171 1871 nactus
1199 1834 1521 1884 infrequentiam,

63 1898 231 1949 simulque
266 1899 369 1936 visus
405 1898 593 1936 librorum
623 1898 901 1949 Sibyllinorum
921 1898 1141 1936 auctoritati
1165 1898 1393 1947 consulere,
1427 1897 1519 1936 dum

67 1975 155 2000 suain
177 1972 212 2000 et
229 1972 426 2002 exerceret
442 1972 478 2001 et
497 1965 677 2002 firmaret.

107 2028 207 2076 Quod
224 2029 255 2066 si
275 2029 456 2067 attentius
473 2029 596 2067 Taciti
613 2028 870 2066 narrationem
890 2028 1136 2079 introspicias
1151 2057 1161 2075 ,
1187 2027 1354 2066 ancto'ris
1373 2041 1419 2066 eo
1436 2028 1524 2079 plus

65 2091 95 2128 in
112 2092 176 2130 hac
202 2107 241 2130 re
266 2093 448 2140 valentis,
479 2093 582 2144 quod
615 2093 698 2144 ipse
732 2093 1077 2142 quindecimvirum
1112 2093 1262 2144 collegii
1296 2107 1385 2144 pars
1421 2093 1492 2131 suit
1508 2125 1519 2142 ,

66 2156 212 2208 ideoque
231 2158 326 2195 nihil
347 2159 451 2209 quod
475 2158 523 2196 ad
543 2158 661 2196 libros
687 2159 863 2196 attineret
883 2158 992 2209 parvi
1016 2158 1139 2196 facere
1160 2158 1314 2204 debuit,
1337 2159 1521 2197 nonnulla

64 2230 178 2259 notatu
197 2222 309 2273 digna
329 2222 600 2274 reprehendes.
629 2222 826 2270 Primum,
853 2223 1019 2260 nondum
1050 2223 1229 2261 desuesse
1255 2223 1321 2261 illo
1350 2231 1523 2275 tempore

63 2286 287 2335 magistratus
301 2317 311 2334 ,
333 2288 471 2338 quibus
487 2289 523 2325 id
544 2288 632 2325 olim
649 2288 749 2339 juris
766 2296 847 2325 erat
861 2318 871 2337 ,
892 2287 940 2325 ad
960 2297 1132 2326 senatum
1166 2289 1309 2326 referre
1334 2301 1419 2339 quae
1445 2287 1519 2326 sibi

62 2351 274 2402 erepublica
293 2353 529 2392 viderentur.
552 2353 701 2391 Deinde
722 2353 897 2404 patribus
914 2354 1064 2391 licuisse
1083 2354 1231 2402 injussu
1253 2353 1439 2404 principis
1455 2353 1522 2391 de-

66 2414 226 2461 liberare,
245 2419 375 2456 saltem
396 2418 443 2456 de
468 2419 514 2456 iis
535 2417 647 2456 rebus
666 2431 752 2468 quae
773 2431 842 2456 nec
862 2418 910 2456 ad
935 2431 1119 2456 summam
1144 2417 1365 2469 reipublicae
1384 2431 1452 2456 nec
1472 2417 1521 2456 ad

67 2480 230 2532 principis
255 2482 341 2533 jura
370 2483 621 2534 pertinerent.
641 2483 799 2529 Tertio,
821 2496 938 2533 penes
961 2491 1133 2520 senatum
1163 2483 1274 2520 etiam
1302 2492 1380 2520 tum
1407 2482 1522 2521 fuisse

63 2545 230 2596 quidquid
247 2547 293 2585 ad
311 2547 536 2598 Sibyllinam
557 2561 636 2584 rem
663 2556 876 2597 spectaret,
900 2560 946 2585 ne
963 2546 1123 2585 Tiberio
1143 2546 1298 2597 quidem
1314 2546 1352 2584 id
1373 2545 1406 2584 ei
1421 2546 1522 2595 juris

63 2606 269 2660 denegante.
301 2613 469 2660 Quarto,
488 2625 564 2650 non
587 2612 791 2663 pervicisse
820 2612 1002 2662 Augusti,
1020 2624 1096 2649 non
1112 2610 1257 2649 Tiberii
1279 2611 1444 2655 decreta,
1472 2609 1521 2648 de

64 2673 187 2722 quibus
206 2677 318 2714 modo
338 2678 559 2728 agebamus,
590 2678 810 2727 quominus,
836 2677 919 2727 ipso
941 2685 1122 2726 regnante
1138 2676 1310 2727 Tiberio,
1332 2675 1520 2727 Sibyllina

64 2743 112 2779 vel
131 2745 179 2782 sic
199 2747 297 2786 dieta
320 2749 515 2786 volumina
545 2748 734 2799 quaedam,
749 2747 902 2799 publice
924 2747 1094 2785 nondum
1116 2755 1285 2799 recepta,
1308 2761 1385 2785 non
1403 2745 1516 2784 modo

53 2810 222 2848 'inanibus
248 2812 443 2852 hominum
474 2822 750 2859 tractarentur,
781 2813 846 2851 sed
867 2813 979 2851 etiam
1001 2821 1133 2864 aperte
1158 2812 1194 2850 in
1228 2812 1333 2850 curia
1353 2811 1515 2849 exhibe-

65 2879 193 2912 venun:
225 2877 394 2928 Denique
432 2879 544 2917 fuisse
579 2879 690 2917 etiam
721 2880 784 2917 illo
804 2888 975 2929 tempore
994 2880 1096 2917 viros
1126 2892 1259 2930 graves
1287 2886 1324 2916 et
1353 2877 1515 2916 civitatis
