1752 3495
259 265 275 306 .‚
288 263 345 307 53
622 251 701 296 AD
735 249 1075 293 SissYLLmos
1108 202 1319 294 uanos

252 368 362 395 causa
379 361 415 392 et
433 350 558 389 aetntis.
579 348 751 387 Tantane
769 354 846 383 tum
871 346 997 384 ttomae
1018 346 1091 384 suit
1109 346 1294 384 artificum
1311 345 1420 398 copia
1443 354 1593 398 tamque
1612 363 1698 401 pro-

253 420 358 457 fusus
381 423 588 454 statuarum
609 425 720 462 usus,
740 418 781 448 ut
802 410 872 447 tria
889 409 1001 447 unius
1023 409 1171 452 seminae
1188 408 1295 461 signa
1314 409 1426 448 simul
1447 410 1700 462 erigerentur?

250 482 392 523 Plinius
406 477 557 530 quidem
582 489 692 514 unam
715 483 894 528 praeterea
914 481 1089 520 statuam,
1109 474 1156 512 ad
1174 487 1305 525 regum
1324 483 1495 525 tempora
1516 478 1698 526 pertinen.

227 557 337 591 ‚tem,
356 543 544 595 agnoscit,
566 542 642 579 Atti
666 551 798 590 nempe
816 538 944 585 Navii,
967 552 1080 589 quam
1100 539 1300 589 Tarquinii
1322 540 1442 577 Prisci
1471 543 1698 591 temporibus

245 609 440 656 attribuit,
470 614 658 659 praeeunte
679 604 800 648 Livio,
821 601 884 640 lib.
905 602 935 652 1,
955 603 977 653 5
1001 602 1061 641 36.
1089 604 1170 642 lmo
1195 612 1337 655 septem
1370 603 1477 641 addit
1501 617 1627 656 regum
1654 609 1698 646 si-

242 688 314 725 gna
335 674 374 712 in
403 671 612 724 Capitoli03
639 669 702 708 sed
727 668 810 720 quis
828 676 902 704 tam
925 667 1083 718 antiqua
1102 668 1246 715 credat,
1274 668 1483 720 praesertim
1508 682 1625 719 quum
1644 672 1697 712 his

247 739 350 777 Bruti
371 746 529 775 statuam
553 734 714 773 additam
733 746 811 770 esse
830 731 1018 769 discamus
1037 746 1057 770 a
1080 733 1225 780 Dione,
1251 732 1315 770 lib.
1332 733 1479 780 XLlll,
1501 734 1602 782 345.
1630 739 1694 775 Atti

245 816 334 842 vero
355 803 472 854 ipsius
491 800 631 850 efligies
656 798 716 835 bic
732 804 901 848 suspecta
921 805 989 835 est.
1009 797 1101 835 Nam
1124 798 1249 835 ullane
1274 805 1418 846 statua,
1441 798 1478 834 in
1500 799 1584 835 foro
1604 813 1696 850 prae-

242 868 371 906 sertim
398 866 620 915 conspicua,
648 862 774 901 Gallos
807 861 938 898 urbem
971 870 1144 899 tenentes
1168 862 1377 913 omniaque
1405 863 1491 914 igne
1519 872 1695 905 vastantes

242 932 454 982 effugerat?
474 931 520 969 Et
537 938 575 967 ut
590 922 728 978 Sibylla
750 939 820 963 uua
837 926 1032 978 effugerit,
1053 940 1100 964 an
1117 926 1230 964 etiam
1253 935 1329 964 tres
1348 929 1505 965 omnes?
1526 927 1696 980 Relegen-

245 998 315 1036 (lus
335 997 462 1048 itaque
488 994 596 1037 Plinii
626 993 749 1039 locus,
779 991 844 1041 qui
871 990 922 1028 ita
952 1004 991 1029 se
1014 990 1148 1039 habet,
1175 991 1242 1031 lib.
1261 992 1464 1042 XXXIV,§
1486 1006 1525 1030 11
1549 1007 1555 1031 :
1584 1011 1599 1026 «
1620 996 1693 1034 Non

242 1080 257 1096 ι
288 1062 416 1107 miror,
440 1059 573 1109 inquit,
593 1066 665 1094 tres
682 1057 758 1094 sint
779 1056 887 1093 licet:
911 1069 999 1103 una,
1024 1069 1138 1107 quain
1166 1057 1306 1096 Sextus
1326 1058 1518 1096 Pacuvius
1540 1058 1695 1109 Taurus,

241 1144 256 1159 ι
286 1125 402 1163 aedilis·
428 1123 567 1175 plebis,
588 1121 748 1160 instituit
770 1117 862 1174 [alii,
882 1129 1015 1159 contra
1035 1121 1211 1160 codicum
1240 1122 1367 1170 (idem,
1388 1123 1588 1174 restituit];
1607 1124 1694 1174 dure,

241 1208 256 1222 a
284 1202 377 1240 quas
395 1190 444 1227 M.
466 1187 633 1226 Messala.
655 1204 669 1218 υ
693 1185 858 1222 Fuerunt
886 1185 926 1223 hi
949 1185 1027 1223 (luo
1054 1186 1126 1223 sub
1148 1188 1307 1237 Augusti
1338 1187 1557 1238 principatu
1587 1190 1691 1228 clari,

240 1262 394 1304 negante
410 1252 495 1290 licet
509 1250 722 1297 llarduin03
740 1262 826 1287 nam
842 1249 926 1300 quis
945 1258 1053 1301 putet
1071 1250 1165 1288 alios
1185 1251 1353 1302 ejusden»
1367 1252 1530 1289 nominis
1546 1266 1564 1289 a
1580 1254 1691 1292 Plinio

240 1318 347 1356 tacite
372 1315 534 1354 laudari?
555 1313 710 1365 Augusti
737 1326 827 1363 ergo
859 1322 1056 1365 tempore,
1091 1323 1164 1351 tres
1185 1315 1257 1352 illae
1275 1324 1408 1353 statuae.
1440 1315 1498 1353 vel
1525 1316 1690 1356 institutae

240 1382 297 1419 vel
317 1382 494 1418 restitutae
511 1388 620 1425 sunt;
641 1378 894 1428 antiquiores,
927 1387 1032 1424 θεῖος
1060 1379 1123 1416 sed
1147 1379 1249 1417 unde
1271 1380 1346 1418 huc
1370 1381 1585 1418 translatae?
1608 1383 1691 1420 Jure

240 1446 356 1496 igitur
373 1445 443 1482 illae
462 1457 611 1494 qnoque
627 1451 820 1493 suspectae.
845 1443 893 1481 Et
917 1443 948 1481 si
964 1456 1039 1482 una
1057 1443 1276 1494 Tarquiniis
1296 1458 1441 1496 suppar
1461 1445 1587 1493 suerit,
1609 1446 1690 1484 duas

238 1519 338 1547 certe
356 1509 514 1558 reliquas
537 1508 686 1545 minime
706 1507 777 1544 hoc
804 1508 1039 1558 antiquitatis
1069 1508 1215 1546 honore
1237 1509 1450 1560 dignamur.
1474 1511 1551 1549 Nec
1577 1511 1690 1548 credi-

240 1587 319 1610 mus
337 1582 477 1610 tantum
497 1573 558 1610 uni
575 1572 725 1622 Sibyuae
754 1571 896 1617 datum,
927 1581 969 1609 ut
989 1581 1046 1610 ter
1065 1573 1103 1610 in
1125 1573 1208 1610 soro
1239 1582 1493 1625 spectaretur3
1520 1575 1596 1612 imo
1622 1588 1690 1612 mo-

237 1638 368 1676 lestum
397 1637 466 1675 hoc
485 1645 597 1687 atque
624 1637 886 1688 importunum
909 1636 1120 1675 visentibus
1142 1638 1284 1676 suisset.
1309 1639 1427 1689 Magis
1448 1639 1570 1690 placet
1589 1640 1688 1678 trium

236 1701 456 1752 Sibyllarum
479 1709 618 1738 statuas
636 1701 756 1738 serius
773 1700 892 1738 multo
911 1710 1057 1739 erectas
1075 1701 1211 1749 fuisse,
1230 1711 1266 1739 et
1279 1703 1310 1740 si
1331 1704 1416 1753 quis
1427 1703 1527 1741 ultra
1538 1713 1688 1754 quasrat,

235 1767 347 1804 trium
372 1766 605 1814 Italicarum,
649 1779 740 1816 quas
775 1765 1034 1813 Carmentam,
1066 1776 1103 1803 ot
1132 1766 1355 1814 Cumanam,
1388 1777 1425 1805 et
1461 1767 1687 1806 Tiburtinam

232 1831 342 1869 fuisse
367 1839 541 1882 putamus
563 1846 571 1868 :
593 1831 730 1881 positas
749 1844 861 1882 eigs),
884 1832 986 1881 quod
1014 1830 1062 1868 de
1080 1831 1213 1869 ultima
1231 1832 1360 1870 saltem
1387 1833 1575 1870 allii-mare
1595 1846 1687 1883 paene

230 1895 405 1942 ausimus,
429 1909 501 1932 non
518 1903 602 1932 ante
622 1894 718 1932 bella
734 1895 893 1942 Punica,
913 1895 1052 1946 quibus
1072 1895 1173 1933 haud
1197 1897 1315 1934 multo
1334 1897 1563 1935 anteriorem
1588 1898 1699 1941 fuisse²

231 1958 436 1996 Tiburtinae
449 1958 598 2010 Sibyllae
615 1959 757 1997 cultum
773 1973 889 2010 supra
910 1960 1124 1997 monuimus
1149 1961 1182 1997 in
1206 1961 1294 1998 lixc.
1318 1961 1347 2010 l,
1367 1974 1452 2011 cap.
1481 1974 1540 2000 11.
1707 1961 1712 1965 ’

494 2175 599 2215 CAP.
618 2178 683 2216 ΠΙ.
713 2177 887 2227 Sibyllini
901 2178 988 2215 libri
1005 2160 1134 2228 quales
1155 2181 1262 2215 initt'o
1271 2179 1434 2225 fioerine.

288 2289 500 2341 Utcumque
520 2302 755 2343 comparatos
772 2293 892 2332 libros
909 2303 946 2332 et
962 2307 1205 2345 quocumque
1226 2295 1388 2333 consilio
1407 2294 1562 2346 publice
1576 2306 1682 2332 sacra-

238 2362 312 2403 tos,
334 2354 404 2392 sert
427 2355 583 2406 animus,
598 2357 724 2407 quales
744 2359 895 2407 suerint,
912 2372 1157 2411 cognoscere.
1177 2361 1303 2406 Quum
1332 2370 1454 2398 tamen
1478 2359 1568 2411 quid
1592 2360 1627 2397 in
1640 2359 1683 2396 eis

235 2418 410 2465 insuerit,
433 2420 570 2457 nemini
592 2422 685 2460 scire
712 2423 838 2471 liceat,
859 2433 895 2462 et
923 2437 1008 2475 quae
1035 2424 1081 2462 de
1104 2438 1148 2462 ea
1180 2438 1219 2462 re
1251 2424 1504 2475 conjectando
1533 2424 1681 2462 divinari

235 2491 408 2533 possunt,
436 2483 563 2520 melius
589 2485 626 2521 in
649 2486 757 2524 linem
784 2488 896 2539 liujus
918 2489 1112 2527 Excursus
1133 2488 1360 2527 reservanda
1380 2490 1471 2539 sint,
1490 2488 1537 2526 de
1559 2488 1677 2526 habitu

235 2554 378 2583 tantum
399 2547 565 2597 ipsorum
583 2551 778 2599 exteriore,
805 2553 1030 2604 ceterisque,
1050 2567 1135 2604 quae
1156 2554 1213 2590 vel
1236 2568 1254 2591 a
1277 2554 1447 2604 profanis
1470 2555 1599 2592 resciri
1618 2566 1678 2604 po-

234 2619 356 2657 tuere,
379 2624 476 2648 nunc
499 2625 662 2662 agemus.

285 2674 480 2712 Volumina
497 2675 622 2725 potius
642 2676 753 2715 fuisse
769 2692 878 2729 quam
896 2681 1048 2720 codices
1067 2681 1121 2733 ad,
1137 2691 1308 2720 nostrum
1331 2696 1475 2720 morem
1495 2681 1679 2733 complica-

236 2745 308 2784 t05,
325 2750 371 2775 ex
390 2750 456 2774 usu
471 2738 619 2776 illorum
642 2748 850 2791 temporum
870 2745 959 2783 satis
981 2754 1064 2783 tuto
1084 2746 1221 2794 conjici
1244 2755 1384 2798 potest.
1409 2747 1565 2798 Exiguae
1580 2745 1677 2783 fuisse

231 2800 339 2837 molis
358 2800 455 2838 idem
475 2814 542 2839 nos
573 2801 682 2840 docet
709 2817 820 2855 usus,
839 2821 952 2858 quum
975 2810 1092 2860 vulgo
1120 2818 1175 2847 tot
1202 2810 1396 2848 volumina
1426 2812 1579 2854 lierent,
1599 2814 1678 2859 qum

229 2873 333 2902 erant
357 2865 484 2915 operis
506 2865 686 2917 cujusque
711 2878 856 2919 partes,
885 2887 969 2924 quae
996 2874 1083 2912 ideo
1110 2874 1199 2912 libri
1227 2874 1483 2915 vocabantur.
1514 2876 1566 2913 lta
1591 2872 1675 2910 enim

225 2928 384 2978 jubebat
410 2930 488 2980 ipsa
515 2931 743 2971 voluminum
774 2935 907 2987 forma,
928 2951 1058 2988 parum
1088 2952 1176 2977 sane
1201 2940 1412 2990 commoda,
1442 2941 1470 2977 si
1499 2948 1673 2987 mutuan-
