1752 3495
145 171 238 216 222
530 171 609 214 AD
642 169 978 215 SlBYLLlNOS
1003 168 1217 214 LtBROS

142 287 158 301 ι-
176 280 299 318 graeco
323 267 400 306 ritu
426 267 646 315 facerent,·
675 267 831 306 minime
855 267 934 305 lieri
963 275 1106 318 potest,
1130 266 1223 317 quin
1252 266 1365 304 nobis
1384 257 1421 305 in
1443 279 1604 310 mentem

131 332 280 379 -veniat,
296 331 556 382 gravissimam
573 332 886 370 consultationem
905 332 1055 370 interim
1072 331 1111 368 in
1127 338 1262 369 senatu
1280 330 1394 369 fuisse
1411 332 1545 372 saetam
1561 336 1606 376 de

141 394 305 446 publicis
324 395 592 445 religionibus,
611 403 726 447 atque
746 394 790 434 ex
813 409 855 435 ea
875 395 1089 442 emicuisse,
1116 393 1220 446 quod
1244 394 1482 434 verissimum
1505 408 1605 448 erat,

138 468 318 498 externas
347 459 502 510 quidem
534 460 831 511 qualescumque
862 460 1063 510 religiones
1093 466 1288 509 suspectas
1320 468 1357 497 et
1377 459 1605 509 periculosas

141 524 274 561 merito
299 523 445 570 videri3
478 537 556 562 non
586 537 695 575 posse
717 532 841 561 tamen
870 523 998 562 Romae
1027 523 1170 561 aditum
1202 522 1404 560 intercludi
1424 523 1468 561 iis
1492 528 1605 566 sacris

137 589 233 626 iisve
251 587 473 626 numinibus
492 601 576 638 quae
605 601 674 638 per
697 586 801 624 orbis
823 595 1011 624 terrarum
1045 587 1245 624 maximam
1267 594 1411 637 partem
1436 596 1547 638 atque
1566 591 1601 628 in

138 652 255 691 ltaliae
273 652 394 703 ipsius
410 651 590 690 inferiore
609 659 728 689 tractu
743 659 780 687 et
800 650 839 688 in
856 651 992 688 ceteris
1009 650 1234 701 regionibus
1256 650 1429 688 Romano
1447 651 1602 702 imperio

136 715 286 767 veljam
314 715 504 765 adjunctis
525 715 583 752 vel
605 723 748 764 postea,
770 714 801 751 si
827 727 895 765 per
915 714 1104 751 fortunam
1124 715 1270 762 liceret,
1292 715 1512 766 accessuris,
1527 718 1602 756 sine

136 780 398 817 controversia
427 778 744 816 dominarentur:
764 776 861 816 bene
890 778 1106 815 consultum
1137 779 1185 816 iri
1214 777 1435 829 reipublicae
1453 779 1482 817 si
1509 783 1602 819 inter

134 844 295 881 victores
314 843 508 892 victosque
526 842 650 892 paries
689 842 752 880 ille
785 842 1030 892 concideret,
1063 841 1245 893 quodque
1260 841 1488 893 jamdudum
1524 846 1599 884 fieri

133 913 313 957 coeperat,
345 913 385 943 ut
410 904 494 943 duze
514 905 717 956 religiones
734 905 773 943 in
795 918 908 943 unam
928 906 1202 952 coalescerent,
1226 906 1264 944 id
1284 907 1435 944 tandem
1456 908 1600 958 publice

133 969 355 1007 sanciretur.
377 969 452 1007 Nec
470 968 626 1007 dubium
654 969 744 1007 liuic
767 970 960 1007 sententiae
981 970 1117 1008 favisse
1143 970 1316 1022 inprimis
1342 971 1598 1020 politissimum

132 1045 321 1082 quemque
350 1041 588 1078 senatorum,
613 1032 651 1070 id
676 1041 746 1080 est,
770 1033 954 1084 patricios
980 1032 1164 1084 majorum
1184 1034 1369 1084 gentium,
1387 1035 1600 1086 quicunque

131 1096 262 1146 graecis
298 1096 470 1134 moribus
501 1105 616 1146 atque
642 1096 783 1143 literis,
809 1097 972 1134 maxime
993 1097 1216 1147 Scipionum
1244 1098 1440 1147 exemp10‚
1472 1100 1597 1150 intingi

130 1169 340 1211 coeperant.
362 1160 447 1198 Fuit
463 1173 574 1210 ergo,
591 1159 663 1197 nisi
682 1160 840 1197 multum
862 1161 1052 1209 fallimur,
1072 1174 1194 1199 annus
1214 1161 1276 1199 ille
1293 1162 1328 1199 in
1351 1163 1595 1201 Romanarum

129 1224 418 1274 vicinarumque
431 1223 659 1274 religionum
675 1224 881 1261 certamine
900 1225 1158 1275 decretorius;
1177 1235 1289 1276 atque
1304 1225 1352 1262 ab
1370 1239 1415 1262 eo
1435 1235 1597 1277 tempore

128 1301 250 1338 graeca
263 1301 383 1335 sacra,
403 1301 489 1338 quae
506 1296 613 1325 antea
631 1286 784 1338 publice
804 1288 886 1325 fieri
908 1301 983 1325 non
1000 1288 1176 1327 solebant
1196 1289 1269 1326 nisi
1289 1289 1595 1329 extraordinariis

129 1351 176 1389 de
195 1351 317 1389 causis
335 1360 372 1388 et
396 1350 581 1401 peculiari
604 1359 756 1388 senatus
770 1350 877 1401 jussu
895 1365 940 1389 ex
961 1351 1164 1402 Sibyllinis
1184 1353 1373 1403 responsis
1386 1381 1396 1399 ,
1411 1362 1594 1403 aequatum

122 1413 188 1465 jus
217 1427 303 1452 cum
321 1414 449 1452 latinis
465 1413 582 1452 sacris
602 1413 838 1462 habuerunt,
860 1414 912 1452 ita
932 1423 1056 1452 tamen
1077 1423 1118 1452 ut
1143 1415 1262 1452 latina
1282 1429 1302 1453 a
1321 1416 1457 1454 ceteris
1480 1430 1593 1454 sacer·

127 1479 260 1516 dotum
275 1478 443 1529 collegiis
463 1486 775 1530 procurarentur,
791 1492 911 1530 graeca
929 1492 1018 1517 vero
1037 1493 1056 1517 a
1075 1480 1305 1518 decemviris
1320 1489 1480 1526 tantum,
1497 1481 1591 1531 quod

128 1544 210 1581 lieri
233 1556 384 1581 necesse
403 1543 560 1580 omnino
580 1542 674 1590 suit,
699 1543 879 1594 quoniam
897 1556 942 1581 ex
964 1543 1129 1581 oraculis
1139 1543 1335 1593 Sibyllinis
1355 1545 1390 1581 in
1411 1544 1589 1595 publicam

126 1607 347 1658 religionem
363 1606 525 1644 admissa
539 1616 660 1645 erant.
676 1606 716 1645 ld
732 1607 852 1645 Varro
869 1607 1098 1658 significasse
1116 1608 1228 1646 nobis
1250 1609 1414 1647 videtur.

177 1672 286 1709 Viam
317 1684 435 1722 porro
470 1671 563 1708 huic
605 1672 935 1718 senatusconsulto
976 1681 1240 1723 praestraverat
1275 1685 1429 1710 carmen
1464 1672 1587 1710 Marcii

124 1736 244 1786 vatis,
260 1749 366 1775 sacra
387 1749 472 1774 cum
492 1736 590 1774 ludis
612 1735 780 1787 Apollini
801 1736 949 1774 institui
969 1750 1088 1787 eaque
1108 1750 1233 1787 graeco
1255 1737 1328 1774 ritu
1349 1737 1428 1774 fieri
1444 1735 1585 1787 jubens.

123 1801 210 1847 Quo
225 1800 274 1838 de
296 1800 452 1838 oraculo
468 1799 634 1837 diximus
654 1812 784 1850 supra,
802 1813 886 1851 cap.
906 1801 953 1840 5:
974 1800 1192 1838 addendum
1212 1814 1302 1839 vero
1317 1814 1363 1839 ex
1382 1801 1503 1840 Livio.
1523 1803 1584 1839 loe.

122 1865 201 1911 cit.,
222 1864 329 1916 prius
347 1864 570 1902 consultum
593 1864 708 1902 fuisse
728 1864 766 1901 in
786 1873 943 1912 senatu,
978 1873 1210 1916 cautumque
1229 1874 1432 1915 antequam
1453 1864 1584 1915 aliquid

55 1943 74 1971 ο
109 1935 363 1974 «statueretur,
395 1943 410 1960 n
430 1934 471 1964 ut
488 1927 691 1965 decemviri
711 1927 829 1964 libros
843 1926 1074 1978 [Sibyllinos
1090 1926 1251 1980 nempe]
1269 1928 1316 1966 de
1334 1928 1431 1966 ludis
1450 1929 1583 1979 Apolli-

120 2009 136 2026 «
151 1992 210 2029 nis
224 2005 342 2042 reque
358 1991 487 2030 divina
509 1991 684 2030 faciunda
703 1992 951 2042 inspicerent,
969 2009 983 2025 ¹»
999 1993 1160 2043 quod-et
1177 2006 1197 2030 a
1217 1991 1425 2038 Macrobio,
1448 1991 1514 2029 loe.
1526 1992 1582 2029 cit.

119 2056 320 2106 diligenter
348 2063 572 2094 annotatum
594 2064 669 2104 est,
688 2069 757 2093 nec
781 2057 895 2094 semel
913 2064 1081 2106 tantum,
1101 2056 1166 2094 sed
1192 2055 1253 2094 bis
1273 2070 1316 2093 ac
1345 2065 1402 2094 ter
1419 2072 1426 2094 ε
1444 2056 1582 2094 dixerat

118 2122 217 2158 enim
233 2119 418 2158 celebrari
438 2120 549 2158 ludos
567 2120 653 2158 illos
667 2138 682 2153 «ι
697 2134 743 2158 ex
760 2121 940 2158 vaticinio
952 2121 1084 2159 Marcii
1100 2121 1197 2158 vatis
1211 2120 1453 2171 carmineque
1467 2120 1581 2169 Sibyl·

119 2204 136 2220 «
153 2185 279 2236 lino3»
301 2198 389 2223 mox
411 2184 519 2222 addit
538 2199 546 2223 :
563 2202 577 2218 «ι
593 2185 698 2223 Bello
718 2185 818 2223 enim
843 2185 990 2224 Punico
1012 2186 1050 2223 hi
1073 2185 1154 2223 ludi
1186 2199 1231 2223 ex
1265 2185 1371 2223 libris
1393 2184 1579 2235 Sibyllinis

117 2253 307 2301 «primum
322 2258 411 2287 sunt
424 2249 608 2296 instituti3
625 2267 640 2283 υ
656 2249 796 2288 deinde
815 2263 892 2287 rem
910 2263 992 2287 eam
1009 2259 1136 2287 narrat
1153 2250 1287 2288 iisdem
1302 2264 1430 2301 paene,
1451 2248 1578 2300 quibus

118 2315 260 2361 Livius,
281 2313 419 2354 verbis.
438 2315 513 2353 Nec
530 2314 642 2352 aliter
656 2316 810 2353 Verrius
828 2315 981 2353 Flaccus
994 2328 1039 2352 ex
1052 2315 1175 2354 Sinnii
1187 2316 1383 2366 Capitonis
1399 2314 1472 2352 fide
1485 2312 1577 2364 apud

99 2384 102 2387 ’
118 2371 282 2426 Festum,
299 2392 334 2416 v.
352 2381 464 2416 Salva
484 2392 552 2416 res.
578 2379 674 2430 Ergo
693 2378 994 2417 decemvirorum
1013 2380 1185 2417 interfuit
1204 2380 1241 2417 in
1264 2394 1307 2417 ea
1330 2394 1369 2417 re
1384 2379 1576 2423 sententia,

115 2443 220 2494 iique
252 2443 381 2495 graecis
409 2443 654 2494 religionibus
684 2444 939 2495 importandis
973 2445 1173 2494 saveruut;
1207 2458 1333 2495 neque
1369 2444 1406 2482 id
1437 2444 1575 2489 mirum,

117 2515 275 2557 propter
290 2519 421 2544 causas
437 2520 553 2558 supra
566 2507 712 2547 allatas.
731 2508 961 2546 Miraremur
981 2508 1098 2557 magis
1115 2518 1268 2546 senatus
1282 2509 1574 2551 inconstantiam,

115 2570 187 2608 nisi
206 2571 487 2621 suspicaremur
504 2571 742 2609 molitionem
764 2573 927 2622 aliquam
949 2573 986 2609 in
1005 2572 1168 2623 collegio
1187 2573 1366 2624 primum,
1396 2571 1526 2610 deinde
1541 2572 1574 2606 in

94 2659 97 2662 <
114 2642 246 2672 senatu
266 2635 401 2671 saetam
417 2663 427 2681 ,
449 2643 489 2672 ut
511 2636 565 2673 sic
581 2636 746 2686 antiquis
760 2636 932 2674 moribus
947 2636 1208 2687 derogaretur.
1234 2638 1374 2688 Atque,
1394 2645 1433 2674 ut
1463 2644 1572 2673 totum

113 2698 285 2736 dicamus
306 2698 409 2749 quod
435 2699 616 2738 sentimus
632 2728 642 2745 ,
663 2701 885 2752 suppositos
906 2701 1008 2752 ipsos
1028 2701 1160 2739 Marcii
1183 2701 1303 2739 libros
1327 2710 1500 2753 putamus
1521 2697 1572 2735 vel

114 2765 158 2802 iis
179 2765 317 2802 inserta
337 2764 414 2801 duo
428 2764 492 2802 illa
510 2778 688 2816 responsa
707 2765 755 2803 ab
775 2766 904 2805 eadem
926 2767 1089 2805 factione
1113 2781 1198 2818 quae
1212 2767 1440 2819 graecanicos
1460 2777 1571 2803 mores

114 2842 326 2880 propagare
346 2828 447 2867 omui
471 2842 544 2880 ope
571 2830 760 2871 studebat.
785 2831 996 2883 Oportebat
1023 2827 1121 2870 enim
1151 2840 1191 2869 ut
1222 2833 1380 2869 consilio
1401 2831 1570 2869 adversus
