1686 3500
654 102 968 150 EXCURSUS
1001 103 1097 148 VlI.
1514 107 1605 154 609

141 200 290 239 vocales
314 200 436 252 longae
459 212 524 238 seu
555 199 786 251 diphthongi
814 208 902 239 ante
929 201 1096 239 vocalem
1126 214 1202 239 non
1229 190 1501 254 corripiuntur.
1530 205 1609 245 Nec
1639 228 1646 239 ·

141 264 269 304 omnin
296 263 587 304 recensebimus.
610 264 866 304 Conseruntur
893 273 1039 305 tantum
1066 266 1151 315 111²,
1183 266 1270 317 136,
1291 266 1382 313 208,
1400 268 1492 316 505,
1519 269 1609 321 579.

141 330 232 378 623,
270 329 366 377 ⁶73l.;
395 328 457 377 lv,
477 329 548 376 ¹75,
577 340 641 377 79,
665 336 757 374 etc„
787 336 862 366 etc.
881 334 929 368 At
961 329 997 367 in
1028 330 1111 368 istis
1142 330 1322 369 omnibus
1350 331 1443 370 locis
1474 333 1607 372 assei-ri

139 401 268 445 potest
281 406 434 431 caesurae
449 393 654 432 excusatio.
674 393 772 431 Esto.
789 392 928 431 Arsen-ri
942 401 1069 432 autem
1090 393 1245 432 minime
1262 404 1386 446 potest
1404 396 1492 444 111‘,
1508 397 1606 448 5193

139 459 184 507 V,
203 459 265 503 62,
283 459 379 504 2183
402 458 439 505 1,
467 463 560 504 470,
580 465 656 497 etc.
677 459 721 496 Et
736 457 813 495 huc
835 458 936 495 redit
955 458 1059 509 quod
1081 472 1196 511 supra
1218 460 1512 510 indigitavimus,
1529 476 1605 501 non

138 523 271 574 longas
291 531 435 560 tantum
457 521 738 574 diphthongos,
756 521 820 560 sed
851 530 888 559 et
909 521 1065 571 breves,
1094 533 1181 562 ante
1205 513 1372 562 roc-alem
1402 525 1606 575 productas

137 587 176 626 in
192 599 334 624 caesura
352 586 529 637 reperiri.
554 586 598 626 Id
615 600 706 625 vero
723 586 838 624 etiam
856 593 966 624 extra
985 599 1166 624 caesuram
1180 616 1190 635 ,
1210 595 1250 625 ut
1273 587 1362 635 lll',
1387 589 1475 638 166,
1491 587 1609 636 ὅσσαι,

137 659 174 690 et
190 651 279 699 674,
294 649 508 700 λάμπουσαι.
528 650 636 690 Unde
655 659 759 701 patet
776 650 1068 701 productionem
1090 650 1247 689 istarum
1263 651 1515 704 syllabarum,
1532 654 1613 693 ubi-

136 728 300 765 cumque
330 714 456 752 medio
485 714 523 752 in
554 728 665 753 versu
702 714 804 767 apud
842 717 1006 754 Nostros
1034 714 1224 763 occurrit,
1250 729 1325 754 nou
1359 725 1433 755 tatu
1461 732 1609 759 caesurae

136 778 400 830 imputandam
421 792 500 817 esse
523 792 636 829 quam
656 779 758 817 falsae
775 779 823 817 de
842 792 973 817 earum
993 787 1128 816 natura
1145 778 1331 830 opinioni,
1349 790 1526 833 tanquam
1543 798 1610 822 an·

135 846 270 897 cipites
291 858 446 895 prorsus
466 845 624 891 suerint,
653 853 690 882 ct
708 853 829 896 poetae
848 843 1010 882 arbitrio
1028 844 1232 895 permissae.
1251 845 1308 883 De
1324 846 1383 884 καί
1402 846 1610 896 adverbio,

136 918 222 949 ante
239 909 405 947 vocalem
434 908 644 960 producto,
666 908 768 960 quod
786 909 924 959 passim
943 908 980 946 iu
1008 907 1188 947 omuibus
1204 907 1400 959 Sibyllinis
1423 913 1611 961 occurrit,

137 975 248 1013 etiam
264 974 363 1011 libro
380 974 466 1021 111‘,
484 975 574 1020 233,
591 974 679 1025 598,
693 982 785 1021 etc„
805 987 882 1010 nou
900 973 1076 1024 estquod
1095 973 1257 1011 multum
1278 987 1468 1023 curemus,
1492 991 1610 1028 quum

135 1040 247 1078 etiam
268 1038 369 1090 apud
389 1038 513 1077 bonos
534 1047 668 1089 poetas
687 1046 801 1089 atque
825 1037 952 1089 ipsum
980 1038 1186 1076 Hesiodum
1213 1048 1419 1077 occurrant
1455 1041 1538 1079 talis
1565 1042 1613 1080 li-

133 1104 265 1142 centiae
280 1104 507 1155 specimina,
532 1104 672 1141 frustra
692 1102 740 1139 ab
762 1102 975 1141 editoribus
995 1111 1149 1141 tentata.
1170 1104 1259 1141 liaec
1278 1103 1406 1142 omnia
1421 1131 1431 1151 ,
1451 1115 1493 1143 ut
1512 1105 1610 1145 dixi-

132 1181 234 1213 mu8‚
252 1167 351 1206 inter
372 1168 498 1206 hiatus
518 1166 717 1205 reserenda
735 1163 839 1206 suut.

189 1232 436 1271 Contrarium
463 1241 518 1271 est
537 1231 706 1270 hiatibus
722 1232 855 1270 vitium
881 1246 999 1284 quum
1021 1232 1178 1284 syllabae
1195 1233 1369 1285 quaedam
1395 1234 1529 1274 durius
1544 1237 1611 1275 eli·

138 1297 295 1346 duntur,
313 1307 353 1336 ut
373 1298 459 1344 111‘,
480 1312 564 1344 roo,
586 1296 730 1344 ἀναδῆν·
746 1298 833 1349 (pro
849 1298 1038 1345 ἀναὸἧναι,
1056 1298 1086 1336 si
1104 1307 1212 1337 vetus
1233 1300 1345 1338 lectio
1362 1301 1611 1354 retineatur);

137 1362 225 1410 ΠΡ,
244 1364 329 1411 130,
346 1361 442 1416 θρέψ’
461 1362 555 1414 (pro
569 1361 726 1415 Ορίψαι);
751 1363 813 1411 IV,
835 1362 922 1412 136,
942 1370 1016 1401 vet.
1034 1360 1133 1409 ree„
1153 1362 1455 1418 μυριᾶσ’ἀνδρῶν;
1481 1366 1526 1415 ll,
1547 1367 1611 1413 84,

137 1427 310 1475 πεινῶντ’,
341 1436 416 1467 ete.
449 1428 611 1466 Leviora
651 1435 775 1465 tamen
815 1427 916 1475 liaec,
952 1441 1072 1478 quum
1101 1429 1141 1465 in
1167 1429 1258 1466 solis
1294 1429 1499 1468 verborum
1537 1431 1614 1470 ele·

137 1494 275 1532 mentis
300 1502 514 1545 versentur,
542 1507 655 1544 quain
683 1506 767 1543 quae
786 1491 865 1543 jam
886 1492 1158 1543 exprobranda
1186 1503 1409 1544 supersunt,
1435 1494 1482 1532 ad
1510 1496 1613 1547 ipsos

135 1571 268 1597 versus
285 1568 400 1609 atque
417 1558 463 1595 ad
486 1566 602 1595 totam
619 1571 751 1595 eorum
773 1570 992 1609 compagem
1014 1559 1256 1608 pertinentia.

188 1625 409 1662 Occurrunt
425 1623 462 1659 in
481 1623 621 1660 nostris
636 1621 870 1673 carminibus
888 1624 1050 1673 pessime
1064 1613 1273 1661 constructi
1287 1636 1434 1672 versus,
1448 1632 1486 1662 et
1499 1636 1611 1676 quos,

137 1689 248 1727 utait
267 1688 471 1739 Horatius,
494 1688 623 1726 incudi
655 1689 713 1726 vel
747 1697 858 1726 torno
886 1687 1044 1727 reddere
1066 1688 1182 1726 satius
1214 1688 1366 1737 suisset,
1396 1690 1474 1728 sive
1503 1690 1608 1742 quod

133 1756 286 1793 caesui-is
311 1763 485 1803 careant,
505 1755 583 1793 sive
610 1755 715 1806 quod
745 1755 860 1793 hiulci
880 1768 924 1792 ac
943 1754 1078 1793 dissuti
1100 1755 1391 1807 supervacaneis
1413 1757 1611 1808 particulis

137 1819 234 1858 male
260 1820 588 1871 conglutinentur,
620 1820 699 1857 sive
727 1819 832 1871 quod
861 1820 990 1862 nescio
1018 1819 1111 1871 quid
1142 1820 1349 1859 distortum
1372 1835 1415 1861 ac
1440 1822 1611 1862 deforme

136 1884 351 1938 praebeant,
379 1885 511 1938 quales
530 1884 568 1923 hi
588 1893 677 1923 suut
696 1898 705 1925 :

188 1949 273 1990 ΗΓ.
297 1951 382 1990 128.
414 1949 554 1989 Οὔνεκά
568 1964 621 1988 τοι
640 1948 847 2003 πρέσὸιστός
866 1950 897 1988 τ’
919 1943 961 1996 ἦν
981 1964 1019 2000 γε
1037 1947 1097 1987 καὶ
1117 1942 1207 1992 εἶδος
1226 1949 1379 2002 ἄριστος.

296 2016 383 2061 134.
413 2014 535 2062 Θήλεα
558 2015 593 2053 δὲ
615 2013 714 2059 ζῶντ’
731 2013 809 2053 εἴων
828 2015 859 2053 οἱ
876 2013 972 2067 παρὰ
993 2013 1101 2068 μητρὶ
1119 2013 1316 2068 τρέφεσθαι.

297 2085 381 2124 141.
411 2077 571 2117 Τοῦνεκα
591 2079 620 2116 οἳ
640 2078 696 2116 Δί’
711 2077 988 2128 ἐπωνομάσανο’,
1008 2078 1060 2117 ὅτι
1078 2079 1109 2116 οἱ
1127 2077 1333 2131 διεπέμφθη.

292 2150 381 2189 24²·
409 2142 503 2183 Οὖδέ
524 2158 563 2194 γε
581 2142 692 2196 χήρας
713 2141 843 2189 Θλίὸει,
868 2142 999 2193 μᾶλλον
1019 2143 1048 2180 δ’
1063 2136 1145 2181 αὖτε
1163 2145 1295 2193 βοηθεῖ.

293 2209 379 2256 571.
408 2206 530 2247 ⁶060·oe
550 2207 650 2258 μόνος
670 2206 869 2259 βουλεύεται
884 2208 946 2245 οὐκ
962 2206 1130 2246 ἀτέλευτα
1146 2207 1236 2252 Θεός
1255 2222 1309 2258 γε.

293 2275 381 2322 778.
415 2273 559 2311 Εὗὸατα
574 2271 633 2310 καὶ
654 2271 813 2310 εὔπλωτά
828 2270 866 2322 γε
885 2270 1022 2310 ἔσσεται
1037 2271 1150 2323 ἤμασι
1165 2271 1302 2315 κείνοις.

188 2341 248 2380 lv.
322 2342 383 2388 78.
413 2338 596 2386 Πεζεύσει,
614 2338 756 2376 πλεύσει
776 2337 812 2376 δέ
832 2352 869 2376 τε
887 2341 1007 2388 μοῦνος
1027 2336 1050 2375 ἃ
1068 2338 1173 2377 ποσσὶ
1192 2343 1370 2379 πατεῖται.

187 2405 235 2446 V.
316 2405 378 2443 62.
410 2402 555 2456 Λυπρὴ,
574 2402 666 2441 ὥστε
688 2405 815 2455 βοῆσαι
834 2402 959 2441 καύτὸν
981 2402 1260 2456 τερπικέραυνον.

297 2483 380 2518 109.
408 2461 484 2507 Εἶτ’
504 2467 592 2507 οὕτω
607 2467 702 2512 τέλος
718 2466 858 2506 ἔσσεται
876 2467 1016 2520 ἄφθιτον
1034 2467 1281 2520 ἀνθρώποισιν.

298 2534 383 2572 156.
402 2532 474 2572 “Hv
490 2549 543 2572 τοι
563 2535 699 2585 πρῶτον
720 2532 844 2579 ἔθηκάν
859 2532 890 2570 τ’
912 2533 1051 2585 εἰναλίῳ
1071 2533 1259 2572 Ποσιδῶνι.

296 2599 383 2648 259.
413 2597 552 2645 Μηκέτι
573 2597 683 2649 τείρεο
702 2596 829 2649 θυμὸν,
851 2596 900 2647 μὴ
924 2596 1089 2643 στήθεσσι
1111 2596 1268 2649 μέγαιρε.

295 2663 385 2702 288.
417 2661 462 2702 Αἲ
483 2661 534 2711 αἲ,
557 2662 724 2715 Σάρδεις,
741 2661 778 2700 αἳ
798 2660 833 2699 αἲ
849 2660 907 2700 καὶ
927 2661 1126 2714 πολυήρατε
1142 2661 1307 2713 Τράλλκ.

189 2729 302 2769 'l'nles
320 2742 449 2767 versus
473 2737 626 2780 tamque
657 2728 825 2766 inlicetos
849 2727 1017 2778 reperias
1048 2727 1084 2764 in
1121 2727 1204 2764 aliis
1235 2713 1612 2778 quoquelibrissin·

143 2795 291 2833 terdum
323 2803 462 2841 tamen,
486 2802 526 2831 ut
550 2794 604 2831 vel
627 2793 675 2831 de
705 2795 874 2844 priorum
897 2793 1158 2843 exemplorum
1179 2791 1408 2843 quibusdam
1428 2790 1614 2843 suspicari

337 2867 419 2912 111.
1360 2863 1419 2927 39
