1752 3495
561 239 564 242 Α
617 200 919 245 EXCURSUS
952 201 1030 246 ΙΙΙ.
1393 264 1401 274 κ
1450 205 1530 250 161
1582 245 1586 248 .

83 306 193 348 viros,
203 297 348 349 legendi
366 285 723 346 interpretantlicjue
742 309 884 334 causa:
907 294 1024 338 Ὡςδ“
1039 297 1078 335 οὗ
1099 297 1189 338 πάνυ
1205 301 1273 338 τῶν
1289 299 1539 354 γεγραμμένων

83 362 306 413 mavimam&
320 359 382 406 τὴν
401 357 560 397 Ἐλλάδα
583 358 790 405 στείλαντες,
809 359 867 397 δύο
886 359 1010 411 ανδρας
1029 361 1162 399 ἐκεῖθεν
1179 367 1298 413 μισθοῦ
1314 363 1444 415 ἤγαγον
1461 364 1541 409 τους

85 422 376 477 ἀναγνωσομένους
408 424 520 460 ταῦτα
547 421 607 459 καὶ
638 421 923 474 ἓρμηνεύσοντας,
953 422 1084 461 Graece
1105 436 1197 474 ergo
1224 426 1356 476 scripti
1385 427 1540 466 fuerunt

87 495 107 532 ii
131 491 232 536 libri,
260 501 328 525 nec
361 487 433 524 nisi
464 500 534 537 per
556 500 744 524 summum
770 500 940 524 errorem
972 480 1260 525 aliter'sensisse
1287 489 1438 528 videtur
1467 492 1539 530 Ju-

86 559 197 595 lianus
227 553 431 602 imperator
463 550 566 602 apud
587 551 792 601 Cyrillum,
828 550 892 589 lib.
914 551 984 594 VI,
1011 564 1050 602 p.
1078 556 1168 601 194,
1193 551 1240 589 dc
1269 552 1446 591 Romanae
1475 556 1539 593 Si·

86 620 189 661 bvllae
208 614 398 654 beneflciis
419 614 471 651 ita
491 613 661 651 scribens
680 629 688 652 :
708 614 829 652 Ταῦτα
863 612 925 663 μὲν
953 607 1010 651 οὖν
1031 614 1069 651 ἐκ
1098 617 1251 666 κατοχῆς
1278 615 1335 654 καὶ
1364 616 1539 661 ἐπιπνοίας

86 664 186 727 (ἰξίας,
218 678 256 717 ἔκ
286 692 322 716 τε
344 679 412 714 τῶν
442 679 505 722 τῆς
529 676 705 722 Elam-,e
732 676 879 715 καὶτῶν
902 677 1030 726 ἄλλων,
1058 676 1091 714 οἳ
1110 675 1150 723 δὴ
1178 676 1337 728 γεγόνασι
1367 679 1456 717 κατὰ
1477 681 1539 729 τὴν

85 747 214 796 πάτριον
240 739 355 795 φωνὴν
375 740 636 792 χρησμολόγοι,
671 740 828 791 φαίνεται
855 739 931 782 δοὺς
950 743 967 778 ὁ
986 738 1069 783 Ζεὺς
1099 743 1141 792 τῇ
1161 741 1259 779 πόλει
1279 754 1289 781 :
1311 742 1381 780 nisi
1404 743 1499 782 sorte
1518 759 1539 783 a

85 809 216 859 sibylla
235 806 468 856 distinguere
486 805 606 842 voluit
626 805 791 843 Marcios
813 805 961 848 fratres,
981 818 1144 856 quorum
1161 805 1315 844 oracula
1333 806 1447 844 latina
1465 821 1542 858 pu-

87 877 173 913 blice
206 870 400 921 Sibyllinis
432 870 609 920 adjuncta
642 869 812 907 dicemus
841 870 960 917 infra,
983 883 1065 920 cap.
1087 870 1108 906 5
1135 886 1143 907 :
1172 884 1268 921 quos
1290 884 1360 908 nos
1389 872 1541 922 quidem

87 937 176 976 baud
200 935 307 973 inviti
326 933 528 973 credimus.
547 935 612 972 Sin
627 935 764 982 minus,
778 935 824 972 ad
838 935 1032 972 ,lulianum
1049 934 1295 973 refellendum
1311 936 1400 974 satis
1418 945 1542 975 essent

88 1005 284 1052 fragmenta
306 999 458 1048 Sibyllae
476 1012 498 1036 a
519 999 727 1050 Plilegonte
747 1006 909 1044 servata,
937 999 975 1036 in
1006 998 1120 1049 hujus
1142 999 1332 1037 Excursus
1359 1001 1433 1038 fine
1453 1014 1545 1052 pro-

89 1065 250 1110 ferenda,
285 1076 448 1114 quorum
468 1063 498 1100 si
526 1077 602 1100 non
628 1063 811 1110 omnium,
844 1063 976 1100 saltem
1004 1062 1277 1101 nonnullorum
1299 1063 1409 1112 fides,
1434 1064 1545 1104 nobis

84 1128 284 1181 judicibus,
313 1126 532 1164 labefactari
564 1127 715 1164 minime
738 1135 878 1178 potest.

134 1197 247 1242 Atque
271 1205 318 1229 ex
344 1191 474 1229 iisdem
505 1191 724 1242 fragmentis
746 1191 934 1229 discemus
954 1191 991 1227 in
1007 1193 1100 1231 Exc.
1122 1192 1154 1229 11
1174 1191 1348 1229 versibus
1376 1192 1545 1230 conscri-

32 1251 34 1253 ’
89 1267 161 1310 ptos
186 1257 297 1294 fuisse
318 1256 403 1293 illos
426 1255 559 1300 libr05‚
579 1264 615 1292 et
635 1255 786 1306 quidem
806 1257 917 1306 epico
934 1264 1057 1292 metro
1071 1255 1201 1305 ,quod
1222 1255 1363 1303 solum,
1394 1264 1435 1294 ut
1454 1256 1544 1295 alias

88 1322 249 1367 diximus,
278 1319 410 1370 graecis
430 1320 594 1357 maculis
619 1320 816 1370 puwopiium
848 1321 930 1356 luit.
961 1319 1094 1369 Itaque
1115 1328 1215 1357 recte
1240 1333 1279 1357 se
1304 1319 1398 1357 illud
1429 1320 1546 1358 habet.

88 1374 176 1437 apud
200 1384 413 1432 'libullum‚
434 1384 519 1421 loco
540 1384 667 1429 citato,
688 1384 737 1430 ll,
758 1385 851 1434 eleg.
874 1384 908 1431 5,
930 1398 963 1423 v,
991 1386 1034 1421 16
1041 1396 1151 1434 ,sq..·

253 1450 307 1487 Te
324 1449 421 1487 duce
442 1451 631 1487 Romanos
651 1463 847 1500 nunquam
869 1449 902 1485 fi
907 1457 1049 1487 nstrata
1067 1449 1211 1499 Sibylla
1230 1458 1306 1500 est,

307 1513 448 1553 Abdita
469 1528 552 1564 quae
574 1514 672 1551 senis
694 1515 769 1551 fata
793 1514 894 1551 canit
915 1514 1092 1564 pedibus.

89 1581 152 1619 Nec
169 1579 287 1617 minus
305 1592 440 1617 verum
462 1587 518 1616 est
536 1579 767 1616 Tertulliani
805 1579 1080 1627 testimonium,
1113 1587 1246 1617 contra
1267 1582 1372 1626 Nat„
1390 1578 1458 1620 lib.
1488 1581 1542 1627 11,

89 1658 161 1695 cap.
184 1657 241 1693 12,
261 1643 486 1694 Sibyllinum
503 1657 654 1681 carmen
682 1648 868 1680 senariam
890 1643 1060 1680 vocantis
1083 1657 1290 1690 uulnerum,
1313 1644 1379 1682 ubi
1398 1644 1542 1684 librarii

88 1708 196 1759 inepte
211 1721 253 1746 ac
273 1709 384 1746 stulte
403 1710 626 1745 senator-[mn
648 1709 936 1759 rescripserunt.
955 1708 1090 1746 Suidas
1108 1721 1277 1759 quoque,
1296 1722 1332 1749 v.
1351 1707 1538 1762 Ἧροφίλα,

89 1773 272 1810 miliorum
295 1772 479 1810 librorum
502 1782 625 1810 vatem
648 1773 854 1824 respiciens
876 1788 883 1809 :
906 1772 1065 1825 Ἔγραψε
1087 1772 1204 1824 βιὸλία
1238 1772 1270 1822 γ’
1292 1773 1441 1823 μαντικὰ
1461 1775 1538 1812 ἐπι-

89 1838 162 1883 κῶς,
185 1845 219 1874 et
235 1837 324 1874 tales
349 1837 462 1874 fuisse
478 1836 709 1887 Sibyllarum
744 1837 912 1874 omnium
949 1850 1098 1883 versus,
1130 1836 1258 1875 multis
1284 1837 1453 1888 ipsarum
1481 1847 1537 1876 te·-

89 1901 255 1939 stinioniis
272 1902 649 1939 commonstravimns
670 1902 708 1939 in
730 1906 832 1953 App.
858 1901 904 1938 ad
927 1901 1016 1939 Exc.
1037 1901 1086 1941 11.

132 1967 257 2004 Utrum
274 1980 367 2004 vero
388 1967 623 2004 acrosticliiis
642 1967 833 2004 continuis
854 1966 1033 2016 descripti
1069 1965 1209 2003 fuerint
1237 1965 1263 2003 ii
1291 1966 1398 2014 libri,
1431 1968 1534 2018 quod

89 2040 118 2067 et
133 2044 194 2082 per
214 2044 252 2068 se
274 2030 496 2069 incredibile
515 2039 553 2069 et
574 2032 687 2069 certis
709 2031 939 2082 argumentis
970 2030 1168 2077 refellitur,
1196 2037 1331 2068 contra
1352 2021 1535 2081 quorum-

89 2093 160 2130 dam
181 2103 347 2132 veterum
366 2095 584 2146 opinionem
604 2094 881 2146 disputabimus
903 2095 1011 2141 infra,
1035 2108 1118 2145 cap.
1141 2095 1200 2134 15.

132 2159 233 2205 Quod
255 2160 301 2196 ad
327 2160 526 2210 scripturae
563 2160 717 2197 modum
750 2161 898 2207 attinet,
924 2160 954 2196 si
993 2158 1085 2210 quid
1108 2166 1145 2196 et
1175 2158 1224 2196 de
1265 2157 1535 2198 minutioribus

88 2223 269 2260 dicendum
288 2232 362 2268 est,
384 2224 540 2261 uncialis
558 2224 622 2261 illa
642 2224 710 2261 fuit
730 2224 832 2261 haud
851 2223 980 2272 dubie,
997 2224 1177 2273 quoniam
1199 2222 1263 2259 illo
1280 2229 1453 2273 tempore
1469 2223 1534 2261 vix

87 2285 187 2322 altera
218 2295 307 2324 nota
339 2287 427 2334 suit3
448 2287 631 2324 archa'ieis
661 2288 778 2325 literis
804 2297 839 2325 et
873 2288 918 2324 iis
948 2295 1089 2324 tantum
1113 2299 1198 2336 quae
1224 2294 1310 2323 ante
1338 2286 1534 2325 Euclidem

89 2350 229 2400 vulgatae
248 2361 377 2399 erant3
409 2360 559 2389 servato
585 2351 762 2402 digammi
784 2361 821 2389 et
852 2351 1092 2403 aspirationis
1114 2364 1202 2398 usu,
1233 2363 1345 2401 quem
1379 2350 1416 2388 in
1448 2352 1534 2390 Ma-

88 2426 147 2462 gna
171 2415 313 2453 Graecia
338 2414 481 2452 diutius
501 2429 614 2465 quam
643 2416 680 2451 in
703 2416 825 2453 Attica
847 2415 1095 2466 permansisse
1115 2422 1358 2451 monumenta
1378 2413 1536 2453 demon-

88 2486 202 2515 strant.
221 2480 346 2517 Serius
366 2480 494 2526 etiam,
526 2480 787 2518 obsolescente
812 2480 957 2533 charta,
977 2489 1014 2517 et
1033 2478 1195 2517 evanido
1214 2486 1439 2527 atramento,
1460 2492 1537 2518 nox

88 2542 184 2580 altior
202 2544 274 2581 illis
292 2543 459 2582 tenebris
477 2544 607 2582 addita
623 2554 692 2583 est.
734 2544 843 2584 Unde
864 2557 938 2581 non
977 2542 1195 2581 dubitamus
1229 2555 1398 2580 manasse
1425 2552 1538 2594 atque

87 2605 116 2641 in
141 2608 268 2659 vulgus
300 2610 474 2647 diffusam
512 2610 624 2647 fuisse
665 2611 803 2647 samam
841 2609 888 2646 de
924 2607 1200 2660 impenetrabili
1231 2607 1393 2644 horrore
1423 2608 1537 2658 hujus

87 2671 287 2722 §tripturae,
313 2689 389 2725 quo
411 2674 563 2712 videtur
592 2676 801 2725 respexisse
837 2675 1015 2717 Plautus,
1042 2672 1279 2710 manentibus
1295 2671 1448 2710 adhuc
1441 2682 1538 2711 inte-

85 2736 150 2784 gris
183 2737 224 2774 iis
257 2738 383 2787 libris,
419 2740 466 2776 ita
499 2739 546 2775 de
577 2740 736 2790 epistola
771 2738 936 2789 quadam
980 2737 1153 2775 muliebri
1186 2737 1303 2774 ficetc
1336 2736 1469 2804 ludens
1499 2738 1538 2775 in

88 2797 270 2848 Pseudolo,
295 2803 325 2852 l,
357 2817 390 2847 1,
414 2819 447 2841 ν.
468 2804 529 2846 23,
548 2817 605 2852 sq.

285 2868 367 2904 llaoc
389 2868 567 2918 quidun,
591 2833 676 2918 pol,
696 2867 845 2911 credas,
868 2867 937 2903 nisi
959 2866 1101 2916 Sibylla
1123 2865 1278 2915 legerit,

236 2940 306 2981 lll.
1292 2950 1338 2979 ιι
