<?xml version="1.0" encoding="UTF-8"?>
<!DOCTYPE html PUBLIC "-//W3C//DTD XHTML 1.0 Transitional//EN"
    "http://www.w3.org/TR/xhtml1/DTD/xhtml1-transitional.dtd">
<html xmlns="http://www.w3.org/1999/xhtml" xml:lang="en" lang="en">
 <head>
  <title>
</title>
<meta http-equiv="Content-Type" content="text/html;charset=utf-8" />
  <meta name='ocr-system' content='tesseract 3.04.00' />
  <meta name='ocr-capabilities' content='ocr_page ocr_carea ocr_par ocr_line ocrx_word'/>
</head>
<body>
  <div class='ocr_page' id='page_1' title='image "./excursusadsibyll00alexuoft_0276.png"; bbox 0 0 1752 3495; ppageno 0'>
   <div class='ocr_carea' id='block_1_1' title="bbox 690 185 1614 248">
    <p class='ocr_par' dir='ltr' id='par_1_1' title="bbox 690 185 1614 248">
     <span class='ocr_line' id='line_1_1' title="bbox 690 185 1614 248; baseline 0 -18"><span class='ocrx_word' id='word_1_1' title='bbox 690 185 996 233; x_wconf 72' lang='lat' dir='ltr'><strong>exconsus</strong></span> <span class='ocrx_word' id='word_1_2' title='bbox 1029 189 1110 233; x_wconf 79' lang='lat' dir='ltr'><strong>iv.</strong></span> <span class='ocrx_word' id='word_1_3' title='bbox 1481 238 1489 248; x_wconf 45' lang='grc'>,</span> <span class='ocrx_word' id='word_1_4' title='bbox 1521 186 1614 231; x_wconf 77' lang='lat'><strong>267</strong></span> 
     </span>
    </p>
   </div>
   <div class='ocr_carea' id='block_1_2' title="bbox 150 281 1629 2921">
    <p class='ocr_par' dir='ltr' id='par_1_2' title="bbox 150 281 1616 462">
     <span class='ocr_line' id='line_1_2' title="bbox 150 281 1616 336; baseline -0.005 -8"><span class='ocrx_word' id='word_1_5' title='bbox 150 291 251 328; x_wconf 79' lang='lat' dir='ltr'><strong>locos</strong></span> <span class='ocrx_word' id='word_1_6' title='bbox 281 283 492 336; x_wconf 79' lang='lat' dir='ltr'><strong>Sibyllinos</strong></span> <span class='ocrx_word' id='word_1_7' title='bbox 509 295 578 336; x_wconf 84' lang='lat' dir='ltr'><strong>per</strong></span> <span class='ocrx_word' id='word_1_8' title='bbox 604 282 710 320; x_wconf 78' lang='lat' dir='ltr'><strong>vatia</strong></span> <span class='ocrx_word' id='word_1_9' title='bbox 736 281 943 321; x_wconf 83' lang='lat' dir='ltr'><strong>Clementis</strong></span> <span class='ocrx_word' id='word_1_10' title='bbox 965 283 1213 322; x_wconf 80' lang='lat' dir='ltr'>Alexandrini</span> <span class='ocrx_word' id='word_1_11' title='bbox 1234 296 1387 336; x_wconf 79' lang='lat' dir='ltr'><strong>sparsos</strong></span> <span class='ocrx_word' id='word_1_12' title='bbox 1410 285 1529 335; x_wconf 74' lang='lat' dir='ltr'><strong>opera</strong></span> <span class='ocrx_word' id='word_1_13' title='bbox 1549 294 1616 321; x_wconf 75' lang='lat' dir='ltr'><strong>re-</strong></span> 
     </span>
     <span class='ocr_line' id='line_1_3' title="bbox 150 338 1248 396; baseline -0.006 -4"><span class='ocrx_word' id='word_1_14' title='bbox 150 361 382 396; x_wconf 78' lang='lat' dir='ltr'>censeamus,</span> <span class='ocrx_word' id='word_1_15' title='bbox 398 348 471 387; x_wconf 80' lang='lat' dir='ltr'><strong>hos</strong></span> <span class='ocrx_word' id='word_1_16' title='bbox 491 347 572 385; x_wconf 80' lang='lat' dir='ltr'><strong>sere</strong></span> <span class='ocrx_word' id='word_1_17' title='bbox 590 346 829 386; x_wconf 79' lang='lat' dir='ltr'>inveniemus</span> <span class='ocrx_word' id='word_1_18' title='bbox 848 359 860 387; x_wconf 69' lang='grc' dir='ltr'>τ</span> <span class='ocrx_word' id='word_1_19' title='bbox 1245 338 1248 342; x_wconf 58' lang='grc'><strong>’</strong></span> 
     </span>
     <span class='ocr_line' id='line_1_4' title="bbox 355 410 822 462; baseline -0.004 -11"><span class='ocrx_word' id='word_1_20' title='bbox 355 412 388 451; x_wconf 87' lang='lat' dir='ltr'>E</span> <span class='ocrx_word' id='word_1_21' title='bbox 401 410 594 450; x_wconf 90' lang='lat' dir='ltr'><strong>Prooemio</strong></span> <span class='ocrx_word' id='word_1_22' title='bbox 608 410 799 462; x_wconf 80' lang='lat' dir='ltr'><strong>Sibyllino</strong></span> <span class='ocrx_word' id='word_1_23' title='bbox 810 439 822 459; x_wconf 89' lang='lat'><strong><em>‚</em></strong></span> 
     </span>
    </p>

    <p class='ocr_par' dir='ltr' id='par_1_3' title="bbox 203 474 1061 529">
     <span class='ocr_line' id='line_1_5' title="bbox 203 474 1061 529; baseline -0.003 -12"><span class='ocrx_word' id='word_1_24' title='bbox 203 491 236 517; x_wconf 81' lang='grc' dir='ltr'><strong>ι.</strong></span> <span class='ocrx_word' id='word_1_25' title='bbox 251 474 444 529; x_wconf 82' lang='grc' dir='ltr'>Ἄνθρωποι</span> <span class='ocrx_word' id='word_1_26' title='bbox 457 474 588 523; x_wconf 75' lang='grc' dir='ltr'><strong>θνητοὶ,</strong></span> <span class='ocrx_word' id='word_1_27' title='bbox 605 489 639 513; x_wconf 83' lang='grc' dir='ltr'><strong>κ.</strong></span> <span class='ocrx_word' id='word_1_28' title='bbox 655 490 688 512; x_wconf 85' lang='grc' dir='ltr'><strong>τ.</strong></span> <span class='ocrx_word' id='word_1_29' title='bbox 701 475 735 512; x_wconf 88' lang='grc' dir='ltr'><strong>λ.</strong></span> <span class='ocrx_word' id='word_1_30' title='bbox 751 474 895 513; x_wconf 82' lang='lat' dir='ltr'><strong>Strorn.</strong></span> <span class='ocrx_word' id='word_1_31' title='bbox 912 486 953 525; x_wconf 88' lang='lat' dir='ltr'><strong>p.</strong></span> <span class='ocrx_word' id='word_1_32' title='bbox 971 474 1061 522; x_wconf 76' lang='lat'><strong>517.</strong></span> 
     </span>
    </p>

    <p class='ocr_par' dir='ltr' id='par_1_4' title="bbox 202 536 1568 592">
     <span class='ocr_line' id='line_1_6' title="bbox 202 536 1568 592; baseline -0.001 -11"><span class='ocrx_word' id='word_1_33' title='bbox 202 545 329 586; x_wconf 81' lang='grc' dir='ltr'><strong>ιο-ι4.</strong></span> <span class='ocrx_word' id='word_1_34' title='bbox 345 537 412 584; x_wconf 78' lang='grc' dir='ltr'><strong>Τίς</strong></span> <span class='ocrx_word' id='word_1_35' title='bbox 424 536 492 592; x_wconf 80' lang='grc' dir='ltr'><strong>γὰρ</strong></span> <span class='ocrx_word' id='word_1_36' title='bbox 507 536 592 591; x_wconf 77' lang='grc' dir='ltr'>σὰρξ</span> <span class='ocrx_word' id='word_1_37' title='bbox 609 536 765 587; x_wconf 82' lang='grc' dir='ltr'><strong>δύναται,</strong></span> <span class='ocrx_word' id='word_1_38' title='bbox 775 553 809 576; x_wconf 84' lang='grc' dir='ltr'><strong>κ.</strong></span> <span class='ocrx_word' id='word_1_39' title='bbox 820 553 852 577; x_wconf 83' lang='grc' dir='ltr'><strong>τ.</strong></span> <span class='ocrx_word' id='word_1_40' title='bbox 873 538 907 577; x_wconf 90' lang='grc' dir='ltr'><strong>λ.</strong></span> <span class='ocrx_word' id='word_1_41' title='bbox 920 538 1062 577; x_wconf 84' lang='lat' dir='ltr'><strong>strom.</strong></span> <span class='ocrx_word' id='word_1_42' title='bbox 1075 551 1114 590; x_wconf 88' lang='lat' dir='ltr'><strong>p.</strong></span> <span class='ocrx_word' id='word_1_43' title='bbox 1125 543 1199 587; x_wconf 80' lang='lat'><strong>714</strong></span> <span class='ocrx_word' id='word_1_44' title='bbox 1211 546 1252 578; x_wconf 84' lang='lat' dir='ltr'><strong>et</strong></span> <span class='ocrx_word' id='word_1_45' title='bbox 1267 537 1428 578; x_wconf 79' lang='lat' dir='ltr'><strong>cohort.</strong></span> <span class='ocrx_word' id='word_1_46' title='bbox 1443 545 1483 590; x_wconf 75' lang='grc' dir='ltr'><strong>ρ’.</strong></span> <span class='ocrx_word' id='word_1_47' title='bbox 1501 539 1568 580; x_wconf 80' lang='grc' dir='ltr'><strong>δι.</strong></span> 
     </span>
    </p>

    <p class='ocr_par' dir='ltr' id='par_1_5' title="bbox 199 604 1202 660">
     <span class='ocr_line' id='line_1_7' title="bbox 199 604 1202 660; baseline -0.004 -11"><span class='ocrx_word' id='word_1_48' title='bbox 199 611 329 656; x_wconf 69' lang='grc' dir='ltr'><strong>ει3·α7.</strong></span> <span class='ocrx_word' id='word_1_49' title='bbox 346 605 458 660; x_wconf 72' lang='grc' dir='ltr'>Τύφῳ</span> <span class='ocrx_word' id='word_1_50' title='bbox 472 604 532 644; x_wconf 73' lang='grc' dir='ltr'><strong>καὶ</strong></span> <span class='ocrx_word' id='word_1_51' title='bbox 549 604 656 658; x_wconf 75' lang='grc' dir='ltr'>μανίῃ</span> <span class='ocrx_word' id='word_1_52' title='bbox 676 605 726 655; x_wconf 77' lang='grc' dir='ltr'><strong>δὲ,</strong></span> <span class='ocrx_word' id='word_1_53' title='bbox 746 621 780 645; x_wconf 86' lang='grc' dir='ltr'><strong>κ.</strong></span> <span class='ocrx_word' id='word_1_54' title='bbox 795 621 830 644; x_wconf 86' lang='grc' dir='ltr'><strong>τ.</strong></span> <span class='ocrx_word' id='word_1_55' title='bbox 848 606 886 646; x_wconf 92' lang='grc' dir='ltr'><strong>λ.</strong></span> <span class='ocrx_word' id='word_1_56' title='bbox 901 605 1063 645; x_wconf 81' lang='lat' dir='ltr'><strong>Cohort.</strong></span> <span class='ocrx_word' id='word_1_57' title='bbox 1084 619 1122 657; x_wconf 84' lang='lat' dir='ltr'><strong>p.</strong></span> <span class='ocrx_word' id='word_1_58' title='bbox 1139 606 1202 646; x_wconf 79' lang='lat'><strong>23.</strong></span> 
     </span>
    </p>

    <p class='ocr_par' dir='ltr' id='par_1_6' title="bbox 200 665 1368 721">
     <span class='ocr_line' id='line_1_8' title="bbox 200 665 1368 721; baseline -0.002 -9"><span class='ocrx_word' id='word_1_59' title='bbox 200 675 264 712; x_wconf 82' lang='lat'><strong>28.</strong></span> <span class='ocrx_word' id='word_1_60' title='bbox 283 665 397 714; x_wconf 72' lang='grc' dir='ltr'>Οἷτος</span> <span class='ocrx_word' id='word_1_61' title='bbox 411 667 506 717; x_wconf 79' lang='grc' dir='ltr'>ἰδοὺ,</span> <span class='ocrx_word' id='word_1_62' title='bbox 523 684 558 709; x_wconf 85' lang='grc' dir='ltr'><strong>κ.</strong></span> <span class='ocrx_word' id='word_1_63' title='bbox 573 686 605 708; x_wconf 83' lang='grc' dir='ltr'><strong>τ.</strong></span> <span class='ocrx_word' id='word_1_64' title='bbox 622 671 654 709; x_wconf 88' lang='grc' dir='ltr'><strong>λ.</strong></span> <span class='ocrx_word' id='word_1_65' title='bbox 669 671 812 709; x_wconf 86' lang='lat' dir='ltr'><strong>Strom.</strong></span> <span class='ocrx_word' id='word_1_66' title='bbox 833 683 875 721; x_wconf 89' lang='lat' dir='ltr'><strong>p.</strong></span> <span class='ocrx_word' id='word_1_67' title='bbox 896 671 988 718; x_wconf 80' lang='lat'><strong>718,</strong></span> <span class='ocrx_word' id='word_1_68' title='bbox 1004 679 1043 710; x_wconf 87' lang='lat' dir='ltr'><strong>et</strong></span> <span class='ocrx_word' id='word_1_69' title='bbox 1061 669 1221 709; x_wconf 85' lang='lat' dir='ltr'><strong>Cohort.</strong></span> <span class='ocrx_word' id='word_1_70' title='bbox 1241 682 1282 721; x_wconf 87' lang='lat' dir='ltr'><strong>p.</strong></span> <span class='ocrx_word' id='word_1_71' title='bbox 1300 669 1368 710; x_wconf 88' lang='grc'><strong>66.</strong></span> 
     </span>
    </p>

    <p class='ocr_par' dir='ltr' id='par_1_7' title="bbox 203 733 994 788">
     <span class='ocr_line' id='line_1_9' title="bbox 203 733 994 788; baseline -0.005 -12"><span class='ocrx_word' id='word_1_72' title='bbox 203 736 343 788; x_wconf 83' lang='lat'><strong>29-36.</strong></span> <span class='ocrx_word' id='word_1_73' title='bbox 363 733 571 784; x_wconf 81' lang='grc' dir='ltr'><strong>ἘλΟετε,κ.</strong></span> <span class='ocrx_word' id='word_1_74' title='bbox 584 749 618 775; x_wconf 83' lang='grc' dir='ltr'><strong>τ.</strong></span> <span class='ocrx_word' id='word_1_75' title='bbox 632 735 668 774; x_wconf 88' lang='grc' dir='ltr'><strong>λ.</strong></span> <span class='ocrx_word' id='word_1_76' title='bbox 682 734 849 775; x_wconf 85' lang='lat' dir='ltr'><strong>Cohort.</strong></span> <span class='ocrx_word' id='word_1_77' title='bbox 871 748 910 787; x_wconf 87' lang='lat' dir='ltr'><strong>p.</strong></span> <span class='ocrx_word' id='word_1_78' title='bbox 930 735 994 774; x_wconf 88' lang='grc'><strong>66.</strong></span> 
     </span>
    </p>

    <p class='ocr_par' dir='ltr' id='par_1_8' title="bbox 200 799 1301 1032">
     <span class='ocr_line' id='line_1_10' title="bbox 355 799 609 839; baseline 0 0"><span class='ocrx_word' id='word_1_79' title='bbox 355 800 387 839; x_wconf 87' lang='grc' dir='ltr'>Ε</span> <span class='ocrx_word' id='word_1_80' title='bbox 406 799 509 837; x_wconf 85' lang='lat' dir='ltr'><strong>libro</strong></span> <span class='ocrx_word' id='word_1_81' title='bbox 530 800 609 839; x_wconf 82' lang='grc' dir='ltr'><strong>ΠΙ.</strong></span> 
     </span>
     <span class='ocr_line' id='line_1_11' title="bbox 200 861 1316 916; baseline -0.005 -11"><span class='ocrx_word' id='word_1_82' title='bbox 200 866 295 905; x_wconf 82' lang='grc'><strong>586-</strong></span> <span class='ocrx_word' id='word_1_83' title='bbox 299 865 390 915; x_wconf 82' lang='lat'><strong>593.</strong></span> <span class='ocrx_word' id='word_1_84' title='bbox 412 861 548 907; x_wconf 78' lang='grc' dir='ltr'>Οἵτινες</span> <span class='ocrx_word' id='word_1_85' title='bbox 566 864 665 902; x_wconf 72' lang='grc' dir='ltr'><strong>σῦκ’</strong></span> <span class='ocrx_word' id='word_1_86' title='bbox 646 862 824 916; x_wconf 82' lang='grc' dir='ltr'><strong>απᾶτῃσι,</strong></span> <span class='ocrx_word' id='word_1_87' title='bbox 843 878 880 904; x_wconf 82' lang='grc' dir='ltr'><strong>κ.</strong></span> <span class='ocrx_word' id='word_1_88' title='bbox 901 877 936 905; x_wconf 78' lang='grc' dir='ltr'><strong>τ.</strong></span> <span class='ocrx_word' id='word_1_89' title='bbox 955 864 990 905; x_wconf 90' lang='grc' dir='ltr'><strong>λ.</strong></span> <span class='ocrx_word' id='word_1_90' title='bbox 1009 862 1169 902; x_wconf 80' lang='lat' dir='ltr'><strong>Cohort.</strong></span> <span class='ocrx_word' id='word_1_91' title='bbox 1189 876 1226 913; x_wconf 86' lang='lat' dir='ltr'><strong>p.</strong></span> <span class='ocrx_word' id='word_1_92' title='bbox 1251 863 1316 904; x_wconf 86' lang='grc'><strong>60.</strong></span> 
     </span>
     <span class='ocr_line' id='line_1_12' title="bbox 200 925 1273 981; baseline -0.004 -11"><span class='ocrx_word' id='word_1_93' title='bbox 200 932 288 979; x_wconf 78' lang='lat'><strong>624,</strong></span> <span class='ocrx_word' id='word_1_94' title='bbox 308 943 364 981; x_wconf 87' lang='lat' dir='ltr'><strong>sq.</strong></span> <span class='ocrx_word' id='word_1_95' title='bbox 383 926 487 967; x_wconf 78' lang='grc' dir='ltr'>Ἀλλὰ</span> <span class='ocrx_word' id='word_1_96' title='bbox 505 925 546 966; x_wconf 86' lang='grc' dir='ltr'><strong>συ</strong></span> <span class='ocrx_word' id='word_1_97' title='bbox 565 926 616 978; x_wconf 80' lang='grc' dir='ltr'><strong>μὴ</strong></span> <span class='ocrx_word' id='word_1_98' title='bbox 636 926 791 979; x_wconf 80' lang='grc' dir='ltr'>μέλλων,</span> <span class='ocrx_word' id='word_1_99' title='bbox 809 942 845 967; x_wconf 84' lang='grc' dir='ltr'><strong>κ.</strong></span> <span class='ocrx_word' id='word_1_100' title='bbox 861 942 895 966; x_wconf 88' lang='grc' dir='ltr'><strong>τ.</strong></span> <span class='ocrx_word' id='word_1_101' title='bbox 914 927 947 966; x_wconf 92' lang='grc' dir='ltr'><strong>λ.</strong></span> <span class='ocrx_word' id='word_1_102' title='bbox 967 926 1129 968; x_wconf 88' lang='lat' dir='ltr'><strong>Cohort.</strong></span> <span class='ocrx_word' id='word_1_103' title='bbox 1148 940 1188 979; x_wconf 88' lang='lat' dir='ltr'><strong>p.</strong></span> <span class='ocrx_word' id='word_1_104' title='bbox 1210 927 1273 973; x_wconf 85' lang='lat'><strong>64.</strong></span> 
     </span>
     <span class='ocr_line' id='line_1_13' title="bbox 355 992 592 1032; baseline 0 0"><span class='ocrx_word' id='word_1_105' title='bbox 355 994 388 1032; x_wconf 85' lang='lat' dir='ltr'>E</span> <span class='ocrx_word' id='word_1_106' title='bbox 406 992 506 1030; x_wconf 83' lang='lat' dir='ltr'><strong>libro</strong></span> <span class='ocrx_word' id='word_1_107' title='bbox 522 993 592 1032; x_wconf 82' lang='lat' dir='ltr'><strong>lv:</strong></span> 
     </span>
    </p>

    <p class='ocr_par' dir='ltr' id='par_1_9' title="bbox 202 1055 1161 1111">
     <span class='ocr_line' id='line_1_14' title="bbox 202 1055 1161 1111; baseline -0.003 -13"><span class='ocrx_word' id='word_1_108' title='bbox 202 1067 279 1109; x_wconf 84' lang='lat'><strong>4-7.</strong></span> <span class='ocrx_word' id='word_1_109' title='bbox 300 1059 355 1098; x_wconf 89' lang='grc' dir='ltr'><strong>Οὗ</strong></span> <span class='ocrx_word' id='word_1_110' title='bbox 370 1057 514 1111; x_wconf 71' lang='grc' dir='ltr'>ψευδοῦς</span> <span class='ocrx_word' id='word_1_111' title='bbox 536 1055 694 1104; x_wconf 72' lang='grc' dir='ltr'><strong>Φοίδου,</strong></span> <span class='ocrx_word' id='word_1_112' title='bbox 706 1072 742 1096; x_wconf 83' lang='grc' dir='ltr'><strong>κ.</strong></span> <span class='ocrx_word' id='word_1_113' title='bbox 760 1072 795 1097; x_wconf 86' lang='grc' dir='ltr'><strong>τ.</strong></span> <span class='ocrx_word' id='word_1_114' title='bbox 810 1057 848 1097; x_wconf 89' lang='grc' dir='ltr'><strong>λ.</strong></span> <span class='ocrx_word' id='word_1_115' title='bbox 862 1056 1024 1096; x_wconf 87' lang='lat' dir='ltr'><strong>Cohort.</strong></span> <span class='ocrx_word' id='word_1_116' title='bbox 1042 1070 1080 1108; x_wconf 88' lang='lat' dir='ltr'><strong>p.</strong></span> <span class='ocrx_word' id='word_1_117' title='bbox 1097 1063 1161 1103; x_wconf 87' lang='lat'><strong>44.</strong></span> 
     </span>
    </p>

    <p class='ocr_par' dir='ltr' id='par_1_10' title="bbox 202 1118 1090 1172">
     <span class='ocr_line' id='line_1_15' title="bbox 202 1118 1090 1172; baseline -0.002 -10"><span class='ocrx_word' id='word_1_118' title='bbox 202 1124 338 1171; x_wconf 75' lang='lat'><strong>27—32.</strong></span> <span class='ocrx_word' id='word_1_119' title='bbox 358 1120 407 1161; x_wconf 82' lang='grc' dir='ltr'><strong>Οἳ</strong></span> <span class='ocrx_word' id='word_1_120' title='bbox 419 1120 520 1169; x_wconf 83' lang='grc' dir='ltr'>νηοὺς</span> <span class='ocrx_word' id='word_1_121' title='bbox 543 1118 619 1172; x_wconf 78' lang='grc' dir='ltr'><strong>μὲν,</strong></span> <span class='ocrx_word' id='word_1_122' title='bbox 637 1135 675 1161; x_wconf 88' lang='grc' dir='ltr'><strong>κ.</strong></span> <span class='ocrx_word' id='word_1_123' title='bbox 688 1136 720 1159; x_wconf 88' lang='grc' dir='ltr'><strong>τ.</strong></span> <span class='ocrx_word' id='word_1_124' title='bbox 736 1122 771 1161; x_wconf 92' lang='grc' dir='ltr'><strong>λ.</strong></span> <span class='ocrx_word' id='word_1_125' title='bbox 789 1121 950 1161; x_wconf 86' lang='lat' dir='ltr'><strong>Cohort.</strong></span> <span class='ocrx_word' id='word_1_126' title='bbox 972 1135 1007 1172; x_wconf 86' lang='lat' dir='ltr'><strong>p.</strong></span> <span class='ocrx_word' id='word_1_127' title='bbox 1027 1122 1090 1166; x_wconf 86' lang='lat'><strong>54.</strong></span> 
     </span>
    </p>

    <p class='ocr_par' dir='ltr' id='par_1_11' title="bbox 200 1183 1333 1238">
     <span class='ocr_line' id='line_1_16' title="bbox 200 1183 1333 1238; baseline -0.004 -13"><span class='ocrx_word' id='word_1_128' title='bbox 200 1188 263 1238; x_wconf 83' lang='lat'><strong>33,</strong></span> <span class='ocrx_word' id='word_1_129' title='bbox 283 1199 341 1237; x_wconf 89' lang='lat' dir='ltr'><strong>sq.</strong></span> <span class='ocrx_word' id='word_1_130' title='bbox 361 1184 446 1225; x_wconf 82' lang='grc' dir='ltr'>Οὐδ’</span> <span class='ocrx_word' id='word_1_131' title='bbox 463 1183 518 1236; x_wconf 83' lang='grc' dir='ltr'><strong>ἄρ’</strong></span> <span class='ocrx_word' id='word_1_132' title='bbox 536 1185 592 1223; x_wconf 76' lang='grc' dir='ltr'><strong>ἔτι·</strong></span> <span class='ocrx_word' id='word_1_133' title='bbox 611 1183 790 1238; x_wconf 83' lang='grc' dir='ltr'>ἀλλοτρίῃ,</span> <span class='ocrx_word' id='word_1_134' title='bbox 805 1199 840 1223; x_wconf 85' lang='grc' dir='ltr'><strong>κ.</strong></span> <span class='ocrx_word' id='word_1_135' title='bbox 853 1200 889 1223; x_wconf 83' lang='grc' dir='ltr'><strong>τ.</strong></span> <span class='ocrx_word' id='word_1_136' title='bbox 907 1185 940 1223; x_wconf 93' lang='grc' dir='ltr'><strong>λ.</strong></span> <span class='ocrx_word' id='word_1_137' title='bbox 960 1184 1162 1237; x_wconf 83' lang='lat' dir='ltr'><strong>Paedagog.</strong></span> <span class='ocrx_word' id='word_1_138' title='bbox 1184 1197 1226 1235; x_wconf 89' lang='lat' dir='ltr'><strong>p.</strong></span> <span class='ocrx_word' id='word_1_139' title='bbox 1244 1196 1333 1234; x_wconf 79' lang='lat'><strong>²29·</strong></span> 
     </span>
    </p>

    <p class='ocr_par' dir='ltr' id='par_1_12' title="bbox 206 1247 1227 1301">
     <span class='ocr_line' id='line_1_17' title="bbox 206 1247 1227 1301; baseline -0.002 -13"><span class='ocrx_word' id='word_1_140' title='bbox 206 1255 291 1300; x_wconf 85' lang='lat'><strong>149,</strong></span> <span class='ocrx_word' id='word_1_141' title='bbox 310 1262 369 1301; x_wconf 88' lang='lat' dir='ltr'><strong>sq.</strong></span> <span class='ocrx_word' id='word_1_142' title='bbox 394 1247 478 1287; x_wconf 82' lang='grc' dir='ltr'><strong>Ἐπ</strong></span> <span class='ocrx_word' id='word_1_143' title='bbox 498 1249 564 1300; x_wconf 76' lang='grc' dir='ltr'><strong>οὐχ</strong></span> <span class='ocrx_word' id='word_1_144' title='bbox 575 1247 729 1297; x_wconf 81' lang='grc' dir='ltr'><strong>ὁσίαισι,</strong></span> <span class='ocrx_word' id='word_1_145' title='bbox 746 1264 780 1287; x_wconf 86' lang='grc' dir='ltr'><strong>κ.</strong></span> <span class='ocrx_word' id='word_1_146' title='bbox 795 1263 829 1287; x_wconf 83' lang='grc' dir='ltr'><strong>τ.</strong></span> <span class='ocrx_word' id='word_1_147' title='bbox 842 1250 879 1289; x_wconf 83' lang='grc' dir='ltr'><strong>λ.</strong></span> <span class='ocrx_word' id='word_1_148' title='bbox 897 1248 1054 1301; x_wconf 79' lang='lat' dir='ltr'><strong>Paedag.</strong></span> <span class='ocrx_word' id='word_1_149' title='bbox 1076 1262 1116 1300; x_wconf 88' lang='lat' dir='ltr'><strong>p.</strong></span> <span class='ocrx_word' id='word_1_150' title='bbox 1136 1250 1227 1288; x_wconf 84' lang='lat'><strong>261.</strong></span> 
     </span>
    </p>

    <p class='ocr_par' dir='ltr' id='par_1_13' title="bbox 357 1311 586 1353">
     <span class='ocr_line' id='line_1_18' title="bbox 357 1311 586 1353; baseline 0 -1"><span class='ocrx_word' id='word_1_151' title='bbox 357 1313 389 1352; x_wconf 86' lang='lat' dir='ltr'><strong>E</strong></span> <span class='ocrx_word' id='word_1_152' title='bbox 408 1311 509 1351; x_wconf 90' lang='lat' dir='ltr'><strong>libro</strong></span> <span class='ocrx_word' id='word_1_153' title='bbox 524 1313 586 1353; x_wconf 80' lang='lat' dir='ltr'><strong>V:</strong></span> 
     </span>
    </p>

    <p class='ocr_par' dir='ltr' id='par_1_14' title="bbox 206 1376 1256 1432">
     <span class='ocr_line' id='line_1_19' title="bbox 206 1376 1256 1432; baseline -0.004 -14"><span class='ocrx_word' id='word_1_154' title='bbox 206 1378 295 1426; x_wconf 78' lang='lat'><strong>165,</strong></span> <span class='ocrx_word' id='word_1_155' title='bbox 315 1392 389 1430; x_wconf 86' lang='lat' dir='ltr'><strong>sq..</strong></span> <span class='ocrx_word' id='word_1_156' title='bbox 408 1379 446 1417; x_wconf 77' lang='lat' dir='ltr'><strong>M</strong></span> <span class='ocrx_word' id='word_1_157' title='bbox 431 1383 576 1432; x_wconf 79' lang='grc' dir='ltr'>οιχεῖαι</span> <span class='ocrx_word' id='word_1_158' title='bbox 589 1380 684 1430; x_wconf 79' lang='grc' dir='ltr'><strong>παρὰ</strong></span> <span class='ocrx_word' id='word_1_159' title='bbox 700 1377 769 1427; x_wconf 81' lang='grc' dir='ltr'><strong>σοί,</strong></span> <span class='ocrx_word' id='word_1_160' title='bbox 782 1392 816 1417; x_wconf 83' lang='grc' dir='ltr'><strong>κ.</strong></span> <span class='ocrx_word' id='word_1_161' title='bbox 835 1393 868 1416; x_wconf 89' lang='grc' dir='ltr'><strong>τ.</strong></span> <span class='ocrx_word' id='word_1_162' title='bbox 887 1379 923 1419; x_wconf 90' lang='grc' dir='ltr'><strong>λ.</strong></span> <span class='ocrx_word' id='word_1_163' title='bbox 940 1376 1091 1429; x_wconf 76' lang='lat' dir='ltr'><strong>Paedag.</strong></span> <span class='ocrx_word' id='word_1_164' title='bbox 1105 1390 1145 1428; x_wconf 85' lang='lat' dir='ltr'><strong>p.</strong></span> <span class='ocrx_word' id='word_1_165' title='bbox 1167 1389 1256 1428; x_wconf 75' lang='lat'><strong>229.</strong></span> 
     </span>
    </p>

    <p class='ocr_par' dir='ltr' id='par_1_15' title="bbox 201 1440 1213 1494">
     <span class='ocr_line' id='line_1_20' title="bbox 201 1440 1213 1494; baseline 0 -12"><span class='ocrx_word' id='word_1_166' title='bbox 201 1444 287 1494; x_wconf 77' lang='lat'><strong>295,</strong></span> <span class='ocrx_word' id='word_1_167' title='bbox 302 1456 359 1494; x_wconf 84' lang='lat' dir='ltr'><strong>sq.</strong></span> <span class='ocrx_word' id='word_1_168' title='bbox 376 1442 515 1484; x_wconf 75' lang='grc' dir='ltr'><strong>’Ύπτια</strong></span> <span class='ocrx_word' id='word_1_169' title='bbox 534 1442 565 1480; x_wconf 86' lang='grc' dir='ltr'><strong>δ’</strong></span> <span class='ocrx_word' id='word_1_170' title='bbox 581 1440 721 1493; x_wconf 80' lang='grc' dir='ltr'>οἰμώξει</span> <span class='ocrx_word' id='word_1_171' title='bbox 733 1472 743 1491; x_wconf 93' lang='grc'><strong>,</strong></span> <span class='ocrx_word' id='word_1_172' title='bbox 756 1458 790 1482; x_wconf 87' lang='grc' dir='ltr'><strong>κ.</strong></span> <span class='ocrx_word' id='word_1_173' title='bbox 803 1459 839 1483; x_wconf 87' lang='grc' dir='ltr'><strong>τ.</strong></span> <span class='ocrx_word' id='word_1_174' title='bbox 856 1443 892 1481; x_wconf 93' lang='grc' dir='ltr'><strong>λ.</strong></span> <span class='ocrx_word' id='word_1_175' title='bbox 911 1442 1075 1482; x_wconf 82' lang='lat' dir='ltr'><strong>Coliort.</strong></span> <span class='ocrx_word' id='word_1_176' title='bbox 1093 1455 1132 1494; x_wconf 83' lang='lat' dir='ltr'><strong>p.</strong></span> <span class='ocrx_word' id='word_1_177' title='bbox 1149 1447 1213 1487; x_wconf 86' lang='lat'><strong>44.</strong></span> 
     </span>
    </p>

    <p class='ocr_par' dir='ltr' id='par_1_16' title="bbox 201 1501 1017 1560">
     <span class='ocr_line' id='line_1_21' title="bbox 201 1501 1017 1560; baseline -0.002 -12"><span class='ocrx_word' id='word_1_178' title='bbox 201 1510 290 1558; x_wconf 84' lang='lat'><strong>483,</strong></span> <span class='ocrx_word' id='word_1_179' title='bbox 308 1522 368 1560; x_wconf 84' lang='lat' dir='ltr'><strong>sq.</strong></span> <span class='ocrx_word' id='word_1_180' title='bbox 388 1501 463 1549; x_wconf 75' lang='grc' dir='ltr'>’Ἶσι</span> <span class='ocrx_word' id='word_1_181' title='bbox 482 1507 565 1555; x_wconf 57' lang='lat' dir='ltr'><strong>Osa,</strong></span> <span class='ocrx_word' id='word_1_182' title='bbox 581 1524 617 1547; x_wconf 88' lang='grc' dir='ltr'><strong>κ.</strong></span> <span class='ocrx_word' id='word_1_183' title='bbox 635 1523 668 1547; x_wconf 80' lang='grc' dir='ltr'><strong>τ.</strong></span> <span class='ocrx_word' id='word_1_184' title='bbox 687 1508 722 1547; x_wconf 93' lang='grc' dir='ltr'><strong>λ.</strong></span> <span class='ocrx_word' id='word_1_185' title='bbox 740 1508 902 1548; x_wconf 86' lang='lat' dir='ltr'><strong>Cohort.</strong></span> <span class='ocrx_word' id='word_1_186' title='bbox 921 1508 1017 1546; x_wconf 84' lang='lat' dir='ltr'><strong>ibid.</strong></span> 
     </span>
    </p>

    <p class='ocr_par' dir='ltr' id='par_1_17' title="bbox 203 1570 1162 1626">
     <span class='ocr_line' id='line_1_22' title="bbox 203 1570 1162 1626; baseline 0 -14"><span class='ocrx_word' id='word_1_187' title='bbox 203 1575 292 1625; x_wconf 77' lang='lat'><strong>486,</strong></span> <span class='ocrx_word' id='word_1_188' title='bbox 314 1587 372 1625; x_wconf 89' lang='lat' dir='ltr'><strong>sq.</strong></span> <span class='ocrx_word' id='word_1_189' title='bbox 392 1572 465 1613; x_wconf 70' lang='grc' dir='ltr'><strong>Καὶ</strong></span> <span class='ocrx_word' id='word_1_190' title='bbox 480 1571 538 1622; x_wconf 68' lang='grc' dir='ltr'><strong>σὺ,</strong></span> <span class='ocrx_word' id='word_1_191' title='bbox 556 1570 712 1626; x_wconf 80' lang='grc' dir='ltr'><strong>Σέραπι,</strong></span> <span class='ocrx_word' id='word_1_192' title='bbox 731 1587 764 1611; x_wconf 84' lang='grc' dir='ltr'><strong>κ.</strong></span> <span class='ocrx_word' id='word_1_193' title='bbox 781 1588 813 1610; x_wconf 87' lang='grc' dir='ltr'><strong>τ.</strong></span> <span class='ocrx_word' id='word_1_194' title='bbox 834 1573 868 1611; x_wconf 94' lang='grc' dir='ltr'><strong>λ.</strong></span> <span class='ocrx_word' id='word_1_195' title='bbox 889 1572 1162 1612; x_wconf 83' lang='lat' dir='ltr'><strong>Coh01·t.ibid.</strong></span> 
     </span>
    </p>

    <p class='ocr_par' dir='ltr' id='par_1_18' title="bbox 154 1636 1629 2921">
     <span class='ocr_line' id='line_1_23' title="bbox 200 1636 1626 1689; baseline -0.001 -12"><span class='ocrx_word' id='word_1_196' title='bbox 200 1639 339 1677; x_wconf 85' lang='lat' dir='ltr'>Omnes</span> <span class='ocrx_word' id='word_1_197' title='bbox 367 1647 458 1676; x_wconf 89' lang='lat' dir='ltr'><strong>sunt</strong></span> <span class='ocrx_word' id='word_1_198' title='bbox 484 1651 616 1676; x_wconf 87' lang='lat' dir='ltr'><strong>versus</strong></span> <span class='ocrx_word' id='word_1_199' title='bbox 638 1638 717 1676; x_wconf 84' lang='lat' dir='ltr'><strong>fere</strong></span> <span class='ocrx_word' id='word_1_200' title='bbox 742 1651 835 1675; x_wconf 70' lang='lat' dir='ltr'><strong>xus:</strong></span> <span class='ocrx_word' id='word_1_201' title='bbox 856 1637 1015 1675; x_wconf 88' lang='lat' dir='ltr'><strong>diversis</strong></span> <span class='ocrx_word' id='word_1_202' title='bbox 1046 1637 1141 1676; x_wconf 90' lang='lat' dir='ltr'><strong>locis</strong></span> <span class='ocrx_word' id='word_1_203' title='bbox 1167 1651 1189 1675; x_wconf 88' lang='lat' dir='ltr'><strong>a</strong></span> <span class='ocrx_word' id='word_1_204' title='bbox 1216 1637 1411 1677; x_wconf 82' lang='lat' dir='ltr'><strong>Clemente</strong></span> <span class='ocrx_word' id='word_1_205' title='bbox 1440 1636 1579 1689; x_wconf 85' lang='lat' dir='ltr'><strong>prolati</strong></span> <span class='ocrx_word' id='word_1_206' title='bbox 1604 1649 1626 1676; x_wconf 82' lang='lat' dir='ltr'><strong>e</strong></span> 
     </span>
     <span class='ocr_line' id='line_1_24' title="bbox 156 1701 1626 1753; baseline -0.001 -11"><span class='ocrx_word' id='word_1_207' title='bbox 156 1704 330 1743; x_wconf 84' lang='lat' dir='ltr'><strong>Prooemio</strong></span> <span class='ocrx_word' id='word_1_208' title='bbox 349 1713 386 1742; x_wconf 90' lang='lat' dir='ltr'><strong>et</strong></span> <span class='ocrx_word' id='word_1_209' title='bbox 402 1703 512 1741; x_wconf 87' lang='lat' dir='ltr'><strong>libris</strong></span> <span class='ocrx_word' id='word_1_210' title='bbox 528 1704 599 1751; x_wconf 85' lang='lat'><strong>111,</strong></span> <span class='ocrx_word' id='word_1_211' title='bbox 618 1703 682 1750; x_wconf 90' lang='lat' dir='ltr'><strong>IV,</strong></span> <span class='ocrx_word' id='word_1_212' title='bbox 701 1703 745 1740; x_wconf 90' lang='lat' dir='ltr'><strong>V.</strong></span> <span class='ocrx_word' id='word_1_213' title='bbox 768 1703 811 1741; x_wconf 86' lang='lat' dir='ltr'><strong>In</strong></span> <span class='ocrx_word' id='word_1_214' title='bbox 835 1702 895 1740; x_wconf 88' lang='lat' dir='ltr'><strong>his</strong></span> <span class='ocrx_word' id='word_1_215' title='bbox 916 1702 1058 1741; x_wconf 87' lang='lat' dir='ltr'><strong>librum</strong></span> <span class='ocrx_word' id='word_1_216' title='bbox 1079 1701 1254 1753; x_wconf 90' lang='lat' dir='ltr'><strong>quintum</strong></span> <span class='ocrx_word' id='word_1_217' title='bbox 1269 1731 1281 1751; x_wconf 89' lang='lat'><strong>,</strong></span> <span class='ocrx_word' id='word_1_218' title='bbox 1302 1715 1323 1740; x_wconf 85' lang='lat' dir='ltr'><strong>a</strong></span> <span class='ocrx_word' id='word_1_219' title='bbox 1345 1702 1497 1740; x_wconf 89' lang='lat' dir='ltr'><strong>nemine</strong></span> <span class='ocrx_word' id='word_1_220' title='bbox 1515 1709 1626 1740; x_wconf 79' lang='lat' dir='ltr'><strong>antea</strong></span> 
     </span>
     <span class='ocr_line' id='line_1_25' title="bbox 157 1766 1629 1819; baseline -0.001 -13"><span class='ocrx_word' id='word_1_221' title='bbox 157 1767 320 1817; x_wconf 83' lang='lat' dir='ltr'><strong>citatum,</strong></span> <span class='ocrx_word' id='word_1_222' title='bbox 341 1768 563 1819; x_wconf 86' lang='lat' dir='ltr'><strong>reperimus.</strong></span> <span class='ocrx_word' id='word_1_223' title='bbox 576 1766 651 1805; x_wconf 86' lang='lat' dir='ltr'><strong>Sed</strong></span> <span class='ocrx_word' id='word_1_224' title='bbox 665 1767 803 1805; x_wconf 88' lang='lat' dir='ltr'><strong>mirum</strong></span> <span class='ocrx_word' id='word_1_225' title='bbox 824 1767 999 1818; x_wconf 83' lang='lat' dir='ltr'><strong>profecto</strong></span> <span class='ocrx_word' id='word_1_226' title='bbox 1017 1767 1158 1805; x_wconf 85' lang='lat' dir='ltr'><strong>librum</strong></span> <span class='ocrx_word' id='word_1_227' title='bbox 1173 1775 1364 1816; x_wconf 84' lang='lat' dir='ltr'><strong>octavum,</strong></span> <span class='ocrx_word' id='word_1_228' title='bbox 1387 1767 1490 1806; x_wconf 81' lang='lat' dir='ltr'><strong>unde</strong></span> <span class='ocrx_word' id='word_1_229' title='bbox 1508 1767 1629 1805; x_wconf 80' lang='lat' dir='ltr'><strong>multa</strong></span> 
     </span>
     <span class='ocr_line' id='line_1_26' title="bbox 154 1830 1625 1883; baseline -0.001 -11"><span class='ocrx_word' id='word_1_230' title='bbox 154 1832 318 1872; x_wconf 63' lang='lat' dir='ltr'><strong>lustinus</strong></span> <span class='ocrx_word' id='word_1_231' title='bbox 334 1840 372 1870; x_wconf 89' lang='lat' dir='ltr'><strong>et</strong></span> <span class='ocrx_word' id='word_1_232' title='bbox 393 1831 635 1883; x_wconf 80' lang='lat' dir='ltr'><strong>Theophilus</strong></span> <span class='ocrx_word' id='word_1_233' title='bbox 649 1830 961 1882; x_wconf 66' lang='lat' dir='ltr'><strong>desumpserunt,</strong></span> <span class='ocrx_word' id='word_1_234' title='bbox 977 1845 998 1869; x_wconf 87' lang='lat' dir='ltr'><strong>a</strong></span> <span class='ocrx_word' id='word_1_235' title='bbox 1017 1832 1212 1869; x_wconf 75' lang='lat' dir='ltr'>Clemente</span> <span class='ocrx_word' id='word_1_236' title='bbox 1232 1844 1390 1882; x_wconf 85' lang='lat' dir='ltr'><strong>prorsus</strong></span> <span class='ocrx_word' id='word_1_237' title='bbox 1410 1831 1625 1882; x_wconf 81' lang='lat' dir='ltr'><strong>neglectum</strong></span> 
     </span>
     <span class='ocr_line' id='line_1_27' title="bbox 156 1894 1624 1946; baseline -0.001 -12"><span class='ocrx_word' id='word_1_238' title='bbox 156 1895 280 1944; x_wconf 76' lang='lat' dir='ltr'><strong>fuisse,</strong></span> <span class='ocrx_word' id='word_1_239' title='bbox 304 1895 378 1934; x_wconf 90' lang='lat' dir='ltr'><strong>nisi</strong></span> <span class='ocrx_word' id='word_1_240' title='bbox 396 1909 507 1942; x_wconf 88' lang='lat' dir='ltr'><strong>eum,</strong></span> <span class='ocrx_word' id='word_1_241' title='bbox 531 1904 575 1933; x_wconf 89' lang='lat' dir='ltr'><strong>ut</strong></span> <span class='ocrx_word' id='word_1_242' title='bbox 604 1894 717 1932; x_wconf 83' lang='lat' dir='ltr'><strong>nimis</strong></span> <span class='ocrx_word' id='word_1_243' title='bbox 740 1903 873 1946; x_wconf 82' lang='lat' dir='ltr'><strong>aperte</strong></span> <span class='ocrx_word' id='word_1_244' title='bbox 891 1895 1168 1942; x_wconf 76' lang='lat' dir='ltr'><strong>christianum,</strong></span> <span class='ocrx_word' id='word_1_245' title='bbox 1196 1895 1379 1933; x_wconf 83' lang='lat' dir='ltr'><strong>novitatis</strong></span> <span class='ocrx_word' id='word_1_246' title='bbox 1407 1903 1624 1946; x_wconf 84' lang='lat' dir='ltr'><strong>suspectum</strong></span> 
     </span>
     <span class='ocr_line' id='line_1_28' title="bbox 156 1960 1626 2012; baseline -0.001 -13"><span class='ocrx_word' id='word_1_247' title='bbox 156 1960 297 2001; x_wconf 86' lang='lat' dir='ltr'><strong>habuit.</strong></span> <span class='ocrx_word' id='word_1_248' title='bbox 319 1961 433 2008; x_wconf 86' lang='lat' dir='ltr'><strong>Quod</strong></span> <span class='ocrx_word' id='word_1_249' title='bbox 452 1962 482 1999; x_wconf 87' lang='lat' dir='ltr'><strong>si</strong></span> <span class='ocrx_word' id='word_1_250' title='bbox 507 1962 560 1999; x_wconf 87' lang='lat' dir='ltr'><strong>ita</strong></span> <span class='ocrx_word' id='word_1_251' title='bbox 576 1968 658 2011; x_wconf 83' lang='lat' dir='ltr'><strong>est,</strong></span> <span class='ocrx_word' id='word_1_252' title='bbox 674 1960 750 1998; x_wconf 84' lang='lat' dir='ltr'><strong>non</strong></span> <span class='ocrx_word' id='word_1_253' title='bbox 770 1961 867 1998; x_wconf 86' lang='lat' dir='ltr'><strong>male</strong></span> <span class='ocrx_word' id='word_1_254' title='bbox 884 1960 1044 1998; x_wconf 78' lang='lat' dir='ltr'><strong>forsitan</strong></span> <span class='ocrx_word' id='word_1_255' title='bbox 1068 1961 1250 2011; x_wconf 75' lang='lat' dir='ltr'><strong>opinetur</strong></span> <span class='ocrx_word' id='word_1_256' title='bbox 1268 1961 1406 2012; x_wconf 84' lang='lat' dir='ltr'><strong>aliquis</strong></span> <span class='ocrx_word' id='word_1_257' title='bbox 1419 1989 1430 2011; x_wconf 89' lang='lat'><strong>,</strong></span> <span class='ocrx_word' id='word_1_258' title='bbox 1446 1961 1626 1999; x_wconf 81' lang='lat' dir='ltr'><strong>Clemen-</strong></span> 
     </span>
     <span class='ocr_line' id='line_1_29' title="bbox 157 2024 1628 2076; baseline -0.001 -12"><span class='ocrx_word' id='word_1_259' title='bbox 157 2034 223 2064; x_wconf 85' lang='lat' dir='ltr'><strong>tem</strong></span> <span class='ocrx_word' id='word_1_260' title='bbox 237 2055 249 2075; x_wconf 84' lang='lat'><strong>,</strong></span> <span class='ocrx_word' id='word_1_261' title='bbox 276 2026 346 2065; x_wconf 88' lang='lat' dir='ltr'><strong>etsi</strong></span> <span class='ocrx_word' id='word_1_262' title='bbox 378 2039 524 2064; x_wconf 81' lang='lat' dir='ltr'><strong>summa</strong></span> <span class='ocrx_word' id='word_1_263' title='bbox 544 2024 700 2076; x_wconf 80' lang='lat' dir='ltr'><strong>Sibyllae</strong></span> <span class='ocrx_word' id='word_1_264' title='bbox 718 2038 796 2063; x_wconf 82' lang='lat' dir='ltr'><strong>suae</strong></span> <span class='ocrx_word' id='word_1_265' title='bbox 819 2025 1066 2063; x_wconf 82' lang='lat' dir='ltr'><strong>veneratione</strong></span> <span class='ocrx_word' id='word_1_266' title='bbox 1083 2033 1394 2076; x_wconf 75' lang='lat' dir='ltr'><strong>praeoccupatum</strong></span> <span class='ocrx_word' id='word_1_267' title='bbox 1407 2054 1418 2073; x_wconf 96' lang='lat'><strong>,</strong></span> <span class='ocrx_word' id='word_1_268' title='bbox 1437 2032 1562 2063; x_wconf 86' lang='lat' dir='ltr'><strong>tamen</strong></span> <span class='ocrx_word' id='word_1_269' title='bbox 1582 2032 1628 2064; x_wconf 82' lang='lat' dir='ltr'><strong>ut</strong></span> 
     </span>
     <span class='ocr_line' id='line_1_30' title="bbox 157 2088 1624 2143; baseline -0.002 -14"><span class='ocrx_word' id='word_1_270' title='bbox 157 2103 231 2129; x_wconf 82' lang='lat' dir='ltr'><strong>eam</strong></span> <span class='ocrx_word' id='word_1_271' title='bbox 247 2090 447 2143; x_wconf 83' lang='lat' dir='ltr'><strong>gentilibus</strong></span> <span class='ocrx_word' id='word_1_272' title='bbox 461 2099 644 2142; x_wconf 86' lang='lat' dir='ltr'><strong>tanquam</strong></span> <span class='ocrx_word' id='word_1_273' title='bbox 661 2089 837 2141; x_wconf 80' lang='lat' dir='ltr'><strong>gentilein</strong></span> <span class='ocrx_word' id='word_1_274' title='bbox 855 2102 1051 2140; x_wconf 85' lang='lat' dir='ltr'><strong>opponere</strong></span> <span class='ocrx_word' id='word_1_275' title='bbox 1067 2088 1275 2136; x_wconf 75' lang='lat' dir='ltr'><strong>desisteret,</strong></span> <span class='ocrx_word' id='word_1_276' title='bbox 1294 2097 1412 2140; x_wconf 90' lang='lat' dir='ltr'><strong>utque</strong></span> <span class='ocrx_word' id='word_1_277' title='bbox 1425 2089 1624 2128; x_wconf 84' lang='lat' dir='ltr'><strong>Hebraeam</strong></span> 
     </span>
     <span class='ocr_line' id='line_1_31' title="bbox 158 2152 1626 2205; baseline 0.001 -13"><span class='ocrx_word' id='word_1_278' title='bbox 158 2155 277 2205; x_wconf 84' lang='lat' dir='ltr'><strong>potius</strong></span> <span class='ocrx_word' id='word_1_279' title='bbox 306 2156 555 2194; x_wconf 80' lang='lat' dir='ltr'><strong>confiteretur</strong></span> <span class='ocrx_word' id='word_1_280' title='bbox 571 2185 581 2203; x_wconf 94' lang='lat'><strong>,</strong></span> <span class='ocrx_word' id='word_1_281' title='bbox 622 2154 820 2193; x_wconf 84' lang='lat' dir='ltr'><strong>inductum</strong></span> <span class='ocrx_word' id='word_1_282' title='bbox 859 2154 974 2193; x_wconf 86' lang='lat' dir='ltr'><strong>fuisse</strong></span> <span class='ocrx_word' id='word_1_283' title='bbox 1013 2167 1093 2192; x_wconf 85' lang='lat' dir='ltr'><strong>non</strong></span> <span class='ocrx_word' id='word_1_284' title='bbox 1125 2162 1201 2192; x_wconf 83' lang='lat' dir='ltr'><strong>tam</strong></span> <span class='ocrx_word' id='word_1_285' title='bbox 1237 2154 1378 2192; x_wconf 81' lang='lat' dir='ltr'><strong>criticis</strong></span> <span class='ocrx_word' id='word_1_286' title='bbox 1410 2152 1626 2194; x_wconf 76' lang='lat' dir='ltr'><strong>rationibus</strong></span> 
     </span>
     <span class='ocr_line' id='line_1_32' title="bbox 158 2219 1623 2271; baseline 0.001 -14"><span class='ocrx_word' id='word_1_287' title='bbox 158 2233 262 2271; x_wconf 77' lang='lat' dir='ltr'><strong>quain</strong></span> <span class='ocrx_word' id='word_1_288' title='bbox 288 2220 595 2260; x_wconf 86' lang='lat' dir='ltr'><strong>adversariorum</strong></span> <span class='ocrx_word' id='word_1_289' title='bbox 613 2220 814 2268; x_wconf 85' lang='lat' dir='ltr'><strong>conviciis,</strong></span> <span class='ocrx_word' id='word_1_290' title='bbox 833 2219 925 2258; x_wconf 81' lang='lat' dir='ltr'><strong>salsa</strong></span> <span class='ocrx_word' id='word_1_291' title='bbox 940 2219 1020 2257; x_wconf 84' lang='lat' dir='ltr'><strong>haec</strong></span> <span class='ocrx_word' id='word_1_292' title='bbox 1036 2232 1118 2257; x_wconf 87' lang='lat' dir='ltr'><strong>esse</strong></span> <span class='ocrx_word' id='word_1_293' title='bbox 1134 2219 1261 2257; x_wconf 85' lang='lat' dir='ltr'><strong>omnia</strong></span> <span class='ocrx_word' id='word_1_294' title='bbox 1275 2227 1313 2257; x_wconf 92' lang='lat' dir='ltr'><strong>et</strong></span> <span class='ocrx_word' id='word_1_295' title='bbox 1325 2232 1450 2271; x_wconf 82' lang='lat' dir='ltr'><strong>nuper</strong></span> <span class='ocrx_word' id='word_1_296' title='bbox 1463 2219 1623 2258; x_wconf 81' lang='lat' dir='ltr'><strong>conficta</strong></span> 
     </span>
     <span class='ocr_line' id='line_1_33' title="bbox 159 2283 1625 2336; baseline 0.001 -14"><span class='ocrx_word' id='word_1_297' title='bbox 159 2284 411 2333; x_wconf 85' lang='lat' dir='ltr'><strong>clamantium,</strong></span> <span class='ocrx_word' id='word_1_298' title='bbox 455 2285 769 2336; x_wconf 79' lang='lat' dir='ltr'><strong>Christianosque</strong></span> <span class='ocrx_word' id='word_1_299' title='bbox 803 2283 1018 2334; x_wconf 81' lang='lat' dir='ltr'><strong>Sibyllistas</strong></span> <span class='ocrx_word' id='word_1_300' title='bbox 1058 2284 1305 2322; x_wconf 86' lang='lat' dir='ltr'><strong>vehementer</strong></span> <span class='ocrx_word' id='word_1_301' title='bbox 1337 2284 1625 2335; x_wconf 83' lang='lat' dir='ltr'><strong>exagitantium.</strong></span> 
     </span>
     <span class='ocr_line' id='line_1_34' title="bbox 159 2348 1627 2401; baseline 0.001 -14"><span class='ocrx_word' id='word_1_302' title='bbox 159 2349 236 2387; x_wconf 81' lang='lat' dir='ltr'><strong>Jam</strong></span> <span class='ocrx_word' id='word_1_303' title='bbox 257 2350 355 2388; x_wconf 90' lang='lat' dir='ltr'><strong>enim</strong></span> <span class='ocrx_word' id='word_1_304' title='bbox 381 2358 469 2389; x_wconf 86' lang='lat' dir='ltr'><strong>ante</strong></span> <span class='ocrx_word' id='word_1_305' title='bbox 491 2349 584 2387; x_wconf 88' lang='lat' dir='ltr'><strong>illud</strong></span> <span class='ocrx_word' id='word_1_306' title='bbox 609 2358 758 2401; x_wconf 86' lang='lat' dir='ltr'><strong>tempus</strong></span> <span class='ocrx_word' id='word_1_307' title='bbox 776 2349 1001 2400; x_wconf 83' lang='lat' dir='ltr'><strong>inceperant</strong></span> <span class='ocrx_word' id='word_1_308' title='bbox 1020 2362 1066 2387; x_wconf 94' lang='lat' dir='ltr'><strong>eo</strong></span> <span class='ocrx_word' id='word_1_309' title='bbox 1086 2348 1245 2387; x_wconf 89' lang='lat' dir='ltr'><strong>crimine</strong></span> <span class='ocrx_word' id='word_1_310' title='bbox 1264 2348 1469 2387; x_wconf 82' lang='lat' dir='ltr'><strong>Christiani</strong></span> <span class='ocrx_word' id='word_1_311' title='bbox 1486 2348 1535 2387; x_wconf 88' lang='lat' dir='ltr'><strong>ab</strong></span> <span class='ocrx_word' id='word_1_312' title='bbox 1548 2348 1627 2388; x_wconf 87' lang='lat' dir='ltr'><strong>ini·</strong></span> 
     </span>
     <span class='ocr_line' id='line_1_35' title="bbox 160 2407 1626 2465; baseline 0.001 -15"><span class='ocrx_word' id='word_1_313' title='bbox 160 2413 257 2452; x_wconf 88' lang='lat' dir='ltr'><strong>micis</strong></span> <span class='ocrx_word' id='word_1_314' title='bbox 272 2415 406 2463; x_wconf 84' lang='lat' dir='ltr'><strong>taxari,</strong></span> <span class='ocrx_word' id='word_1_315' title='bbox 424 2423 464 2452; x_wconf 90' lang='lat' dir='ltr'><strong>ut</strong></span> <span class='ocrx_word' id='word_1_316' title='bbox 480 2428 501 2452; x_wconf 85' lang='lat' dir='ltr'><strong>a</strong></span> <span class='ocrx_word' id='word_1_317' title='bbox 514 2414 625 2453; x_wconf 85' lang='lat' dir='ltr'><strong>Celso</strong></span> <span class='ocrx_word' id='word_1_318' title='bbox 639 2414 742 2465; x_wconf 86' lang='lat' dir='ltr'><strong>apud</strong></span> <span class='ocrx_word' id='word_1_319' title='bbox 758 2414 961 2465; x_wconf 81' lang='lat' dir='ltr'><strong>Origenem</strong></span> <span class='ocrx_word' id='word_1_320' title='bbox 972 2443 982 2462; x_wconf 90' lang='lat'>‚</span> <span class='ocrx_word' id='word_1_321' title='bbox 995 2414 1040 2461; x_wconf 89' lang='lat' dir='ltr'><strong>V,</strong></span> <span class='ocrx_word' id='word_1_322' title='bbox 1055 2418 1075 2460; x_wconf 71' lang='lat'>5</span> <span class='ocrx_word' id='word_1_323' title='bbox 1092 2415 1113 2451; x_wconf 90' lang='lat'>6</span> <span class='ocrx_word' id='word_1_324' title='bbox 1124 2427 1139 2450; x_wconf 88' lang='lat'>1</span> <span class='ocrx_word' id='word_1_325' title='bbox 1161 2427 1171 2453; x_wconf 79' lang='lat' dir='ltr'><strong>t</strong></span> <span class='ocrx_word' id='word_1_326' title='bbox 1190 2407 1284 2452; x_wconf 71' lang='grc' dir='ltr'><strong>Εἶπε</strong></span> <span class='ocrx_word' id='word_1_327' title='bbox 1301 2412 1338 2452; x_wconf 84' lang='grc' dir='ltr'><strong>δέ</strong></span> <span class='ocrx_word' id='word_1_328' title='bbox 1351 2428 1446 2458; x_wconf 87' lang='grc' dir='ltr'>τινας</span> <span class='ocrx_word' id='word_1_329' title='bbox 1465 2407 1626 2452; x_wconf 75' lang='grc' dir='ltr'><strong>εἶναικαὶ</strong></span> 
     </span>
     <span class='ocr_line' id='line_1_36' title="bbox 160 2476 1626 2531; baseline 0.001 -17"><span class='ocrx_word' id='word_1_330' title='bbox 160 2476 381 2522; x_wconf 69' lang='grc' dir='ltr'>Σιὸυλλιστὲις</span> <span class='ocrx_word' id='word_1_331' title='bbox 395 2479 478 2531; x_wconf 87' lang='grc' dir='ltr'><strong>παρ’</strong></span> <span class='ocrx_word' id='word_1_332' title='bbox 496 2482 594 2528; x_wconf 81' lang='grc' dir='ltr'>ἡμῖν,</span> <span class='ocrx_word' id='word_1_333' title='bbox 613 2479 680 2516; x_wconf 86' lang='lat' dir='ltr'><strong>sed</strong></span> <span class='ocrx_word' id='word_1_334' title='bbox 699 2487 736 2517; x_wconf 91' lang='lat' dir='ltr'><strong>et</strong></span> <span class='ocrx_word' id='word_1_335' title='bbox 753 2477 801 2516; x_wconf 85' lang='lat' dir='ltr'><strong>ab</strong></span> <span class='ocrx_word' id='word_1_336' title='bbox 817 2478 901 2516; x_wconf 86' lang='lat' dir='ltr'><strong>aliis</strong></span> <span class='ocrx_word' id='word_1_337' title='bbox 919 2491 1089 2529; x_wconf 88' lang='lat' dir='ltr'><strong>quoque,</strong></span> <span class='ocrx_word' id='word_1_338' title='bbox 1109 2478 1250 2516; x_wconf 80' lang='lat' dir='ltr'><strong>fatente</strong></span> <span class='ocrx_word' id='word_1_339' title='bbox 1269 2477 1433 2529; x_wconf 76' lang='lat' dir='ltr'><strong>Origene</strong></span> <span class='ocrx_word' id='word_1_340' title='bbox 1451 2477 1595 2517; x_wconf 86' lang='lat' dir='ltr'><strong>ibidem</strong></span> <span class='ocrx_word' id='word_1_341' title='bbox 1616 2492 1626 2516; x_wconf 72' lang='grc' dir='ltr'><strong>ε</strong></span> 
     </span>
     <span class='ocr_line' id='line_1_37' title="bbox 160 2541 1626 2598; baseline 0.001 -18"><span class='ocrx_word' id='word_1_342' title='bbox 160 2541 256 2594; x_wconf 73' lang='grc' dir='ltr'>Τάχα</span> <span class='ocrx_word' id='word_1_343' title='bbox 272 2543 490 2598; x_wconf 82' lang='grc' dir='ltr'>παρακούσας</span> <span class='ocrx_word' id='word_1_344' title='bbox 508 2546 612 2583; x_wconf 83' lang='grc' dir='ltr'>τινῶν</span> <span class='ocrx_word' id='word_1_345' title='bbox 629 2542 867 2595; x_wconf 80' lang='grc' dir='ltr'>ἐγκαλούντων</span> <span class='ocrx_word' id='word_1_346' title='bbox 893 2548 963 2588; x_wconf 82' lang='grc' dir='ltr'>τοῖς</span> <span class='ocrx_word' id='word_1_347' title='bbox 981 2542 1149 2595; x_wconf 78' lang='grc' dir='ltr'>οἰομένοις</span> <span class='ocrx_word' id='word_1_348' title='bbox 1171 2545 1340 2597; x_wconf 64' lang='grc' dir='ltr'>προφῆτιν</span> <span class='ocrx_word' id='word_1_349' title='bbox 1364 2542 1542 2596; x_wconf 77' lang='grc' dir='ltr'>γεγονέναι</span> <span class='ocrx_word' id='word_1_350' title='bbox 1560 2542 1626 2592; x_wconf 80' lang='grc' dir='ltr'><strong>τῆν</strong></span> 
     </span>
     <span class='ocr_line' id='line_1_38' title="bbox 160 2606 1623 2659; baseline 0.002 -15"><span class='ocrx_word' id='word_1_351' title='bbox 160 2606 344 2656; x_wconf 71' lang='grc' dir='ltr'><strong>Σίδυλλαν,</strong></span> <span class='ocrx_word' id='word_1_352' title='bbox 361 2608 420 2648; x_wconf 78' lang='grc' dir='ltr'><strong>καὶ</strong></span> <span class='ocrx_word' id='word_1_353' title='bbox 437 2608 670 2652; x_wconf 71' lang='grc' dir='ltr'>Σιδυλλιστὰς</span> <span class='ocrx_word' id='word_1_354' title='bbox 682 2607 762 2653; x_wconf 76' lang='grc' dir='ltr'>τοὺς</span> <span class='ocrx_word' id='word_1_355' title='bbox 775 2609 947 2652; x_wconf 76' lang='grc' dir='ltr'>τοιούτους</span> <span class='ocrx_word' id='word_1_356' title='bbox 959 2607 1192 2647; x_wconf 74' lang='grc' dir='ltr'><strong>καλεσάντων.</strong></span> <span class='ocrx_word' id='word_1_357' title='bbox 1212 2610 1343 2659; x_wconf 84' lang='lat' dir='ltr'><strong>Neque</strong></span> <span class='ocrx_word' id='word_1_358' title='bbox 1355 2609 1462 2647; x_wconf 86' lang='lat' dir='ltr'><strong>stulti</strong></span> <span class='ocrx_word' id='word_1_359' title='bbox 1477 2617 1623 2647; x_wconf 82' lang='lat' dir='ltr'><strong>tantum</strong></span> 
     </span>
     <span class='ocr_line' id='line_1_39' title="bbox 160 2671 1623 2723; baseline 0.003 -17"><span class='ocrx_word' id='word_1_360' title='bbox 160 2671 315 2720; x_wconf 88' lang='lat' dir='ltr'><strong>erroris,</strong></span> <span class='ocrx_word' id='word_1_361' title='bbox 344 2671 410 2710; x_wconf 88' lang='lat' dir='ltr'><strong>sed</strong></span> <span class='ocrx_word' id='word_1_362' title='bbox 430 2672 617 2711; x_wconf 86' lang='lat' dir='ltr'><strong>mendacii</strong></span> <span class='ocrx_word' id='word_1_363' title='bbox 648 2682 686 2711; x_wconf 90' lang='lat' dir='ltr'><strong>et</strong></span> <span class='ocrx_word' id='word_1_364' title='bbox 705 2672 853 2711; x_wconf 80' lang='lat' dir='ltr'><strong>fraudis</strong></span> <span class='ocrx_word' id='word_1_365' title='bbox 877 2672 927 2710; x_wconf 87' lang='lat' dir='ltr'><strong>ob</strong></span> <span class='ocrx_word' id='word_1_366' title='bbox 944 2685 1025 2710; x_wconf 86' lang='lat' dir='ltr'><strong>eam</strong></span> <span class='ocrx_word' id='word_1_367' title='bbox 1048 2671 1438 2723; x_wconf 84' lang='lat' dir='ltr'><strong>remincusabantur,</strong></span> <span class='ocrx_word' id='word_1_368' title='bbox 1465 2681 1623 2712; x_wconf 82' lang='lat' dir='ltr'><strong>notante</strong></span> 
     </span>
     <span class='ocr_line' id='line_1_40' title="bbox 160 2734 1624 2790; baseline 0.003 -18"><span class='ocrx_word' id='word_1_369' title='bbox 160 2734 277 2785; x_wconf 80' lang='lat' dir='ltr'><strong>Celso,</strong></span> <span class='ocrx_word' id='word_1_370' title='bbox 296 2736 388 2776; x_wconf 84' lang='lat' dir='ltr'><strong>ibid.</strong></span> <span class='ocrx_word' id='word_1_371' title='bbox 403 2738 518 2789; x_wconf 71' lang='lat' dir='ltr'>VILS</span> <span class='ocrx_word' id='word_1_372' title='bbox 536 2739 600 2787; x_wconf 84' lang='lat'><strong>56,</strong></span> <span class='ocrx_word' id='word_1_373' title='bbox 619 2737 803 2789; x_wconf 75' lang='lat' dir='ltr'><strong>Sibyllam</strong></span> <span class='ocrx_word' id='word_1_374' title='bbox 822 2738 944 2787; x_wconf 83' lang='lat' dir='ltr'><strong>illam,</strong></span> <span class='ocrx_word' id='word_1_375' title='bbox 964 2737 1071 2789; x_wconf 84' lang='lat' dir='ltr'><strong>cujus</strong></span> <span class='ocrx_word' id='word_1_376' title='bbox 1095 2737 1321 2776; x_wconf 85' lang='lat' dir='ltr'><strong>testimoniis</strong></span> <span class='ocrx_word' id='word_1_377' title='bbox 1339 2738 1496 2790; x_wconf 82' lang='lat' dir='ltr'><strong>quidam</strong></span> <span class='ocrx_word' id='word_1_378' title='bbox 1516 2737 1624 2777; x_wconf 84' lang='lat' dir='ltr'><strong>Chri-</strong></span> 
     </span>
     <span class='ocr_line' id='line_1_41' title="bbox 159 2797 1624 2856; baseline 0.004 -20"><span class='ocrx_word' id='word_1_379' title='bbox 159 2799 264 2838; x_wconf 84' lang='lat' dir='ltr'><strong>stiani</strong></span> <span class='ocrx_word' id='word_1_380' title='bbox 277 2801 537 2853; x_wconf 82' lang='lat' dir='ltr'><strong>abuterentur,</strong></span> <span class='ocrx_word' id='word_1_381' title='bbox 554 2797 776 2856; x_wconf 69' lang='grc' dir='ltr'><strong>Σίὸυλλαν,ᾗ’</strong></span> <span class='ocrx_word' id='word_1_382' title='bbox 791 2802 946 2856; x_wconf 77' lang='grc' dir='ltr'><strong>χρῶνταί</strong></span> <span class='ocrx_word' id='word_1_383' title='bbox 959 2818 1047 2847; x_wconf 84' lang='grc' dir='ltr'>τινες</span> <span class='ocrx_word' id='word_1_384' title='bbox 1058 2804 1169 2854; x_wconf 79' lang='grc' dir='ltr'>ὑμῶν,</span> <span class='ocrx_word' id='word_1_385' title='bbox 1183 2803 1454 2855; x_wconf 83' lang='lat' dir='ltr'><strong>interpolatam</strong></span> <span class='ocrx_word' id='word_1_386' title='bbox 1467 2802 1516 2842; x_wconf 86' lang='lat' dir='ltr'><strong>ab</strong></span> <span class='ocrx_word' id='word_1_387' title='bbox 1532 2802 1624 2854; x_wconf 79' lang='lat' dir='ltr'><strong>ipsis</strong></span> 
     </span>
     <span class='ocr_line' id='line_1_42' title="bbox 161 2863 1622 2921; baseline 0.002 -20"><span class='ocrx_word' id='word_1_388' title='bbox 161 2872 266 2914; x_wconf 81' lang='lat' dir='ltr'><strong>atque</strong></span> <span class='ocrx_word' id='word_1_389' title='bbox 283 2866 530 2907; x_wconf 85' lang='lat' dir='ltr'><strong>adulteratam</strong></span> <span class='ocrx_word' id='word_1_390' title='bbox 556 2881 637 2907; x_wconf 86' lang='lat' dir='ltr'><strong>esse</strong></span> <span class='ocrx_word' id='word_1_391' title='bbox 653 2867 781 2906; x_wconf 85' lang='lat' dir='ltr'><strong>multis</strong></span> <span class='ocrx_word' id='word_1_392' title='bbox 806 2867 899 2906; x_wconf 89' lang='lat' dir='ltr'><strong>locis</strong></span> <span class='ocrx_word' id='word_1_393' title='bbox 921 2881 929 2904; x_wconf 92' lang='lat'><strong>:</strong></span> <span class='ocrx_word' id='word_1_394' title='bbox 961 2869 1032 2906; x_wconf 77' lang='grc' dir='ltr'><strong>Νῦν</strong></span> <span class='ocrx_word' id='word_1_395' title='bbox 1061 2867 1096 2905; x_wconf 75' lang='grc' dir='ltr'><strong>δὲ</strong></span> <span class='ocrx_word' id='word_1_396' title='bbox 1126 2866 1382 2921; x_wconf 79' lang='grc' dir='ltr'>παρεγγράφειν</span> <span class='ocrx_word' id='word_1_397' title='bbox 1407 2865 1470 2917; x_wconf 76' lang='grc' dir='ltr'><strong>μὲν</strong></span> <span class='ocrx_word' id='word_1_398' title='bbox 1501 2865 1548 2909; x_wconf 83' lang='grc' dir='ltr'><strong>εἰς</strong></span> <span class='ocrx_word' id='word_1_399' title='bbox 1578 2863 1622 2904; x_wconf 72' lang='grc' dir='ltr'><strong>τὰ</strong></span> 
     </span>
    </p>
   </div>
  </div>
 </body>
</html>
