1686 3500
122 161 214 207 530
249 142 253 145 ’
503 158 581 202 AD
616 157 958 203 &marmus
993 157 1206 202 munos

564 254 686 306 Μέγαν
712 254 748 294 δέ
763 270 801 293 τε
820 256 918 294 κίονα
936 254 1027 307 πήξῃ
1040 282 1050 300 ,

116 332 231 374 atque
249 320 295 359 ad
314 321 437 372 ipsum
457 319 600 372 alligati
622 321 842 372 plectuntur
861 321 985 373 impii,
1006 318 1148 357 ibidem
1167 318 1290 368 infra,
1308 331 1342 357 v.
1360 320 1449 366 284,
1464 332 1550 371 sqq.
1575 335 1583 359 :

131 391 138 399 ‘
660 384 731 424 Σὺν
751 391 842 425 τοῖσι
860 386 919 423 καὶ
938 383 1058 425 αὐτοὺς

271 448 385 502 Ὀργὴ
402 448 624 502 ἄπουρανίοιο
640 448 700 487 καὶ
722 449 908 502 ἀφθάρτοιο
924 449 1028 487 Θεοῖο

272 513 368 554 Κίονι
383 512 679 565 προσπελάσειαν,
701 513 789 552 ὅπου
807 514 886 567 περὶ
905 512 1032 551 κύκλον
1051 511 1191 550 ἅπαντα

270 577 465 628 Ἀκᾶματος
481 578 636 628 ποταμός
651 593 690 615 τε
709 579 777 631 ῥέει
796 577 901 630 πυρός
914 606 924 624 ,
949 591 981 614 κ.
999 592 1030 614 τ.
1050 577 1084 615 λ.

112 644 271 694 Sumpta
300 643 430 694 itaque
447 641 602 680 videtur
632 642 712 680 liaec
737 643 885 693 image,
912 641 1012 679 sicut
1030 640 1122 678 olim
1143 640 1180 678 in
1206 641 1308 679 notis
1330 640 1518 689 diximus,
1538 655 1585 680 ex

111 707 290 746 horribili
325 708 545 759 spectaculo
574 708 737 745 infelicis
767 708 841 758 pali
871 719 983 756 quem
1013 706 1256 756 magistratus
1285 707 1476 746 Romanus
1496 717 1588 745 ante

108 772 277 811 tribunal
307 771 552 822 deligendum
588 770 769 818 curabat,
801 770 847 808 ad
881 784 995 821 quem
1027 770 1201 820 alligatos
1237 770 1430 821 virgisque
1468 763 1598 810 ca‘sos’

108 843 294 886 martyres
326 844 365 873 et
389 835 626 872 consessores
645 833 781 872 crebro
801 833 998 884 spectabat
1029 833 1242 872 Christiana
1275 833 1384 885 plebs
1407 834 1473 872 illo
1499 835 1586 885 ipso

109 908 282 950 tempore
297 912 376 949 quo
400 898 480 936 haec
496 899 534 936 in
556 906 720 949 utroque
742 897 841 935 libro
857 899 944 936 Vlll
961 906 998 936 et
1021 899 1052 936 ll
1069 896 1350 944 scribebantur,
1370 898 1509 936 saeculo
1532 899 1582 937 lll

109 964 187 1002 scre
211 963 360 1012 medio,
380 962 624 1001 saevientibus
650 962 775 1000 adhuc
795 961 976 1000 adversus
1004 974 1103 1000 nova
1131 975 1238 1001 sacra
1266 963 1402 1014 priscis
1421 962 1580 1014 legibus,

109 1037 147 1067 et
174 1037 346 1067 cessante
367 1027 582 1076 interdum,
607 1040 802 1078 nunquam
824 1040 914 1064 vero
935 1026 1151 1075 desinente,
1168 1040 1255 1078 quae
1284 1026 1330 1065 ad
1352 1027 1453 1065 illius
1474 1041 1587 1079 paene

111 1094 236 1131 saeculi
257 1094 366 1131 linem
388 1092 565 1140 duravit,
586 1092 866 1144 persecutione.

490 1354 601 1394 CAP.
633 1353 762 1393 XXIV.
793 1356 851 1391 De
871 1359 956 1405 igne
970 1355 1198 1405 probatorio.

154 1480 562 1533 Constitutojudicio,
582 1479 741 1519 sedente
757 1479 794 1518 in
812 1479 996 1519 tribunali
1013 1482 1129 1520 Patre
1149 1495 1236 1520 cum
1257 1483 1353 1522 Filio
1366 1511 1376 1531 ,
1399 1486 1582 1523 mortales

101 1549 287 1601 (exceptis
307 1547 465 1586 forsitan
484 1546 530 1585 iis
546 1547 613 1597 qui
631 1545 814 1585 tribunali
831 1556 955 1586 astare
975 1547 1070 1587 dicti
1086 1548 1210 1601 sunt),
1232 1562 1302 1600 per
1321 1550 1447 1601 ignem
1468 1565 1582 1602 agen-

102 1621 165 1652 tur
187 1625 343 1659 omnes,
360 1625 424 1650 seu
453 1611 708 1659 macularum,
732 1611 764 1650 si
789 1625 875 1663 quae
903 1622 1151 1665 supererant,
1170 1614 1422 1653 eluendarum
1443 1629 1578 1663 causa,

100 1691 168 1717 seu
183 1676 440 1730 dijudicandae
457 1690 613 1715 reorum
635 1677 747 1725 vitae,
767 1678 844 1715 utri
865 1678 1041 1716 mercede
1060 1679 1191 1730 digni,
1211 1680 1288 1718 utri
1307 1680 1418 1719 venia
1434 1680 1580 1733 indigni

101 1744 202 1796 sint3
217 1756 296 1794 quo
316 1742 364 1781 de
384 1742 472 1792 igne
490 1743 630 1782 Noster
647 1742 731 1793 ipse
751 1742 986 1790 audiendus,
1010 1744 1065 1794 lt,
1085 1758 1119 1783 v,
1141 1744 1229 1791 253,
1245 1758 1329 1796 sqq.
1346 1760 1355 1784 ι

260 1805 331 1846 Καὶ
347 1806 427 1845 τότε
444 1805 486 1853 δὴ
507 1805 635 1852 πάντες
650 1806 705 1845 διὰ
729 1806 913 1858 αἰθομένου
933 1814 1106 1859 ποταμοῖο

261 1871 333 1910 Καὶ
349 1870 473 1924 φλογὸς
486 1870 660 1910 ἀσὸἐστου
676 1871 883 1910 διελεύσονο’
897 1886 906 1895 ·
928 1871 964 1910 οἵ
978 1888 1015 1911 τε
1035 1873 1162 1912 δίκαιοι

261 1934 396 1978 Πάντες
409 1932 599 1982 σωθήσὸντ’
613 1946 623 1957 ·
643 1934 779 1979 ἆσεὸεῖς
797 1936 826 1974 δ’
845 1935 902 1975 ἐπὶ
925 1942 1033 1976 τοῖσιν
1050 1939 1212 1977 ὅλοῦνται

261 2001 323 2043 Εἷς
339 2001 467 2044 αἰῶνας
487 1999 603 2044 ὅλους.

102 2065 148 2105 ld
175 2065 288 2104 etiam
315 2065 365 2103 ab
393 2065 586 2104 anteriore
612 2065 807 2116 Sibyllista
829 2066 1000 2118 brevius,
1020 2067 1086 2106 sed
1104 2081 1181 2106 non
1201 2067 1367 2107 obscure
1385 2068 1576 2120 signitica-

105 2140 185 2169 tum
219 2138 328 2179 erat,
344 2129 412 2171 lib.
431 2129 536 2179 Vlll,
560 2143 594 2169 v.
616 2135 686 2176 [ιιι
710 2143 720 2170 t

655 2192 770 2234 Ὅταν
789 2194 872 2247 πυρὶ
889 2195 1023 2240 πάντας
1036 2195 1186 2250 ἐλέγχω.

105 2261 155 2301 Et
174 2260 228 2299 sic
247 2258 536 2311 intelligendum
556 2259 660 2310 quod
682 2260 718 2298 in
741 2260 877 2299 eodem
896 2260 997 2299 libro
1013 2262 1139 2299 statim
1155 2261 1325 2308 additur,
1344 2277 1380 2302 v.
1402 2269 1476 2310 4¹2
1497 2278 1506 2302 :

261 2323 436 2363 Χωνεύσω
456 2321 522 2376 γὰρ
538 2322 677 2363 ἅπαντα
690 2353 700 2371 ,
720 2324 782 2363 καὶ
802 2325 849 2368 εἷς
868 2325 1018 2377 καθαρὸν
1039 2326 1196 2371 διαλέξω.
1221 2347 1225 2350 -

106 2388 155 2427 Et
169 2388 245 2426 huc
264 2389 423 2427 sortasse
442 2385 686 2427 ¹referendum
708 2388 748 2427 τὸ
762 2393 829 2442 πῦρ
853 2389 893 2427 τὸ
909 2391 1044 2441 ἰχνεῦον
1064 2391 1104 2429 in
1126 2391 1296 2440 ejusdem
1318 2391 1407 2430 libri
1424 2391 1576 2430 acrosti-

69 2492 72 2495 ,
107 2453 237 2500 chide,
260 2466 295 2491 v.
314 2453 403 2500 225,
427 2466 485 2504 sq.
507 2468 515 2490 :
533 2466 645 2504 quem
662 2453 787 2491 locum
805 2454 930 2492 ,lulius
949 2467 1104 2505 quoque
1124 2455 1312 2494 Firmieus
1329 2455 1506 2494 habuisse
1523 2455 1577 2492 vi-

110 2518 223 2557 detur
243 2518 294 2555 ob
310 2519 463 2569 oculos3
482 2518 615 2555 confer
631 2531 747 2569 supra
760 2548 771 2567 ‚
788 2532 877 2570 pag.
900 2519 991 2558 282.
1304 2514 1308 2517 ⁵

158 2582 336 2634 Optimus
363 2595 455 2620 vero
475 2581 554 2628 hic,
580 2590 624 2619 ut
643 2581 889 2633 plerumque,
905 2574 1183 2632 Sibyllinorum
1204 2583 1394 2635 interpres
1413 2585 1571 2624 Lactan-

106 2646 202 2694 tius,
221 2645 285 2684 lib.
305 2645 393 2691 vlt,
411 2658 494 2696 cap.
517 2658 562 2682 αι
585 2659 594 2682 :
615 2662 630 2679 α
648 2646 722 2684 Sed
744 2654 781 2684 et
798 2648 921 2694 justos
939 2645 1074 2697 [Deus]
1094 2647 1445 2699 cumjudicaverit,
1460 2649 1571 2686 etiam

43 2756 48 2762 ,
100 2729 115 2745 a
130 2711 168 2749 in
190 2710 268 2762 igni
288 2722 353 2748 eos
373 2708 622 2748 examinabit.
648 2710 746 2748 Tum
770 2723 935 2761 quorum
955 2721 1112 2761 peccata
1133 2711 1191 2750 vel
1214 2708 1471 2763 pondere'vel
1496 2726 1569 2750 nu-

100 2788 237 2814 .mero
266 2774 554 2825 praevaluerint,
588 2773 893 2825 perstringentur
927 2774 1002 2826 igni
1027 2784 1141 2826 atque
1169 2775 1448 2814 amburentur:
1472 2788 1569 2827 quos

99 2858 113 2873 «ι
130 2847 254 2877 antem
285 2839 394 2889 plena
420 2836 568 2887 justitia
589 2845 626 2873 ct
656 2838 852 2876 maturitas
878 2839 1028 2877 virtutis
1057 2840 1269 2887 incoxerit,
1301 2841 1426 2890 ignem
1460 2840 1566 2878 illum
