1686 3500
585 295 595 302 ι
637 233 957 280 ΕΧουΒευε
989 233 1047 279 ν.
1199 265 1203 269 .
1406 221 1435 233 “’
1469 236 1563 282 437

91 344 167 370 non
197 330 313 370 semel
342 331 422 384 jam
453 344 476 371 a
498 330 610 371 nobis
631 331 766 378 allato,
794 331 976 383 jactantis
995 344 1127 370 omnes
1159 323 1200 371 se
1219 332 1429 385 Sibyllinos
1451 333 1570 373 libros

90 395 344 448 pervolvissc‚
368 397 483 435 ἐκεῖνα
511 395 764 448 ἀναλεξάμενον
779 395 940 436 ἅπαντας
956 409 1071 448 quam
1091 396 1166 436 hoc
1184 397 1367 447 tidenter,
1389 399 1462 438 nisi
1486 398 1568 451 jam

88 461 315 500 collectione
336 469 468 500 nostra
497 459 696 500 utebatur!
718 461 860 501 Confer
881 461 975 500 Exc.
995 461 1059 510 w,
1082 474 1124 513 p.
1143 462 1232 511 281,
1255 475 1314 514 sq.

140 527 250 567 Nune
271 535 381 566 vetus
404 525 642 565 collectionis
656 526 772 580 hujus
796 526 922 566 editor
945 535 1040 580 quot
1062 517 1179 566 libros
1198 528 1258 567 vel
1281 527 1487 579 Sibyllinos
1508 528 1568 568 vei

87 606 159 645 pro
177 591 376 644 Sibyllinis
404 590 558 631 habitos
587 591 633 630 ad
658 605 810 631 manum
845 591 1046 644 habuerit,
1076 605 1148 631 nec
1175 592 1287 644 plane
1312 592 1476 642 scimus,
1498 607 1568 633 nec

85 657 286 709 quisquam
316 665 400 696 tuto
431 656 559 695 dicere
588 657 752 710 poterit,
784 658 874 710 quia
903 657 1029 710 potuit
1061 657 1190 710 plures
1221 657 1413 697 interdum
1449 657 1568 698 libros

87 723 123 760 in
145 736 263 761 unum
289 723 550 775 compingere,
572 723 676 775 quod
697 724 904 775 praesertim
929 723 976 762 dc
997 723 1103 762 libris
1118 724 1132 763 l
1149 732 1188 762 et
1209 724 1265 773 11,
1280 724 1370 762 olim
1387 725 1425 762 in
1449 737 1567 763 unum

86 785 327 838 conjunctis,
350 787 587 835 notavimus,
611 788 794 840 quodque
813 789 860 827 de
889 788 997 827 libris
1021 789 1070 828 lll
1100 797 1139 828 et
1166 788 1252 829 Vll!
1278 788 1485 828 admodum
1510 798 1568 829 est

86 851 305 891 verisimile.
332 853 478 891 Tamen
509 853 558 891 ab
578 853 662 905 ipso
684 853 978 905 ‹luatuordecim
1003 853 1144 905 libros,
1169 853 1208 892 id
1239 863 1315 900 est,
1343 863 1438 905 quot
1466 868 1568 893 nunc

87 915 293 965 habentur,
317 917 493 968 primitus
513 920 670 956 emissos
704 918 841 970 fuisse,
866 931 990 970 prope
1012 927 1157 957 certum
1184 927 1254 957 est.
1290 920 1384 959 Nam
1413 919 1444 958 si
1475 919 1569 958 alios

86 982 202 1033 paulo
223 982 370 1034 plures,
392 982 619 1021 incredibile
639 997 797 1035 piorsus
824 983 941 1032 soret,
962 991 1018 1021 tot
1037 997 1057 1021 a
1079 983 1220 1022 sanctis
1242 982 1421 1023 Patribus
1440 984 1569 1023 afferri

84 1060 215 1085 versus
244 1061 291 1085 ex
321 1047 594 1099 superstitibus
627 1048 743 1086 hodie
770 1047 898 1096 libris,
929 1062 950 1087 e
982 1049 1138 1100 reliquis
1168 1062 1260 1087 vero
1282 1049 1444 1089 nullum.
1472 1050 1568 1089 Nam

83 1111 318 1151 Prooemium
340 1112 494 1163 quidem
517 1113 746 1163 Sibyllinum
772 1126 872 1165 saepe
901 1126 924 1151 a
949 1112 1127 1152 Patribus
1152 1113 1333 1158 citatum,
1360 1113 1398 1151 in
1427 1114 1568 1153 nostris

84 1189 177 1214 vero
204 1175 405 1215 codicibus
433 1190 509 1215 non
536 1176 718 1224 obvium,
747 1191 817 1215 cur
848 1191 895 1215 ex
913 1177 985 1215 hac
1015 1178 1241 1216 collectione
1271 1178 1319 1216 sit
1355 1187 1564 1230 resectum,

82 1241 248 1280 diximus
279 1255 413 1293 supra,
446 1256 529 1294 cap.
565 1256 628 1291 ια,
658 1256 796 1294 nempe
827 1242 930 1295 quod
961 1256 1051 1295 pars
1081 1242 1245 1281 maxima
1272 1243 1355 1293 ejus
1385 1243 1567 1282 carminis

80 1306 172 1344 olim
196 1306 351 1344 secundi
385 1306 472 1345 libri
504 1307 623 1346 initiis
658 1306 802 1345 inclusa
834 1315 951 1359 atque
981 1307 1070 1346 iude
1101 1307 1139 1346 in
1173 1308 1373 1346 exordium
1405 1307 1566 1348 tibrim

83 1370 266 1409 translata
294 1371 423 1410 fuerit.
444 1371 690 1411 Lactantiana
724 1385 814 1410 vero
847 1371 1078 1423 fragmenta,
1101 1372 1202 1420 duo,
1232 1385 1307 1409 non
1334 1372 1443 1424 plura
1470 1379 1563 1424 (ter—

82 1434 174 1471 tium
194 1433 295 1472 enim
315 1433 522 1487 obscurum
540 1443 578 1473 et
598 1436 783 1473 incertum
801 1438 867 1486 est)
881 1466 891 1484 ,
911 1450 996 1488 quae
1017 1435 1132 1474 liodie
1153 1450 1340 1488 nusquam
1358 1429 1509 1477 exstant
1524 1438 1560 1477 in

78 1497 274 1549 Sibyllinis
306 1499 436 1547 libris,
463 1499 510 1538 ad
539 1501 718 1539 Prooemii
739 1501 918 1552 Sibyllini
938 1502 1111 1539 lacunam
1136 1515 1217 1540 esse
1242 1502 1462 1552 rest-reuda,
1485 1504 1563 1542 suis

79 1564 170 1602 locis
205 1565 441 1613 monuimus;
473 1567 608 1604 confer
636 1575 718 1606 not.
749 1566 795 1604 ad
827 1566 908 1618 ipsa
942 1567 1176 1617 fragmenta,
1203 1575 1241 1604 et
1271 1581 1354 1605 cur.
1385 1577 1482 1618 post.
1513 1567 1560 1606 nd

78 1629 238 1668 Prooem.
265 1642 301 1668 v.
323 1630 385 1669 36.

130 1693 241 1733 Adde
256 1695 361 1746 quod
386 1696 507 1734 ultimi
528 1705 695 1748 quatuor
715 1695 822 1746 libri,
841 1705 919 1734 tum
941 1710 1058 1748 quum
1080 1710 1213 1735 recens
1227 1695 1274 1734 ab
1295 1697 1440 1747 Angelo
1460 1696 1562 1735 Maio

77 1760 217 1811 reperti
238 1769 337 1809 sunt,
350 1761 427 1799 suis
449 1762 616 1799 numeris
637 1761 807 1813 insigniti
826 1770 1101 1810 occurrerunt,
1123 1762 1182 1813 ια’,
1200 1762 1258 1813 ιβ’,
1277 1762 1334 1811 ιγ’,
1355 1762 1420 1800 ιδ’;
1439 1775 1559 1813 quare

76 1825 204 1864 decem
227 1834 372 1864 tantum
404 1826 552 1878 priores
583 1828 736 1878 agnosci
756 1840 908 1865 necesse
928 1836 994 1865 est.
1019 1828 1105 1866 Jam
1136 1840 1229 1864 vero
1259 1828 1558 1865 monstravimus

77 1899 252 1928 octavum
268 1891 408 1929 librum
428 1892 538 1930 facile
556 1892 593 1930 in
615 1901 691 1930 tres
705 1892 825 1930 libros
846 1892 967 1930 dividi
989 1892 1201 1943 posse,qui
1221 1891 1338 1930 hodie
1349 1901 1436 1931 sunt
1450 1892 1553 1939 vill,

75 1956 95 2005 5
126 1956 328 2004 1;Vltt,§
350 1969 394 2008 23
415 1956 524 2005 vul,
545 1960 564 2003 S
583 1957 621 2003 3,
643 1962 662 2000 Ι.
685 1959 777 2008 :qui
807 1970 928 2008 quum
949 1970 1019 1995 nec
1045 1970 1172 1994 rerum
1201 1965 1333 1994 tenore
1348 1985 1360 2004 ,
1382 1970 1451 1995 nec
1467 1970 1557 1995 sen-

75 2020 280 2058 tenuat-um
319 2022 474 2069 colore,
499 2035 568 2059 nec
596 2035 736 2072 genere
768 2021 944 2068 dicendi,
966 2022 1129 2059 invicem
1157 2021 1376 2059 cohaereant
1399 2022 1558 2072 (consei-

75 2098 187 2136 supra
221 2099 309 2137 cap.
331 2093 367 2132 l„
388 2087 427 2133 6,
459 2086 534 2137 14),
555 2085 692 2124 melius
722 2086 1025 2125 inscriberentur
1044 2085 1132 2124 libri
1153 2086 1262 2133 Vlll,
1293 2086 1344 2125 ΙΧ
1368 2096 1403 2124 et
1430 2075 1474 2125 Χ.
1500 2086 1557 2125 ΑΙ)

76 2149 131 2186 liis
159 2150 327 2188 numeris
355 2159 494 2202 sponte
527 2151 710 2189 transitus
733 2151 772 2187 fit
805 2150 852 2188 ad
875 2160 1077 2202 sequentes
1106 2151 1178 2199 xl,
1196 2151 1284 2198 Xll,
1311 2151 1424 2198 xm,
1446 2151 1555 2199 XlV,

74 2215 135 2263 qui
160 2215 294 2252 ultimo
315 2216 486 2253 omnium
508 2217 592 2253 loco
609 2216 701 2267 jure
715 2216 832 2268 positi
858 2216 1055 2263 videntur,
1076 2216 1166 2268 quia
1187 2230 1262 2253 non
1286 2217 1372 2253 loeo
1391 2223 1551 2261 tantuin,

74 2278 136 2316 sed
154 2288 189 2318 et
210 2289 320 2319 :etate
342 2289 378 2319 et
400 2281 528 2333 pretio
549 2281 666 2319 infimi
688 2291 806 2321 sunt:
829 2281 878 2319 ita
900 2289 942 2320 ut
962 2281 999 2319 in
1016 2281 1168 2319 decimo
1188 2289 1325 2333 quarto
1340 2279 1554 2318 substitisse

75 2344 358 2384 transcribentis
380 2346 566 2384 calamum
588 2346 691 2384 liaud
713 2346 906 2384 immerito
928 2359 1092 2384 reamur.

123 2409 234 2455 Quod
268 2410 383 2461 igitur
400 2399 588 2463 ¹:scriptum
619 2411 720 2463 apud
753 2411 908 2449 Suidam
928 2411 1089 2461 legimus
1108 2409 1156 2448 de
1179 2409 1324 2461 Sibylla
1340 2408 1520 2447 Chaldaea
1542 2421 1552 2448 t

72 2472 120 2510 ὅτι
136 2473 262 2522 ταύτης
282 2475 349 2514 εἰσὶ
371 2475 489 2528 βιίῒλία
509 2475 562 2514 κδ’
581 2476 660 2529 περὶ
679 2474 806 2519 παντὸς
822 2474 936 2518 ἔθνους
956 2475 1016 2513 καὶ
1035 2475 1150 2528 χώρας
1170 2464 1397 2528 εὴπριέχοντει,
1415 2474 1453 2512 id
1477 2481 1550 2521 est,

72 2538 220 2588 Sibyllae
239 2540 428 2578 Chatdaeae
443 2540 561 2578 libros
578 2540 697 2579 xxiv
718 2549 869 2578 exstare
885 2570 896 2588 ,
926 2539 989 2577 vix
1010 2552 1214 2591 possumus
1232 2539 1323 2590 quin
1350 2538 1549 2577 adultera-

73 2612 147 2641 tum
168 2618 189 2642 a
206 2605 619 2654 librmfisjudicemus,
639 2615 675 2644 et
697 2619 768 2657 pro
783 2605 834 2644 κδ’
852 2604 1054 2656 legendum
1076 2617 1156 2643 esse
1176 2603 1230 2650 ιδ’,
1252 2603 1288 2642 id
1310 2613 1367 2642 est
1384 2603 1466 2644 Xl.V
1480 2616 1550 2655 pro

73 2667 195 2707 XXIV.
215 2671 342 2717 Quum
358 2683 451 2707 vero
464 2670 598 2708 scribit
614 2670 769 2709 Servius
782 2670 829 2708 ad
846 2670 1016 2716 AEn.111,
1035 2683 1072 2709 v.
1092 2670 1219 2714 &45:1¹
1236 2669 1335 2707 Sane
1352 2669 1548 2707 sciendum

71 2749 82 2763 u
99 2734 222 2772 omnia
238 2748 418 2786 responsa
431 2735 587 2787 Sibyltoe
605 2736 689 2787 plus
706 2736 879 2774 minusve
896 2744 1047 2773 centum
1063 2735 1251 2773 contineri
1270 2734 1509 2774 sermonibus
1524 2753 1551 2784 n,
1598 2749 1604 2756 ·

71 2797 169 2846 quod
189 2798 326 2838 iterum
348 2814 457 2853 paene
473 2801 605 2839 iisdem
628 2801 747 2838 literis
768 2801 884 2839 tradit
899 2800 946 2839 ad
964 2800 1107 2840 AEn.vt
1122 2830 1132 2850 ‚
1150 2814 1182 2840 v.
1204 2801 1266 2848 43,
1281 2800 1545 2851 accipiendum

71 2860 139 2899 hoc
159 2872 226 2911 est,
247 2864 294 2902 de
315 2866 487 2917 profanis
507 2867 674 2904 oraculis
689 2866 900 2917 Sibyllinis,
917 2866 1010 2904 nihil
1032 2866 1078 2903 ad
1101 2874 1229 2903 nostra
1249 2865 1546 2917 pertinentibus,

71 2937 229 2975 quorum
247 2930 410 2982 syllogus
429 2931 558 2983 plures
574 2931 781 2983 antiquitus
805 2931 917 2969 fuisse
935 2930 1099 2969 diximus
1121 2930 1157 2969 in
1176 2931 1265 2971 Exc.
1283 2931 1329 2979 ll,
1350 2943 1430 2981 pag.
1459 2942 1543 2970 ιιο.
