1752 3495
674 254 984 299 Excuasus
1021 255 1094 302 1.-,
1529 253 1588 296 ετ
1631 225 1635 285 s

131 360 235 413 quod
250 359 401 411 Cyclica
415 360 590 408 poemata
609 350 725 402 paulo
739 358 838 398 ante,
854 349 956 387 circa
971 361 1113 386 nonum
1128 350 1314 401 praecipue
1331 349 1390 401 vel
1407 355 1600 392 octavum,

132 423 320 476 prodiisse
339 425 487 459 constet
501 445 513 467 ,
533 414 714 466 quodque
729 413 856 452 Ionica
876 413 1002 464 poesis
1018 412 1057 453 in
1075 412 1212 463 ignotis
1226 412 1391 451 AEolidos
1406 410 1600 463 oppidulis

131 497 247 539 atque
279 488 317 525 in
348 483 437 535 ipsis
457 480 534 519 ldae
556 479 694 517 montis
721 477 917 517 radicibus
946 477 1010 515 vix
1029 475 1228 514 considere
1255 477 1423 528 potuerit
1440 476 1513 515 nisi
1534 475 1600 514 ali·

132 560 277 603 qnanto
309 555 394 601 post
427 544 626 583 Homerica
653 551 847 594 tempora,
880 554 997 593 quum
1015 541 1093 590 jam
1118 539 1212 578 illud
1239 553 1398 592 poeseos
1427 553 1542 594 genus
1561 539 1615 590 in·

132 615 289 666 reliquis
309 612 406 650 Asiae
424 608 586 647 coloniis
604 607 740 645 florere
760 621 804 645 ac
823 607 950 658 vigere
970 605 1160 656 coepisset.

185 678 355 723 Atenim,
384 680 530 725 quaeret
560 671 722 722 aliquis,
756 671 822 723 qui
852 672 894 708 fit
923 678 964 708 ut
993 668 1181 720 Trojanas
1210 666 1448 718 AEolicasque
1482 667 1602 706 tradi-

133 743 254 781 tiones
283 737 470 789 Erythraei
508 736 747 787 potissimum
776 735 823 773 ad
858 748 898 772 se
927 733 1181 780 detorserim,
1210 732 1320 770 Iones
1347 744 1486 782 genere
1513 741 1551 770 et
1579 747 1601 770 a

132 804 283 844 Troade
298 804 412 852 longo
427 801 610 839 distantes
627 799 854 838 intervallo?
868 800 952 838 Non
972 798 1081 836 aliam
1102 797 1226 835 forsan
1243 796 1293 834 ob
1311 809 1476 843 causam,
1490 810 1599 847 quam

133 878 294 922 propter
311 865 533 916 ambiguum
555 874 725 903 tenorem
753 864 876 910 illius,
897 863 945 900 de
964 875 1042 914 quo
1069 862 1234 900 diximus
1248 890 1258 909 ,
1276 860 1424 899 dimidii
1441 873 1571 905 versus
1592 873 1601 898 ε

393 928 527 982 Πατρὶς
550 928 587 967 δέ
610 929 667 979 μοί
686 930 778 967 ἐστιν
799 926 939 981 ἐρυθρή.

132 997 204 1037 Sed
240 1004 277 1034 et
298 993 441 1033 indicia
470 993 645 1044 quaedam
665 993 817 1044 collegit
847 991 1090 1029 doctissimus
1133 989 1361 1029 Klausenius
1394 988 1612 1040 frequentis-

133 1062 224 1099 olim
261 1059 361 1097 inter
396 1057 581 1107 Erythras
617 1065 654 1094 et
681 1056 871 1094 Troadem
910 1055 1128 1093 commercii
1155 1054 1329 1094 :Parion
1362 1053 1401 1091 in
1431 1052 1602 1099 Troade,

133 1125 414 1177 Erythraeorum
447 1122 657 1170 coloniam,
681 1121 806 1161 Strab.
828 1120 892 1158 lib.
921 1120 1010 1159 xlll
1025 1149 1034 1167 ,
1056 1133 1095 1170 p.
1117 1120 1204 1167 588,
1224 1127 1261 1157 et
1285 1120 1449 1157 Pausan.
1478 1121 1601 1155 Boeot.

133 1195 153 1238 §
179 1204 242 1239 27,
267 1187 401 1234 initi0;
429 1185 623 1236 Cybeliam
659 1199 799 1237 pagum
829 1197 951 1236 prope
974 1184 1182 1234 Erythras,
1212 1181 1340 1222 Strab.
1362 1181 1427 1221 lib.
1447 1181 1544 1229 xlv,
1564 1194 1602 1233 p.

134 1254 236 1299 6453
257 1253 456 1302 antiquum
479 1251 582 1301 apud
605 1251 827 1300 Erythraeos
846 1250 990 1288 cultum
1018 1249 1189 1286 Herculis
1215 1247 1322 1292 Idaei,
1338 1247 1480 1298 dc'quo
1499 1247 1602 1285 Pau-

134 1318 281 1365 sanias,
305 1319 423 1354 Boeot.
445 1320 464 1363 5
482 1329 545 1366 27,
567 1316 638 1353 sub
659 1316 767 1353 {inem
781 1343 791 1361 ,
810 1323 847 1352 et
870 1314 1023 1352 Acha'ic.
1051 1314 1128 1363 5-5.
1156 1314 1213 1351 De
1232 1312 1347 1351 Pario
1367 1311 1575 1349 notandum
1589 1337 1600 1355 ‚

132 1381 202 1420 etsi
218 1380 353 1419 Strabo
372 1393 613 1418 communem
634 1392 715 1416 eam
739 1379 928 1417 coloniam
956 1378 1077 1416 tribus
1101 1377 1253 1429 populis
1271 1376 1403 1422 saciat,
1425 1375 1603 1424 Milesiis,

135 1445 362 1495 Erythraeis,
388 1444 530 1490 Pariis,
552 1444 782 1495 praecipuam
818 1452 941 1481 tamen
972 1451 1120 1494 partem
1151 1442 1440 1492 Erytliraeorum
1462 1435 1619 1486 fuisse,

133 1523 251 1561 quum
279 1508 422 1547 scribat
452 1509 657 1546 Pausanias
682 1523 690 1545 ε
712 1506 997 1555 Ἑλλησποντίων
1026 1506 1200 1559 Παριανοὶ
1230 1505 1270 1544 τὸ
1296 1504 1358 1556 μὲν
1386 1504 1548 1542 ἀνέκαθεν
1568 1502 1602 1547 ἐξ

134 1574 266 1618 Ἰωνίας
284 1573 343 1612 καὶ
368 1573 546 1626 Ἐρυθρῶν
570 1572 828 1625 ἀπῳκισμένοι,
856 1572 1005 1610 omissis
1029 1580 1239 1609 ceterarum
1267 1570 1461 1608 civitatum
1484 1569 1606 1605 nomi-

134 1639 264 1678 nibus.
288 1639 387 1677 Satis
415 1638 491 1676 hoc
521 1638 648 1689 arguit
675 1637 827 1676 crebras
859 1637 1145 1687 Erythraeorum
1177 1636 1214 1674 iu
1246 1635 1435 1675 Troadem
1461 1633 1603 1688 migra·

135 1704 256 1741 tiones
285 1703 359 1741 illis
387 1701 625 1754 temporibus
651 1702 790 1748 factas,
822 1714 961 1753 nempe
987 1702 1087 1739 circa
1116 1700 1319 1752 septimum
1349 1699 1404 1737 vel
1425 1707 1600 1736 octavum

133 1766 307 1804 saeculum
324 1796 334 1813 ‚
362 1774 443 1804 tum
464 1780 581 1817 quum
614 1766 806 1816 Erythrae,
826 1766 922 1804 sicut
948 1779 1078 1804 omnes
1106 1765 1246 1804 lonicae
1278 1763 1462 1809 coloniae,
1496 1775 1603 1800 com-

90 1846 93 1849 ·
135 1829 276 1868 mercio
304 1830 483 1869 florerent
498 1845 507 1875 3
523 1830 645 1869 Troas
664 1844 768 1877 vero,
792 1838 829 1868 et
853 1830 976 1868 omnis
994 1831 1057 1868 illa
1082 1844 1171 1881 pars
1195 1829 1292 1869 Asiae
1319 1841 1405 1880 quae
1425 1827 1473 1865 ad
1495 1827 1599 1866 ldam

136 1904 302 1934 montem
324 1894 396 1932 sita
412 1902 488 1942 est,
504 1894 618 1932 nullis
644 1895 735 1932 dum
760 1895 906 1945 magnis
925 1893 1085 1932 urbibus
1104 1893 1308 1939 celebrata,
1329 1891 1501 1943 quamvis
1519 1891 1601 1928 solo

136 1960 252 1997 fertili
278 1972 502 2009 amoenoque
521 1960 641 2006 coelo,
663 1959 826 1997 obscura
849 1968 886 1996 et
906 1959 1104 2009 ignobilis,
1130 1966 1336 1996 mercatum
1356 1956 1503 1994 nullum
1528 1955 1601 1993 nisi

138 2037 205 2075 per
226 2022 391 2061 advenas
407 2032 614 2061 exerceret.
634 2023 758 2060 Facile
785 2023 900 2074 igitur
924 2024 994 2060 suit
1016 2022 1224 2072 Erythraeis
1251 2021 1333 2058 loca
1358 2021 1604 2070 frequentan-

137 2088 239 2127 tibus
264 2088 303 2126 in
331 2088 470 2139 quibus
485 2087 680 2138 Sibyllinae
699 2089 879 2139 vigebant
899 2088 1138 2136 traditiones,
1163 2087 1249 2125 inde
1264 2087 1348 2125 illas
1369 2086 1525 2124 domum
1541 2098 1604 2124 re—

137 2161 291 2205 portare
317 2167 401 2191 cum
430 2152 592 2203 vulgatis
618 2151 760 2190 ibidem
790 2152 986 2202 Sibyllinis
1016 2151 1267 2199 carminibus;
1285 2150 1423 2189 deinde
1451 2148 1523 2187 sibi
1542 2161 1603 2187 eas

139 2218 360 2255 traditiones
377 2231 496 2268 eaque
508 2216 675 2254 carmina
689 2217 1041 2268 vindicare,sponte
1058 2230 1104 2255 eo
1122 2217 1281 2255 ducente
1291 2214 1467 2266 Sibyllini
1483 2214 1602 2265 ipsius

139 2281 314 2319 carminis
334 2281 492 2333 ancipiti
512 2280 773 2320 hemistichio:

502 2344 637 2397 Πατρὶς
661 2344 698 2383 δέ
714 2343 774 2394 μοί
790 2345 882 2383 ἐστιν
899 2343 1036 2398 ἐρυθρή.

138 2410 258 2449 Multo
287 2423 376 2448 sane
404 2409 529 2448 minus
560 2410 745 2461 intelligat
774 2409 930 2460 aliquis,
956 2409 1121 2448 voluisse
1147 2408 1386 2447 Mermessios
1415 2406 1602 2459 ignobiles
1656 2435 1658 2437 -

139 2482 177 2512 et
193 2474 327 2526 inopes
350 2474 498 2512 laudem
520 2474 621 2512 illam
646 2473 849 2525 Erythraeis
871 2473 1065 2512 nobilibus
1093 2487 1136 2511 ac
1169 2472 1352 2511 divitibus
1375 2472 1598 2524 praeripere.

141 2539 190 2576 Et
219 2539 434 2589 promptius
467 2547 549 2576 erat
581 2552 731 2576 versum
765 2551 880 2576 unum
907 2552 927 2575 e
953 2537 1149 2576 codicibus
1182 2536 1447 2588 manuscriptis
1476 2535 1602 2574 delere

141 2616 252 2653 quam
287 2604 460 2654 spurium
485 2604 662 2642 inserere.
692 2605 877 2651 Praeterea
898 2603 1102 2656 Erythraei,
1121 2603 1351 2642 commercio
1378 2611 1417 2640 et
1442 2602 1600 2653 naviga·

143 2667 308 2706 tionibus
327 2668 463 2718 dediti,
482 2669 589 2706 facile
604 2669 804 2720 opiniones
824 2682 910 2706 suas
936 2668 1201 2720 propagabant
1217 2667 1318 2719 apud
1339 2667 1486 2706 Ionicas
1507 2678 1603 2718 prae·

143 2732 265 2769 sertim
287 2742 432 2783 gentes,
448 2746 606 2783 quarum
626 2733 718 2783 ipsa:
736 2734 892 2771 fuerunt
906 2733 1079 2779 Athenae,
1096 2732 1197 2770 unde
1217 2745 1348 2773 rursus
1363 2732 1401 2770 in
1415 2733 1600 2784 reliquam

145 2796 325 2834 Graeciam
338 2796 422 2834 etin
434 2796 588 2835 Graeciae
601 2797 768 2836 colonias
777 2797 1091 2837 refundebantur.
1108 2796 1244 2836 Iisdem
1261 2797 1381 2836 causis
1392 2797 1530 2836 factum
1545 2805 1601 2835 est

147 2863 189 2897 ut
200 2860 471 2910 Sibyllinorum
486 2862 694 2900 carminum
711 2861 859 2900 codices
873 2863 899 2900 ii
913 2863 978 2913 qui
996 2862 1199 2913 Erythraeis
1212 2861 1443 2911 faverent‚id
1454 2871 1522 2910 est,
1535 2861 1600 2912 qui

148 2922 194 2960 ab
226 2925 430 2964 lin-vtln·a=³s
453 2927 653 2965 adulterati
682 2927 857 2974 fuissent,
883 2940 989 2978 paene
1017 2927 1086 2965 soli
1117 2927 1214 2966 inter
1239 2927 1436 2966 hominum
1468 2940 1600 2965 manus
