1752 3495
642 173 953 246 Excessus
985 173 1064 217 lv,
1435 229 1443 240 ἱ
1502 172 1598 218 255
1647 235 1650 238 ἦ

139 276 373 330 quc-bantur,
390 271 464 309 hoc
481 272 560 310 fere
573 271 800 310 discriminis
821 271 920 309 inter
945 279 1132 320 utrosque
1147 269 1375 311 statuebant.
1387 270 1603 323 Prophetas

141 351 270 390 nempe
290 334 551 386 intelligebant
573 335 641 373 Dei
663 335 810 372 monitu
833 334 1056 372 vaticinatos
1069 346 1162 384 esse,
1177 329 1344 372 ceterum
1359 336 1417 373 sui
1436 349 1603 388 compo-

143 417 193 444 tes
208 413 318 453 atque
336 401 525 442 conscios.
543 401 586 438 ld
607 401 813 439 Montanus
827 408 1034 451 negaverat
1053 399 1157 437 aiens
1171 398 1249 442 τοὺς
1266 400 1442 452 προφήτας
1456 414 1604 452 κατεχο-

143 469 259 522 μένους
285 464 382 518 παρὰ
409 466 501 505 Θεοῦ
531 463 579 515 μὴ
602 463 730 503 εἰδέναι
754 463 776 501 ἃ
795 463 955 515 λέγουσι,
974 473 1066 502 teste
1085 471 1244 500 auctore
1264 463 1483 514 Synopseos
1502 465 1604 503 Pro-

143 534 336 586 phetarum
365 528 414 566 ab
450 528 663 567 lloeschelio
700 537 738 566 et
765 528 1003 566 Ritterhusio
1040 527 1174 573 eduae3
1212 527 1251 565 id
1277 540 1371 565 vero
1401 528 1606 568 orthodoxi

143 609 267 637 omnes
286 593 543 639 contendunt,
565 594 752 641 lreuaeus,
771 593 955 644 Origenes
969 622 978 639 ‚
1001 591 1239 643 Epiphanius
1254 621 1264 641 ,
1287 591 1461 642 inprimis
1480 591 1609 643 Chry-

144 670 346 703 sostomus‚
370 658 506 696 uomit.
530 657 654 697 XXIX
676 657 712 695 in
739 657 849 708 epist.
881 657 896 695 1
920 656 967 693 ad
998 657 1106 706 Cor„
1136 656 1246 704 cujus
1277 656 1380 693 locus
1408 655 1457 692 de
1485 655 1610 694 haere

145 724 240 777 apud
263 722 458 773 theologos
478 721 656 760 classicus
675 729 741 759 cst.
760 724 899 760 Contra
919 720 1083 770 Sibyllas
1097 719 1388 768 existimabant,
1407 728 1448 758 ut
1467 728 1618 760 ceteros

146 801 269 828 omnes
299 787 480 838 profanos
508 795 632 831 vates,
658 785 809 836 quoties
832 786 915 822 Deo
936 785 1086 822 volente
1107 796 1197 821 vera
1225 783 1495 834 piu—edicerent,
1514 796 1614 822 caeco

147 852 302 903 impulsu
322 859 447 901 raptas
467 863 510 888 ea
528 848 712 886 cecinisse
728 877 737 895 ,
761 848 852 899 quid
869 849 1121 898 loquerentur
1140 847 1301 897 ignaras.
1322 850 1446 897 Atque
1461 846 1500 884 id
1523 848 1615 898 ipsae

148 917 190 955 de
219 929 256 953 se
289 915 458 952 fatentur
485 913 523 950 in
555 912 694 950 nostris
726 911 855 958 libris,
883 911 960 958 Ill,
978 925 1013 947 v.
1035 916 1071 956 ἠ,
1093 924 1149 961 sq.
1177 919 1214 948 et
1243 911 1334 958 Xll,
1356 924 1391 948 v.
1417 911 1506 960 295,
1530 923 1614 963 sq.:

148 979 232 1020 Οὐδὲ
247 977 313 1032 γὰρ
329 972 405 1016 οἶδα
420 977 492 1016 ὅττι
507 975 599 1027 λέγω
617 976 675 1014 vel
691 969 746 1014 οἶα
761 974 852 1026 λέγω
865 1005 876 1026 ,
896 975 988 1026 ipsis
1009 975 1120 1025 plane
1135 974 1262 1012 verbis
1281 983 1430 1013 utentes
1445 975 1616 1014 Platonis

151 1044 182 1081 in
203 1044 383 1088 Metione,
405 1054 442 1091 p.
463 1040 554 1090 387,
574 1039 640 1077 ubi
659 1048 761 1077 vates
786 1039 968 1076 dicuntur
987 1038 1148 1075 multum
1169 1051 1269 1089 saepe
1289 1038 1506 1076 civitatibus
1525 1052 1617 1090 pro-

152 1107 256 1145 fuisse
272 1138 280 1154 ,
304 1103 400 1143 οὐδὲν
422 1103 548 1147 εἰδότες
563 1097 610 1141 ὧν
628 1104 780 1154 λέγουσι.
798 1103 940 1141 Confer
954 1103 1023 1140 ista
1044 1102 1214 1142 Platonis
1235 1101 1352 1140 verba
1368 1102 1567 1141 laudantes
1578 1111 1616 1141 et

152 1171 192 1209 ad
205 1170 386 1220 Sibyllam
399 1170 603 1207 referentes
617 1168 824 1215 susanam,
842 1167 952 1206 Adm.
971 1166 1018 1204 ad
1033 1168 1098 1206 Gr.
1114 1180 1278 1217 anonym
1287 1181 1424 1217 umque
1440 1168 1618 1218 prcesato·

153 1249 224 1274 rem
244 1234 290 1273 ad
316 1232 524 1283 Sibyllinos
544 1231 678 1283 libi-0⁵3
698 1231 831 1270 eadem
846 1244 936 1269 vero
956 1231 1004 1268 ad
1021 1240 1171 1269 sanctos
1195 1231 1408 1283 Prophetas
1425 1231 1619 1282 pertinere

153 1300 325 1339 acerrime
345 1306 547 1348 negantem
562 1297 877 1347 Cbrysostomum
891 1326 901 1344 ,
924 1296 995 1334 loc.
1012 1309 1127 1347 supra
1153 1296 1217 1333 cit.
1237 1297 1313 1334 uae
1333 1304 1493 1347 excepta
1516 1296 1616 1348 lege,

154 1375 290 1403 veteres
318 1363 371 1401 illi
395 1362 599 1401 Christiani
622 1361 790 1399 divinum
808 1361 987 1412 spiritum
1005 1360 1160 1410 Sibyllis
1180 1360 1461 1409 concedebant,
1480 1374 1559 1412 quo
1580 1374 1619 1398 se.

154 1431 226 1480 ipsa
252 1429 290 1466 in
314 1428 391 1466 suis
419 1426 653 1466 carminibus
674 1426 817 1477 ubique
832 1426 976 1477 jactat,
999 1425 1206 1477 praesertim
1235 1425 1272 1463 in
1292 1426 1459 1477 prologis
1478 1434 1515 1464 et
1534 1426 1620 1478 epi-

157 1495 243 1546 logis
258 1492 454 1531 librorum.
469 1495 592 1543 Atque
606 1492 656 1528 ita
674 1492 844 1528 volentes
860 1491 1032 1528 nolentes
1048 1489 1280 1528 accedebant
1296 1491 1343 1527 ad
1361 1491 1541 1529 Heracliti
1561 1505 1623 1530 ce-

158 1569 391 1609 terorumque
424 1559 647 1596 Graecorum
678 1556 725 1594 de
756 1555 908 1605 sibyllis
940 1556 1016 1593 suis
1050 1555 1273 1593 sententiam
1288 1584 1297 1598 ‚
1328 1556 1512 1594 divinitus
1538 1556 1621 1594 illas

159 1623 327 1661 cecinisse
345 1622 602 1674 profitentium
637 1621 722 1672 (cfr.
748 1621 837 1660 Exc.
866 1621 900 1665 l,
922 1632 1008 1670 cap.
1036 1619 1093 1671 1),
1122 1633 1235 1670 quam
1256 1620 1478 1658 sententiam
1501 1633 1622 1672 usque

160 1688 198 1725 ad
225 1687 410 1725 deteriora
440 1687 598 1725 Romani
630 1685 780 1736 imperii
811 1693 987 1735 tempora
1020 1684 1123 1735 apud
1144 1685 1301 1735 genti!es
1321 1685 1497 1732 durasse,
1529 1685 1621 1724 satis

161 1760 210 1790 est
223 1752 520 1790 demonstratum
539 1751 576 1788 in
598 1749 836 1790 Excursibus
857 1749 890 1787 11
906 1757 943 1786 et
963 1748 1030 1788 111.
1053 1747 1150 1786 Huic
1169 1748 1337 1786 omnium
1353 1762 1508 1787 suorum
1529 1763 1623 1788 con-

163 1816 279 1854 centui
313 1829 408 1853 uuus
438 1816 529 1854 olim
556 1814 822 1865 obstrepuerat
843 1813 1089 1859 Aristoteles,
1111 1813 1201 1863 qui,
1232 1821 1368 1863 utpote
1384 1813 1522 1864 reipsa,
1543 1825 1622 1853 non

165 1881 306 1918 nomine
335 1888 481 1918 tantum
510 1879 786 1930 philosophus,
822 1878 989 1914 furorem
1022 1877 1128 1914 illum
1163 1876 1368 1914 fanaticum
1401 1878 1447 1915 ad
1478 1879 1622 1916 melan-

165 1944 337 1982 cholicam
360 1944 623 1995 intemperiem
644 1943 789 1995 primus
809 1942 952 1989 retulit,
966 1941 1143 1992 viamque
1162 1941 1282 1989 hanc,
1301 1950 1342 1979 ut
1360 1943 1496 1980 multas
1514 1944 1622 1992 alias,

145 1998 432 2047 *recentioribus
453 2006 826 2060 apernit,l't·oblem.
843 2013 936 2044 sect.
955 2006 1016 2052 30,
1032 2014 1168 2056 quaest.
1189 2019 1203 2042 1
1218 2035 1228 2052 ,
1245 2006 1465 2055 citatusjam
1479 2020 1501 2045 a
1514 2007 1624 2047 nobis

165 2073 198 2110 in
212 2075 300 2112 Exc.
323 2075 352 2123 l,
367 2087 452 2126 cap.
478 2087 512 2113 1.
540 2073 670 2123 Longe
689 2085 780 2110 vero
808 2070 856 2109 ab
883 2070 945 2108 illa
971 2070 1221 2122 peripatetica
1247 2072 1435 2109 sententia
1464 2071 1625 2112 aberant

166 2137 362 2187 primorum
392 2138 619 2176 saeculorum
640 2138 772 2175 Patres
791 2151 799 2173 ε
822 2136 952 2185 itaque
981 2148 1067 2172 raro
1087 2134 1237 2172 illorum
1255 2149 1483 2186 quemquam
1515 2137 1626 2176 inve-

168 2201 303 2239 niemus
329 2202 376 2240 de
407 2202 538 2240 divino
562 2201 792 2251 Sibyllarum
822 2209 937 2238 oestro
964 2198 1201 2237 dubitantem
1234 2213 1301 2250 per
1331 2200 1516 2239 ducentos
1550 2201 1629 2241 sere

167 2279 296 2312 annos;
331 2267 434 2318 apud
462 2267 616 2305 Graecos
661 2265 772 2304 tertio
806 2273 954 2303 tantum
983 2264 1122 2302 saeculo
1154 2264 1369 2302 inclinatam
1408 2266 1627 2306 notabimus

167 2332 422 2369 auctoritatem
449 2331 607 2368 istarum
639 2338 788 2376 vatnm;
821 2328 924 2379 apud
954 2328 1109 2366 Latinos
1133 2341 1222 2366 vero
1247 2328 1390 2366 diutius
1408 2330 1626 2380 immotam,

168 2385 215 2430 ita
235 2402 273 2430 ut
298 2394 406 2432 divus
431 2394 512 2446 ipse
540 2393 772 2444 Augustinus
803 2406 915 2431 unam
937 2405 985 2430 ex
1005 2404 1135 2428 earum
1155 2405 1268 2442 grege
1289 2393 1507 2432 infidelium
1528 2409 1626 2434 con-

167 2458 311 2496 sortium
332 2472 440 2510 paene
462 2458 696 2496 admissurus
726 2458 864 2512 suerit3
897 2455 946 2495 de
973 2456 1051 2495 Civ.
1076 2456 1165 2503 Dei,
1195 2455 1259 2494 lib.
1285 2458 1421 2508 xvul,
1442 2472 1523 2510 cap.
1545 2462 1625 2499 23:

169 2522 236 2560 «Ut
255 2522 291 2560 in
313 2537 457 2569 eorum,
483 2523 620 2574 inquit,
641 2536 803 2560 numero
827 2521 1044 2572 deputanda
1062 2521 1253 2568 videatur,
1285 2522 1350 2573 qni
1369 2524 1558 2574 pertinent
1578 2526 1626 2564 nd

169 2586 376 2625 «civitatem
400 2588 479 2627 Dei.
499 2605 514 2623 υ
539 2586 612 2627 Sed
644 2600 721 2639 quo
752 2586 837 2638 quis
861 2585 1007 2623 facilius
1031 2587 1211 2636 prosequi
1251 2586 1370 2637 possit
1391 2587 1624 2629 incrementa

170 2662 208 2687 ac
234 2651 470 2690 decrementa
503 2652 719 2690 cliristianae
740 2665 829 2703 erga
858 2650 1022 2702 Sibyllas
1054 2663 1096 2688 ac
1128 2650 1313 2702 Sibyllina
1347 2656 1628 2707 venerationis,

171 2716 376 2765 repetendae
394 2726 481 2755 sunt
498 2716 611 2768 hujus
630 2716 731 2768 apud
752 2717 909 2756 Nostros
930 2716 1145 2754 traditionis
1160 2716 1325 2767 origines
1338 2747 1348 2766 ,
1368 2732 1438 2757 nec
1457 2720 1505 2758 ad
1521 2721 1645 2761 initiat

174 2785 309 2817 tantum
329 2790 466 2819 nostrae
487 2782 682 2834 religionis
695 2812 704 2829 ‚
726 2781 791 2819 sed
813 2781 923 2818 etiam
942 2782 1057 2832 paulo
1077 2781 1188 2818 altius
1206 2782 1455 2821 remeandum
1469 2794 1534 2824 est.

220 2845 368 2895 Antiqui
386 2847 528 2892 Patres,
551 2847 750 2897 theologiae
769 2855 907 2884 nostrae
932 2845 1161 2897 conditores,
1186 2847 1309 2885 Graeci
1332 2851 1540 2899 praesertim
1562 2861 1628 2890 aut
