1686 3500
423 141 443 159 0

94 208 187 252 446
478 205 554 248 AD
589 203 932 249 SissYLLINos
967 201 1176 248 LIBROS

92 303 301 355 aetliiopicae
333 302 537 349 versionis,
569 317 589 340 u
619 302 667 339 cl.
701 302 895 340 Laurence
931 301 1044 338 latine
1075 300 1129 337 sic
1159 296 1318 337 redditae
1335 311 1343 336 ε
1383 316 1398 332 ι
1418 299 1557 338 Decem
1577 327 1580 331 ⁴

92 367 191 405 enim
213 365 385 418 partibus
403 365 610 417 dispositus
632 374 688 404 est
703 365 888 413 mundns,
909 372 947 402 et
970 363 1073 401 venit
1089 362 1136 401 ud
1154 362 1340 401 decimam
1356 393 1365 411 ,
1387 371 1424 401 et
1444 377 1559 415 supe-

58 440 65 449 ·
91 440 166 470 rest
184 430 385 469 dimidium
413 430 570 469 decimae
586 447 614 469 υ.
645 432 701 470 lta
734 430 832 468 redit
853 427 991 467 Esdras
1010 426 1057 465 ad
1078 440 1319 465 communcm
1340 426 1559 477 Sibyllista·

91 509 173 534 rum
188 495 410 547 opinionem
432 510 439 533 :
456 495 521 546 qni
539 503 682 542 tamen,
696 504 900 544 utcumque
915 492 1072 543 legatur,
1092 492 1129 529 in
1143 490 1218 529 hoc
1234 500 1336 530 certe
1356 492 1559 534 consentit,

48 565 53 573 ¹
89 560 194 612 quod
213 569 434 613 pra’sentem
452 560 735 612 generationem
765 559 912 597 decimo
939 557 1063 608 signat
1079 569 1250 596 numero.
1278 556 1324 595 Et
1348 556 1423 594 hoc
1449 556 1560 596 nobis

89 626 217 664 obiter
233 634 430 664 annotasse
453 626 543 664 satis
563 626 609 664 sit
627 640 635 663 :
654 624 815 675 sibyllas
830 623 945 668 enim,
965 636 1040 659 non
1065 621 1222 660 Esdram
1243 621 1557 672 interpretamur.

531 801 640 839 CAP.
675 800 718 838 ΙΙ.
743 800 909 837 Historia
925 795 1104 848 profana.

140 900 232 938 Post
255 898 446 937 fabulosas
472 911 536 935 seu
561 896 823 947 conjectaneas
851 903 1005 933 aetatntn
1033 893 1323 932 distributiones
1352 893 1556 931 transimus

87 964 133 1003 ad
156 977 282 1002 veram
305 963 522 1008 historiam,
544 975 586 999 ac
613 961 776 1012 primum
808 959 856 998 ad
883 961 1094 1010 profanam,
1115 959 1302 996 brevioris
1327 958 1471 1009 quippe
1497 972 1557 996 ar-

88 1031 256 1079 gumenti
269 1057 278 1075 ,
293 1028 471 1078 qnoniam
493 1026 526 1064 ei
549 1027 674 1063 minor
693 1037 780 1076 pars
798 1025 834 1062 in
853 1024 1052 1075 Sibyliinis
1073 1022 1268 1061 tribuitur.

143 1096 355 1145 Regnorum
389 1093 467 1130 sive
496 1092 742 1142 imperiorum
776 1090 983 1137 successio,
1011 1102 1108 1140 quae,
1129 1089 1240 1139 juxta
1266 1089 1553 1139 generationum

87 1158 398 1210 supputationem
413 1186 423 1206 ,
455 1156 624 1194 historiae
656 1154 760 1206 apud
783 1163 928 1192 veteres
966 1154 1125 1191 alterum
1161 1153 1449 1191 fundamentum
1477 1162 1555 1197 est,

87 1237 165 1262 non
186 1222 298 1261 semel
321 1224 357 1258 in
381 1222 487 1259 libris
515 1221 655 1258 nostris
673 1220 856 1267 recurrit,
878 1222 929 1256 ita
950 1227 1073 1256 tamen
1097 1227 1137 1255 nt
1160 1216 1304 1267 aliquid
1324 1216 1555 1255 discriminis

86 1290 187 1327 inter
205 1287 378 1325 diversos
399 1285 550 1323 intersit
570 1284 701 1322 libros.

140 1354 179 1391 ln
199 1351 287 1388 libri
313 1351 360 1388 ΙΙΙ
381 1358 489 1400 parte
508 1353 528 1396 5
547 1362 568 1386 α
587 1348 865 1399 antiquissima,
881 1348 941 1385 hic
957 1347 1056 1385 ordo
1074 1357 1260 1396 servatur,
1280 1360 1315 1385 ν.
1341 1346 1429 1397 158,
1445 1359 1551 1397 sqq.:

343 1414 462 1469 Αὐτὰρ
481 1415 599 1454 ἔπειτα
618 1413 744 1466 χρόνου
763 1413 1063 1465 περιτελλομένοιο

241 1480 417 1532 Αἰγύπτου
440 1477 610 1531 βασίλειον
630 1478 785 1531 ἐγείροιτο
798 1507 809 1528 ,
832 1471 905 1515 εἶτα
922 1477 962 1516 τὸ
984 1478 1150 1530 Περσῶν,

241 1544 370 1592 Μήδων
381 1575 393 1594 ‚
416 1542 590 1583 Αἰθιόπων
610 1558 665 1588 τε,
689 1542 748 1581 καὶ
767 1541 948 1595 Ἀσσυρίης
969 1540 1197 1589 Βαὸυλῶνος,

244 1603 329 1649 Εἶτα
349 1608 601 1657 Μακηδονίων,
617 1608 724 1646 πάλιν
746 1606 945 1657 Αἰγύπτου,
964 1606 1042 1644 τότε
1058 1604 1213 1657 Ῥώμης.

83 1674 217 1714 Prodit
236 1673 310 1711 hoc
329 1673 498 1724 AEgyptii
519 1672 684 1710 hominis
707 1672 905 1718 affectum,
926 1684 992 1709 seu
1018 1669 1145 1709 Judaei
1166 1668 1293 1721 potius
1320 1669 1360 1706 in
1388 1668 1554 1719 AEgypto

82 1739 276 1791 degentis,
310 1748 423 1789 atque
456 1737 543 1775 ideo
571 1738 764 1775 nationem
801 1736 904 1774 illam
938 1735 995 1773 bis
1026 1748 1141 1787 supra
1167 1743 1313 1772 ceteras
1336 1732 1554 1777 evehentis,

83 1817 220 1855 nempe
233 1803 305 1841 sub
318 1801 585 1841 pharaonibus
604 1811 642 1839 et
658 1802 884 1841 Ptolemaeis.
902 1801 1037 1839 Persas
1054 1814 1146 1837 vcro
1160 1809 1196 1837 et
1208 1799 1340 1837 Medos
1357 1807 1394 1836 et
1411 1797 1555 1836 AEthio-

82 1881 150 1919 pas
163 1876 200 1906 et
215 1867 558 1918 Babylonios‚sine
576 1875 793 1917 temporum
813 1874 878 1904 aut
897 1866 1071 1903 iocorum
1092 1863 1325 1911 discrimine,
1345 1861 1500 1913 conjicit
1515 1862 1552 1899 in

82 1947 199 1972 unum
221 1933 328 1984 qnasi
349 1945 540 1970 acervum.
566 1932 612 1970 Et
640 1931 744 1983 quod
765 1931 884 1980 magis
914 1930 1085 1976 mireris,
1107 1942 1226 1980 quum
1246 1928 1389 1979 primas
1425 1935 1552 1978 partes

81 1999 245 2051 AEgypto
265 1999 389 2050 palum
419 1998 604 2044 dedisset,
634 2010 696 2035 eas
716 1996 856 2034 deinde
877 1996 924 2033 ad
945 1995 1188 2035 Salomonem
1218 1993 1423 2031 transferre
1444 2005 1548 2042 quo-

81 2063 285 2101 dammodo
313 2062 480 2109 videtur,
510 2062 600 2098 dnm
631 2061 686 2099 illi
720 2061 800 2112 regi
821 2060 1022 2098 maximam
1047 2058 1143 2097 Asiae
1166 2066 1312 2109 partem
1342 2065 1379 2094 et
1413 2058 1546 2096 Persas

81 2129 183 2179 ipsos
211 2127 386 2178 subjicit,
408 2140 446 2166 v.
477 2127 561 2175 167,
586 2139 695 2176 sqq.;

237 2186 344 2234 Οἶκος
361 2192 422 2241 μὲν
440 2189 506 2242 γὰρ
521 2189 713 2242 πρώτιστος
734 2188 953 2240 Σολομώνιος
973 2188 1067 2241 ἄρξει

235 2258 403 2304 Φοινίκης
421 2256 450 2295 τ’
472 2256 585 2304 Ἀσίης
605 2255 812 2309 ἐπιὸήτορας
827 2286 836 2301 ,
857 2257 920 2303 ἠδὲ
939 2255 999 2294 καὶ
1017 2256 1131 2293 ἄλλων

235 2323 382 2370 Νήσυιν,
403 2320 608 2374 Παμφύλων
627 2336 665 2359 τε
683 2321 778 2371 γένος
792 2349 803 2368 ,
820 2322 965 2373 Περσῶν
984 2336 1039 2368 τε,
1059 2320 1210 2373 Φρυγῶν
1233 2333 1292 2367 τε,

235 2390 384 2440 Καρῶν,
405 2387 462 2424 καὶ
483 2388 614 2425 Μυσῶν
627 2415 636 2431 ,
655 2387 778 2425 Λυδῶν
794 2401 832 2424 τε
850 2388 946 2436 γένος
967 2386 1212 2439 πολυχρύσων.

79 2455 182 2500 Quas
207 2461 329 2504 poetae
350 2451 472 2490 Jndaei
503 2451 818 2489 hallucinationes
851 2451 898 2489 de
929 2451 1144 2489 Salomonis
1170 2449 1336 2501 imperio
1366 2449 1546 2499 neglexe-

81 2526 171 2554 runt
201 2517 316 2554 ceteri
347 2516 575 2565 Sibyllistae,
609 2525 747 2567 praeter
782 2529 899 2553 unum
932 2525 1128 2553 auctorem
1159 2514 1246 2552 libri
1280 2514 1329 2553 xl
1345 2542 1356 2560 ‚
1391 2513 1439 2551 de
1472 2525 1549 2564 qno

79 2582 199 2620 infra:
224 2581 406 2632 reliquam
430 2594 521 2618 vero
543 2580 631 2618 iibri
654 2581 757 2618 tertii
781 2581 998 2619 doctrinam
1019 2580 1066 2618 de
1086 2592 1289 2631 regnorum
1312 2579 1550 2617 successione

80 2660 211 2686 rursus
230 2646 401 2685 eamdem
422 2659 544 2696 prope
563 2646 736 2683 invenias
765 2645 866 2683 libro
881 2647 987 2690 vlu,
1011 2659 1043 2682 v.
1067 2646 1106 2690 6,
1128 2658 1214 2696 sqq.
1240 2659 1249 2685 ε

239 2711 368 2761 Πρῶτοι
391 2710 452 2759 μὲν
475 2709 652 2759 Αἰγύπτου
674 2710 854 2760 βασιλήϊον
867 2739 877 2757 ,
898 2703 972 2747 εἶτα
987 2708 1026 2747 τὸ
1045 2710 1187 2760 Περσῶν
1201 2739 1211 2757 ,

236 2775 389 2821 Μήδων,
411 2773 608 2816 Αἰθιόπων,
632 2775 691 2811 καὶ
713 2773 895 2827 Ἀσσυρίης
918 2773 1121 2817 Βαὸυλῶνος
1135 2804 1145 2822 ,

235 2833 324 2877 Εἶτα
345 2838 577 2884 Μακηδονίων
600 2841 705 2890 τῦφον
726 2837 834 2888 μέγαν
857 2838 1058 2886 αὐδήσασα,

235 2904 428 2954 Πέμπομαι
449 2902 494 2945 εἰς
518 2893 682 2953 Ἰταλῶν,
703 2917 738 2941 κ.
762 2917 795 2941 τ.
815 2905 846 2941 λ.
