1752 3495
131 213 192 257 28
514 212 590 254 AD
625 211 962 257 SlBYLLINOS
997 211 1205 256 LIBROS

131 308 291 360 ubique,
308 303 379 346 nisi
400 309 496 347 sorte
514 308 552 347 in
567 309 733 357 Troade,
749 316 1002 348 versarentur.
1020 309 1113 347 Nam
1131 308 1369 355 Mermessus,
1385 320 1469 358 quae
1485 309 1585 347 cives

131 385 288 424 paucos,
309 372 508 423 pauciores
529 385 617 412 sane
636 373 786 411 videtur
803 372 979 410 habuisse
993 371 1181 410 librarios.

181 439 224 476 ln
251 449 396 474 summa
413 449 569 487 prorsus
586 435 865 475 assentiendum
892 435 1089 475 Pausaniae
1116 447 1266 474 versum
1286 434 1411 482 illum,
1432 435 1480 474 de
1508 449 1585 488 quo

127 499 356 551 ambigitur,
385 501 550 552 ideoque
578 509 694 539 totam
720 501 819 538 litem
846 500 1063 551 Marpessiis
1079 500 1174 545 suis,
1204 499 1242 537 id
1262 507 1332 547 est,
1359 499 1587 538 Mermessiis

108 563 371 614 ‘adJudicanti.
390 565 485 603 Hinc
501 573 602 602 recte
618 565 665 603 ad
681 563 922 614 Marpessiam
939 577 1004 602 seu
1024 562 1277 602 Mermessiam
1293 562 1475 613 Sibyllam
1492 576 1586 601 non-

129 628 233 666 nulla
261 629 391 666 retulit
412 628 617 667 Pausanias
637 641 721 679 quae
749 627 865 678 vulgo
893 627 941 665 de
974 628 1169 677 Erythraea
1200 626 1467 664 narrabantur.
1491 627 1586 665 Hinc

127 691 247 742 ipsam
267 701 369 730 recte
390 691 624 742 Hei-ophilen
648 692 818 738 vocavit,
836 692 997 742 proprio
1013 692 1221 741 Erytliraeae
1237 692 1413 740 nomine,
1432 690 1588 728 tribuit-

127 770 202 806 que
231 757 267 794 ei
290 756 465 794 vaticinia
479 746 565 806 quas
589 756 727 794 Graecis
743 755 899 805 Trojam
928 755 1166 793 venientibus
1183 755 1271 793 data
1293 755 1492 795 feruntur:
1515 755 1586 794 Kal.

126 819 274 868 Ἑλένην
292 836 328 858 τε
344 819 582 872 προεδήλωσεν
599 821 633 857 ἐν
656 825 726 863 τοῖς
748 824 919 872 χρησμοῖς
936 820 982 862 ὡς
1002 820 1056 857 ἐπ’
1073 819 1200 870 ὀλέθρῳ
1218 820 1280 864 τῆς
1301 818 1416 862 Ἀσίας
1431 819 1490 857 καὶ
1512 820 1583 858 Εὖ-

129 884 245 935 ρώπης
256 884 461 937 τραφήσοιτο
474 886 507 922 ἐν
524 884 685 936 Σπάρτῃ,
700 884 758 921 καὶ
772 885 818 927 ὡς
830 883 935 922 Ἴλιον
949 882 1120 921 ἁλώσεται
1135 883 1176 920 δι’
1191 882 1296 928 αὐτὴν
1311 882 1376 920 ὑπὸ
1390 882 1584 929 Ἑλλήνων,

127 947 202 995 ubi¹
214 949 340 987 eadem
356 949 432 987 sere
449 949 623 1000 agnoscis
642 963 727 1000 quae
752 963 799 987 ex
823 949 1072 1001 Apollodoro,
1088 949 1211 1000 patria
1233 948 1431 999 Erythraeo
1445 977 1455 995 ‚
1474 948 1584 986 ideo-

125 1026 200 1062 que
232 1022 408 1063 suspecto
439 1013 552 1051 nobis
586 1022 764 1060 auctore,
809 1013 856 1051 ad
910 1013 1147 1062 Erythraeam
1179 1013 1361 1063 Sibyllam
1404 1013 1586 1050 retulerat

125 1079 245 1115 Varro
264 1078 365 1128 apud
386 1078 641 1125 Lactantium,
659 1079 745 1116 loco
762 1091 860 1129 saepe
878 1079 943 1119 cit.
969 1093 977 1116 ε
1000 1079 1100 1116 illam
1117 1079 1260 1129 quippe
1279 1096 1294 1111 «
1313 1078 1454 1115 Graecis
1472 1077 1584 1114 Ilium

124 1158 139 1174 e«
168 1141 384 1192 petentibus
400 1142 640 1179 vaticinatam
657 1150 694 1179 et
714 1142 920 1192 perituram
939 1155 1019 1180 esse
1035 1143 1187 1192 Trojam
1206 1150 1243 1179 et
1261 1143 1464 1179 Homerum
1484 1154 1585 1178 men-

122 1222 139 1239 «
167 1205 273 1243 dacia
290 1207 517 1256 scripturum
533 1235 543 1254 ,
561 1223 577 1238 υ
599 1207 669 1243 nisi
692 1206 796 1256 quod
818 1207 949 1244 ultima
977 1206 1096 1244 verba
1117 1221 1125 1244 :
1148 1223 1163 1239 α
1186 1215 1222 1244 et
1243 1207 1446 1243 Homerum
1475 1218 1583 1242 men-

121 1284 137 1301 ·
166 1267 555 1319 daciascripturnm,
576 1287 591 1303 υ
621 1269 758 1307 desunt
781 1269 883 1320 apud
912 1270 1162 1316 Pausaniam,
1192 1278 1427 1320 possuntque
1463 1268 1584 1306 videri

121 1330 285 1370 defuisse
298 1332 400 1382 apud
419 1333 624 1370 Varronem
642 1342 679 1370 et
694 1333 823 1370 addita
840 1346 919 1371 esse
939 1348 958 1371 a
972 1333 1186 1382 Lactantio,
1205 1333 1430 1382 respiciente
1444 1333 1584 1372 scilieet

123 1395 169 1432 ad
189 1404 406 1433 nostrorum
428 1395 702 1446 Sibyllinorum
725 1396 864 1434 librum
879 1397 946 1444 111,
962 1410 1002 1437 v.
1022 1403 1112 1447 419,
1134 1409 1217 1447 sqq.
1239 1396 1312 1434 Sed
1333 1409 1452 1447 quum
1473 1396 1582 1434 istam

121 1458 210 1496 libri
234 1460 335 1497 tertii
362 1469 507 1511 partem
535 1473 611 1498 non
632 1460 807 1498 videatur
829 1461 1051 1512 cognovisse
1072 1461 1309 1506 Lactantius,
1330 1468 1483 1511 praestat
1498 1474 1581 1498 cre-

121 1524 211 1562 dere
226 1523 306 1561 haee
322 1537 474 1576 quoque
492 1524 539 1562 de
563 1524 716 1562 Homeri
740 1524 944 1563 mendaciis
966 1525 1005 1562 in
1023 1533 1150 1563 vetere
1170 1524 1370 1575 Erythraeo
1392 1524 1557 1561 carmine
1571 1557 1580 1572 ‚

121 1588 220 1625 sicut
247 1588 285 1625 in
309 1588 447 1626 nostris
464 1587 572 1626 libris
586 1617 596 1635 ,
616 1587 731 1626 obvia
748 1588 884 1635 fuisse3
912 1601 1035 1639 eoque
1054 1589 1215 1626 fortasse
1240 1587 1467 1638 respiciebat
1485 1590 1583 1625 Boc-

120 1650 214 1688 elius
233 1665 253 1688 a
274 1651 384 1689 nobis
399 1652 556 1700 citatus,
575 1665 657 1703 cap.
679 1665 701 1689 2
714 1682 724 1700 ‚
748 1665 957 1703 rursusque
975 1652 1146 1690 citandus
1163 1652 1261 1690 infra
1274 1680 1284 1698 ,
1302 1665 1388 1702 cap.
1412 1652 1449 1689 5.

173 1717 302 1766 Pergit
321 1717 547 1763 Pausanias,
571 1725 609 1755 et
627 1717 705 1754 sata
725 1717 892 1754 mulieris
908 1717 960 1754 ita
979 1716 1181 1754 describit:
1199 1715 1274 1762 Τὴν
1296 1714 1331 1753 δὲ
1345 1715 1532 1768 Ἡροφίλην
1551 1716 1582 1753 οἱ

118 1780 155 1817 ἐν
172 1782 216 1832 τῇ
232 1779 465 1833 Ἀλεξανδρείᾳ
477 1779 604 1827 ταύτην
617 1780 783 1833 νεωκόρον
795 1796 833 1819 τε
849 1783 908 1819 τοῦ
921 1780 1133 1824 Ἀπόλλωνος
1150 1779 1307 1830 γενέσθαι
1321 1783 1380 1817 τοῦ
1391 1779 1580 1830 Σμινθέως,

118 1843 176 1881 καὶ
195 1844 252 1882 ἐπὶ
268 1845 316 1896 τῷ
331 1843 479 1897 ὀνείρατι
496 1846 546 1896 τῷ
561 1844 717 1891 Ἒκάὸης
734 1845 865 1898 χρῆσαί
878 1859 980 1896 φασιν
1000 1843 1126 1892 αὐτὴν,
1146 1843 1228 1890 ἃ,δή
1247 1843 1306 1882 καὶ
1322 1843 1581 1882 ἐπιτελεσθέντα

117 1907 230 1958 ἴσμεν.
257 1907 355 1956 Αὕτη
374 1912 396 1956 ἡ
421 1908 578 1948 Σίὸυλλα
603 1908 720 1962 ᾤκησε
740 1908 801 1961 μὲν
815 1908 854 1947 τὸ
872 1907 960 1947 πολὺ
990 1912 1049 1947 τοῦ
1070 1908 1145 1961 βίου
1165 1910 1199 1947 ἐν
1220 1908 1331 1962 Σάμῳ
1342 1938 1354 1956 ,
1383 1908 1523 1962 ἀφίκετο
1544 1908 1580 1946 δὲ

117 1973 176 2011 καὶ
195 1974 228 2016 ἐς
246 1973 384 2026 Κλάρον
404 1972 466 2020 τὴν
486 1974 734 2027 Κολοφωνίων,
749 1973 808 2012 καὶ
827 1974 860 2017 ἐς
877 1972 991 2020 Δῆλόν
1010 1989 1048 2011 τε
1067 1973 1126 2012 καὶ
1145 1975 1177 2017 ἐς
1198 1974 1363 2026 Δελφούς.
1384 1974 1436 2012 Τὸ
1465 1972 1579 2024 μέντοι

116 2035 227 2088 χρεὼν
246 2037 350 2084 αὐτὴν
368 2037 534 2076 ἐπέλαὸεν
553 2038 586 2076 ἐν
608 2041 651 2091 τῇ
668 2037 823 2090 Τρωάδι.
843 2037 915 2077 Καί
928 2038 958 2075 οἳ
976 2036 1016 2076 τὸ
1034 2039 1154 2088 μνῆμα
1167 2038 1201 2075 ἐν
1216 2039 1266 2090 τῷ
1279 2038 1377 2076 ἄλσει
1394 2039 1452 2076 τοῦ
1472 2038 1579 2085 Σμιν-

118 2098 201 2144 θέως
217 2102 309 2150 ἐστὶ,
329 2101 388 2140 καὶ
405 2102 551 2153 ἐλεγεῖον
574 2101 632 2139 ἐπὶ
650 2101 778 2148 στήλης
790 2131 800 2150 ,
816 2116 852 2139 κ.
873 2116 906 2139 τ.
926 2101 961 2139 λ.

169 2166 288 2204 Multa
309 2166 356 2204 ad
374 2166 476 2204 hunc
493 2167 618 2204 locum
642 2165 836 2204 observari
858 2173 1028 2216 possunt.
1052 2168 1104 2205 Ac
1131 2169 1167 2203 1-9
1192 2178 1277 2216 quae
1302 2164 1350 2203 de
1371 2165 1516 2215 Sibylla
1538 2165 1577 2202 in

118 2228 303 2278 Apollinis
318 2229 502 2268 Sminthei
517 2230 654 2280 templo
667 2230 904 2267 ministrante
917 2236 1044 2266 narrat
1062 2229 1282 2276 Pausanias,
1304 2242 1380 2267 non
1398 2237 1577 2279 tanquam

117 2305 164 2330 ex
182 2306 235 2340 se,
259 2293 324 2331 sed
342 2307 388 2331 ex
408 2293 752 2332 Alexandrinorum
776 2293 849 2331 fide
877 2293 1011 2343 tradit3
1033 2306 1197 2343 quorum
1219 2307 1348 2331 revera
1371 2294 1577 2344 plurimum

117 2357 286 2395 interfuit
301 2357 390 2395 huic
406 2358 580 2396 insistere
598 2357 809 2406 traditioni,
824 2357 903 2395 sive
920 2357 1105 2408 antiquae,
1123 2357 1202 2395 sive
1219 2357 1266 2395 ab
1287 2357 1378 2408 ipsis
1391 2356 1575 2406 confictae,

118 2428 273 2470 propter
286 2434 466 2458 summam
482 2421 519 2458 in
536 2421 688 2459 Troade
702 2420 980 2458 venerationem
999 2421 1070 2459 Dei
1087 2421 1151 2472 qui
1166 2421 1202 2458 in
1218 2421 1359 2471 templo
1377 2420 1575 2459 Smintheo

117 2484 353 2522 Alexandriae
375 2486 549 2535 proximo
577 2486 795 2533 colebatur,
815 2485 915 2524 unde
938 2487 975 2523 in
1004 2486 1085 2537 ejus
1114 2485 1219 2524 urbis
1247 2487 1369 2523 nuruis
1398 2486 1575 2536 frequens

118 2548 303 2598 Apollinis
319 2550 458 2600 efligies
475 2551 655 2598 occurrit,
666 2559 702 2589 et
718 2550 872 2601 quidem
886 2563 971 2588 cum
990 2550 1073 2601 ipso
1086 2549 1148 2587 dei
1165 2550 1317 2587 nomine
1333 2549 1574 2600 ΖΜῖΘΕΩΣ,

117 2612 219 2663 apud
249 2613 415 2658 Mionn.,
446 2623 475 2654 t.
497 2616 553 2661 11,
582 2629 621 2667 p.
644 2617 731 2666 639,
750 2629 829 2666 sq.,
863 2623 899 2652 et
922 2615 961 2652 in
984 2613 1168 2664 supplem.
1190 2627 1266 2651 non
1295 2614 1429 2661 semel;
1452 2613 1573 2650 rarius

117 2677 393 2728 ΖΜΙΝΘΕΩΣ,
407 2678 518 2726 ibid.,
539 2678 582 2716 n⁰
603 2681 665 2718 60.
688 2681 846 2719 Sacrum
867 2679 962 2718 illud
984 2678 1171 2729 Apollinis
1192 2691 1328 2716 nomen
1352 2678 1389 2715 in
1420 2677 1572 2716 Troade

117 2741 322 2790 praesertim
336 2769 348 2789 ,
371 2741 437 2779 ubi
463 2742 635 2793 pluribus
654 2744 747 2782 locis
765 2743 984 2790 colebatur,
1010 2741 1154 2790 strab„
1178 2741 1244 2781 lib.
1266 2742 1365 2789 xm,
1383 2755 1420 2793 p.
1443 2743 1516 2786 604
1534 2751 1572 2780 et

116 2804 207 2852 6³3,
234 2802 385 2855 iamque
397 2805 498 2856 apud
513 2808 717 2845 Homerum
731 2807 870 2858 legitur
886 2806 956 2845 sub
977 2806 1046 2844 hac
1062 2806 1194 2852 forma,
1214 2807 1381 2855 Σμινθεῦ,
1410 2806 1519 2846 lliad.
1539 2808 1569 2855 l,

119 2870 183 2918 39·
199 2870 424 2921 Quanquam
441 2870 677 2910 Smintlieum
697 2871 1041 2911 Alexandrinorum
1058 2879 1215 2910 testatur
1230 2869 1383 2917 Strabo,
1407 2884 1447 2921 p.
1469 2871 1566 2917 6133
