1752 3495
631 206 1001 274 ,Extcuasus
1035 207 1112 252 111.
1225 168 1228 170 ’
1445 192 1452 202 ‘
1547 206 1638 251 217

188 319 238 351 est
258 303 495 358 loquendum.
516 302 598 341 Non
622 309 697 340 tam
715 302 779 340 illa
798 301 991 354 publicam
1005 312 1158 342 senatus
1178 292 1292 354 quam
1315 303 1498 355 privatum
1519 315 1642 341 sacer-

190 375 313 413 dotum
329 366 566 421 prudentiam
579 366 744 418 sapiunt.

233 438 412 476 lucei-tum
434 430 537 482 quod
556 430 604 468 ad
623 445 890 482 responsorum
912 445 1031 484 genus
1048 431 1247 483 pertineat,
1269 430 1380 469 civile
1401 427 1504 470 certe
1521 431 1639 482 magis

187 513 291 554 quam
311 496 540 547 religiosum,
566 494 673 542 illud,
693 495 796 546 quod
816 496 920 535 Xviri
940 495 1142 547 quotannis
1160 494 1328 533 calendis
1347 495 1530 543 Januiirii,
1560 505 1639 534 tan-

187 577 290 617 quam
306 575 326 600 e
341 559 535 610 Sibyllinis
551 558 670 605 libris,
684 559 900 607 edicebant,
914 561 1086 598 sanitatis
1096 573 1206 598 causa
1222 567 1259 597 et
1273 559 1434 597 vitandae
1445 560 1637 612 podagrae,

186 628 361 668 neminem
378 635 484 661 mane
500 633 684 662 consueto
697 624 785 662 cibo
800 625 870 674 uti,
885 625 975 676 quin
992 624 1096 674 prius
1117 637 1260 661 merum
1279 623 1526 675 degustasset,
1546 624 1637 675 Lyd.

186 692 229 730 de
243 690 358 729 Mem.
374 686 435 724 lib.
457 686 520 732 IV,
549 699 588 737 p.
612 687 675 735 56,
695 687 755 726 ed.
781 689 904 727 Bonn.
929 700 938 727 ε
961 688 1017 739 Τῇ
1036 687 1158 740 πρώτῃ
1177 687 1306 734 τοίνυν,
1327 688 1374 731 ὡς
1406 686 1551 740 ἔφημεν,
1569 689 1636 725 τῶν

185 754 351 796 καλανδῶν
367 750 539 795 ἐθέσπιζον
556 752 587 790 οἱ
605 753 704 805 ἱερεῖς
729 752 819 790 κατὰ
846 752 923 797 τοὺς
940 752 1162 796 Σιὸυλλείους
1184 750 1387 805 χρησμοὺς,
1407 749 1492 804 ὑπὲρ
1513 751 1639 802 {mein

185 822 299 873 χρῆναι
317 815 446 860 πάντας
480 814 550 853 ἀπὸ
565 812 658 866 πρωῒ
686 815 753 869 πρὸ
782 815 898 864 πάσης
927 815 1043 869 ἑτέρας
1073 818 1201 870 τροφῆς
1229 814 1459 867 ἀπογεύεσθαι
1489 813 1638 868 ἀκράτου

187 883 267 922 οἴνου
285 882 329 924 εἷς
345 878 576 932 ἀποτρόπαιον
593 880 797 931 ποδαλγίας.

233 951 336 986 Anno
351 944 398 982 ab
413 944 459 984 U.
479 959 510 982 e.
530 958 619 982 nexi
631 974 642 991 ,
665 947 737 995 Ap.
753 945 916 984 Claudio
932 953 969 983 et
985 945 1135 983 Caecilio
1154 944 1390 993 consulibus,
1407 961 1421 978 ο
1434 942 1638 982 decemviri

188 1031 201 1046 ιι
215 1012 295 1050 (lum
315 1010 394 1047 aliis
415 1023 461 1047 ex
478 1009 602 1046 causis
624 1009 741 1047 libros
764 1009 983 1059 Sibyllinos·
999 1010 1220 1061 inspiciunt,
1248 1009 1437 1048 invenisse
1457 1008 1639 1046 (licuntur

188 1095 200 1110 ι
219 1089 287 1113 non
309 1087 385 1112 esse
413 1075 557 1124 Aquam
588 1074 770 1111 Marciam
788 1103 799 1121 ,
821 1073 887 1112 sed
909 1074 1138 1113 Anienem...
1167 1074 1205 1111 iu
1224 1073 1457 1125 Capitolium
1487 1072 1635 1123 perdu-

187 1159 200 1174 α
219 1139 365 1179 cendum
389 1156 418 1175 u.
440 1138 481 1175 ld
500 1138 702 1176 Frontinus
720 1138 768 1177 de
792 1138 950 1189 Aquaed.
977 1138 1040 1177 lib.
1060 1139 1093 1187 l,
1111 1138 1183 1177 sub
1204 1138 1370 1178 initium.
1395 1137 1506 1184 Quod
1537 1136 1638 1184 vide,

188 1219 228 1242 ne
247 1205 364 1256 potius
384 1203 625 1241 referendum
647 1204 694 1241 sit
725 1203 772 1241 ad
796 1203 954 1254 Sib‘yllae
972 1204 1187 1242 Tiburtinae
1203 1217 1354 1241 carmen
1378 1216 1462 1241 cum
1482 1201 1636 1253 Sibylli-

188 1270 248 1315 nis,
277 1277 314 1306 ut
340 1268 520 1317 diximus,
541 1277 772 1306 asservatum
795 1281 803 1307 2
826 1268 972 1319 quippe
989 1267 1093 1319 quod
1120 1269 1157 1306 in
1186 1268 1332 1306 Aniene
1357 1268 1458 1319 ipso,
1480 1275 1518 1305 ut
1539 1266 1636 1305 sama

186 1341 274 1382 erat,
290 1332 372 1369 olim
397 1340 591 1383 repertum
610 1332 757 1384 (confer
777 1332 872 1372 Exc.
893 1333 924 1381 l,
946 1345 1031 1383 cap.
1056 1333 1131 1383 ιο),
1156 1332 1268 1370 latius
1286 1332 1403 1384 paulo
1422 1332 1460 1369 iu
1483 1331 1637 1371 Anienis

186 1396 299 1435 laudes
315 1397 474 1434 effusum
495 1397 611 1434 fuisse
624 1426 634 1443 ,
658 1410 734 1435 non
761 1396 808 1434 sit
827 1397 987 1435 sortasse
1003 1399 1157 1437 mlrum.

231 1461 357 1498 Verum
394 1460 438 1498 iis
473 1460 643 1511 exceptis
656 1489 665 1507 ‚
703 1468 827 1499 cetera
861 1461 990 1499 omnia
1025 1474 1110 1512 quae
1148 1460 1197 1499 ab
1234 1460 1380 1513 origine
1416 1458 1636 1511 reipublicae

186 1537 291 1574 usque
315 1524 360 1562 ad
387 1524 498 1561 finem
524 1524 676 1575 imperii
702 1539 888 1576 responsa
917 1526 1130 1564 invenimus
1146 1555 1157 1574 ,
1185 1525 1223 1562 iu
1243 1525 1444 1564 sacrificiis,
1462 1538 1504 1562 ac
1525 1524 1634 1562 caeri-

187 1588 303 1626 moniis
332 1587 488 1626 deorum
525 1589 792 1637 constiterunt,
824 1591 876 1628 ita
913 1597 954 1626 ut
979 1588 1134 1640 publiea
1165 1590 1395 1638 auctoritas,
1419 1589 1567 1628 etiamsi
1589 1588 1635 1626 iis

188 1652 332 1689 oraculis
361 1651 406 1689 ad
433 1652 587 1704 publica
607 1653 763 1691 consilia
789 1653 981 1691 interdum
1009 1667 1074 1691 usa
1109 1653 1248 1701 suerit,
1267 1653 1405 1705 saepius
1440 1662 1565 1691 tamen
1586 1652 1633 1690 ad

190 1716 465 1766 compescendos
486 1717 588 1768 vulgi
616 1718 901 1768 superstitiosos
932 1718 1086 1756 timores
1106 1727 1172 1756 aut
1202 1718 1404 1769 erigendos
1424 1718 1460 1756 in
1492 1719 1634 1769 magnis

189 1780 440 1820 calamitatibus
463 1782 666 1833 populares
695 1782 841 1821 animos
866 1797 979 1834 quam
1004 1782 1050 1821 ad
1073 1783 1283 1821 factionum
1304 1782 1632 1835 partesjuvandas

185 1845 267 1882 illud
297 1846 474 1884 auxilium
495 1847 689 1887 acciverit.
714 1847 834 1897 quue
856 1847 909 1885 ita
935 1848 1014 1885 sieri
1044 1848 1229 1898 oportuit,
1252 1848 1432 1898 quoniam
1455 1847 1563 1885 electi
1584 1860 1632 1885 ex

185 1909 343 1947 omnibus
360 1910 560 1948 ordinibus
581 1911 790 1950 decemviri
826 1925 889 1950 seu
913 1921 1044 1962 postea
1065 1912 1224 1961 xvviri,
1255 1911 1392 1950 studiis
1412 1911 1567 1963 quidem
1588 1925 1632 1950 ac

185 1973 338 2023 partibus
358 1975 627 2023 diversissimi,
661 1977 835 2028 plerique
859 1985 981 2014 tamen
1008 1990 1168 2027 genere,
1189 1976 1301 2023 loco,
1336 1977 1497 2015 fortunis
1529 1989 1631 2014 com-
1663 1967 1666 1969 ⁵

185 2039 416 2085 mendabiles,
438 2042 585 2079 facilius
607 2050 784 2093 poterant
808 2042 855 2080 ad
882 2042 1025 2080 bonum
1047 2041 1268 2093 reipublicae
1292 2042 1498 2080 convenire
1517 2055 1629 2093 quam

185 2101 225 2138 ad
243 2103 382 2142 malum.

229 2168 330 2213 Quod
347 2169 374 2206 si
405 2178 578 2208 naturam
607 2170 727 2221 ipsam
753 2183 964 2220 sacrorum,
988 2185 1072 2222 quae
1091 2185 1137 2209 ex
1155 2171 1262 2210 libris
1277 2170 1629 2222 fierijubebantu1·,

184 2229 415 2283 introspicias‚
432 2235 572 2272 variam
593 2234 695 2272 illam
718 2248 788 2273 nec
808 2234 881 2272 sibi
900 2244 1138 2273 constantem
1168 2235 1350 2287 reperies,
1368 2236 1483 2274 Sacra
1503 2235 1629 2287 impe-

183 2293 350 2334 rabantur
366 2297 486 2336 latinae
516 2299 742 2350 plerumque
765 2299 935 2351 originis,
957 2300 1251 2351 supplicationes
1267 2329 1276 2347 ,
1295 2299 1545 2350 lectisternia,
1562 2313 1630 2338 ver

182 2370 326 2407 sacrum,
349 2371 432 2409 etc.;
452 2377 572 2413 graeca
590 2364 777 2401 interdum
794 2394 804 2411 ,
824 2373 887 2402 aut
913 2378 1035 2415 graeco
1058 2365 1132 2402 ritu
1152 2364 1403 2412 celebranda,
1427 2373 1467 2403 ut
1490 2365 1630 2405 diserte

184 2420 308 2471 Livius,
326 2425 369 2462 ad
396 2440 533 2465 aunum
558 2442 632 2466 nxL
661 2429 743 2480 (qui
765 2429 1145 2480 ipsi-cstnxxxv111)‚
1168 2429 1234 2467 lib.
1250 2429 1367 2477 XXV,
1387 2430 1408 2479 §
1432 2443 1500 2468 12:
1521 2448 1535 2462 «
1553 2429 1627 2469 Se·-

182 2501 194 2516 «
214 2491 523 2529 natuscousultum
544 2493 683 2531 factum
699 2502 755 2531 est
776 2503 817 2531 ut
835 2494 1037 2531 decemviri
1054 2508 1157 2532 sacra
1177 2509 1301 2546 graeco
1318 2495 1391 2532 ritu
1408 2496 1594 2541 facerent3
1613 2512 1628 2529 υ

182 2560 271 2588 nunc
290 2553 409 2592 latinis
429 2565 574 2595 tantum
594 2558 679 2606 (liis,
695 2567 734 2595 ut
754 2558 833 2596 Diti
853 2559 964 2609 patri,
978 2559 1122 2597 Juuoni
1140 2559 1360 2609 Lauuviuae,
1380 2560 1512 2605 Florae,
1527 2567 1623 2600 etc.:

183 2625 271 2651 nunc
286 2619 409 2666 graecis
435 2629 497 2658 aut
526 2622 672 2669 mixtis,
700 2622 845 2668 Cereri,
879 2623 1042 2670 Baccho,
1075 2623 1535 2675 Proserpinae‚Apollini,
1552 2624 1626 2663 La-

184 2685 289 2725 tonae,
312 2690 380 2721 etc.
409 2685 567 2736 Templa
596 2700 670 2723 non
698 2687 811 2724 semel
839 2687 970 2724 voveri
988 2687 1105 2738 jussa.
1129 2689 1235 2726 Festa
1254 2688 1446 2736 instituta,
1463 2703 1547 2740 quae
1568 2689 1625 2728 vel
1655 2701 1660 2707 ·

180 2745 376 2792 quotannis,
392 2756 430 2784 ut
449 2749 789 2799 Apollina'resludi,
802 2752 859 2789 vel
879 2751 989 2789 certis
1010 2752 1228 2799 intervallis,
1249 2761 1288 2790 ut
1307 2753 1385 2791 ludi
1404 2753 1624 2801 Stet-alares,

184 2805 340 2845 redirent.
361 2811 591 2853 (Iaerimouiae
619 2816 811 2854 interdum
836 2830 940 2853 nova·
962 2825 995 2854 el
1015 2818 1330 2857 extraordinariae
1350 2818 1627 2870 praecipieban·
