1686 3500
169 225 261 270 362
552 223 631 268 AD
663 223 933 268 SIBYLLIN
941 223 1014 269 OS.
1050 222 1260 267 LIBROS

325 318 501 369 Ἀνδράσιν
514 317 692 356 εὗσεὸἐσιν
710 316 785 364 ἥξει
798 317 925 365 κακὸν,
941 318 973 354 οἱ
991 316 1070 369 περὶ
1088 316 1168 355 ναὸν

321 380 503 421 Οἷκείουσι
519 380 630 432 μέγαν
648 380 884 432 Σολομώνιον.

101 471 109 479 ·
165 446 268 485 Idem
289 459 382 484 vero
402 446 584 497 templum
603 459 625 484 a
644 446 784 497 quibus
803 458 903 483 nnnc
931 457 1105 483 eversum
1134 445 1309 484 canitur?
1329 447 1423 492 Quae
1446 458 1533 487 suut
1557 450 1627 490 illae

161 509 344 564 θυγατέρες
361 511 524 561 δυσμῶνῖ
538 519 603 549 aut
618 510 701 561 quis
716 510 779 547 ille
795 508 960 560 populus
980 508 1313 560 llierosolymitani
1327 510 1460 561 templi
1475 524 1627 552 eversor

163 574 212 612 ab
232 574 436 613 Occidente
454 574 820 624 veniensi‘Assyrios
842 582 944 612 certe
969 581 1117 612 veteres
1137 573 1222 611 illos
1239 583 1275 628 et
1291 573 1440 624 jamdiu
1460 576 1625 626 sepultos

163 639 306 685 hostes,
323 647 390 677 ant
411 640 639 678 recentiores
655 639 771 688 Syros
790 638 948 689 intelligi
967 638 1065 676 ratio
1080 646 1193 677 vetat.
1211 640 1288 677 Nec
1303 638 1426 678 Judaei
1442 640 1542 678 enim
1559 655 1627 681 nee

162 702 330 754 AEgyptii
352 705 543 755 Assyriam
563 712 628 741 aut
647 703 794 753 Syriam
819 702 868 740 ad
891 702 1136 741 Occidentem
1163 716 1308 754 ponere
1336 714 1566 755 potnerunt3
1592 716 1626 745 et

161 767 282 818 Syriae
302 781 409 820 reges
428 768 529 819 apud
553 767 770 815 Danielem,
792 779 875 818 cap.
901 780 913 803 ι
928 780 960 814 ι,
978 780 1013 806 ν.
1029 768 1067 814 6,
1094 781 1130 814 7,
1152 780 1254 818 sqq„
1283 775 1503 806 constanter
1526 784 1624 818 reges

161 833 360 881 Aquilonis
376 832 632 882 appellantur.
655 830 757 869 Idem
773 839 838 867 aut
853 831 974 869 simile
991 830 1038 868 de
1058 830 1244 882 lligyptiis
1261 831 1336 869 dici
1360 840 1510 882 potest,
1527 847 1626 884 quo..

163 909 246 933 rum
281 909 387 947 reges
404 894 506 946 apud
531 894 725 933 Danielem
739 922 748 940 ,
780 894 873 931 locis
892 893 1033 940 citatis,
1048 907 1153 944 reges
1174 896 1304 932 Austri
1321 895 1504 933 dicuntur
1518 925 1530 943 ,
1553 912 1626 938 non

163 961 381 998 Occidentis.
407 960 593 997 Praeterea
610 959 783 1009 ‹litamvis
796 988 806 1005 ,
827 958 1015 997 Antiocho
1033 971 1170 1008 magno
1188 967 1379 1009 regnante,
1399 960 1513 998 variis
1541 961 1626 1002 belli

162 1023 309 1062 vicibus
328 1024 428 1062 inter
446 1037 532 1062 enm
555 1037 680 1074 regem
699 1031 735 1061 et
755 1024 980 1063 Ptolemaeos
1012 1023 1261 1074 Philopatora
1289 1023 1620 1075 Epiphanemque,

160 1088 259 1140 capti
288 1101 365 1127 non
386 1088 498 1126 semel
520 1087 569 1126 ab
586 1089 780 1126 alterutris
807 1090 1050 1139 graviterque
1068 1087 1193 1125 vexati
1213 1087 1356 1125 fuerint
1374 1088 1517 1136 Ju‹1aei;
1543 1089 1626 1129 licet

159 1155 302 1204 Scopas
317 1153 582 1204 AEgyptiorum
602 1152 680 1191 dux
703 1166 827 1191 arcem
841 1151 1047 1203 aliqnando
1065 1152 1233 1190 tenuerit
1252 1152 1624 1203 Hierosolymorum,

158 1225 273 1268 atque
288 1217 376 1255 inde
390 1218 424 1255 vi
446 1217 695 1268 depellendus
710 1217 813 1268 Syris
828 1217 1045 1268 Judaeisque
1061 1216 1194 1262 suerit;
1212 1216 1404 1267 Josephus
1421 1225 1545 1255 tamen
1560 1219 1622 1268 qui

156 1282 235 1320 haec
262 1281 403 1332 tradit,
425 1282 554 1332 Antiq.
583 1283 675 1330 ΧΠ,
698 1296 786 1333 cap.
815 1284 858 1328 3,
881 1281 928 1319 de
954 1281 1093 1332 templo
1127 1281 1269 1319 violato
1303 1295 1456 1332 prorsus·
1476 1282 1621 1322 reticet.

160 1347 293 1385 Postea
307 1360 464 1397 qnoque
483 1336 691 1385 Antiochus
709 1347 928 1398 Epiphanes
942 1345 1124 1396 templum
1145 1345 1303 1396 diripuit
1323 1354 1437 1397 atque
1452 1346 1623 1394 foedavit,

157 1425 233 1449 non
268 1420 390 1449 tamen
416 1411 452 1449 vi
473 1415 596 1463 cepit,
626 1425 749 1462 neque
768 1412 871 1449 seri-0
890 1424 1086 1461 aggressus
1102 1420 1182 1459 est,
1203 1424 1344 1461 neque,
1369 1420 1408 1448 ut
1423 1411 1624 1462 Sibyllistae

156 1474 284 1513 verbis
299 1484 464 1522 utamur,
481 1475 610 1513 sem-eis
624 1475 801 1513 dentibus
818 1474 1164 1515 commanducavit.
1180 1474 1291 1520 Quod
1306 1475 1335 1512 si
1347 1489 1414 1513 nec
1428 1476 1544 1525 Syros
1560 1489 1624 1513 nec

156 1539 353 1592 AEgyptios
373 1539 445 1577 hoc
463 1540 547 1577 loco
571 1541 624 1578 sas
643 1548 699 1579 est
717 1539 891 1590 intelligi,
919 1552 1104 1591 quosnam
1123 1539 1275 1577 demum
1290 1567 1301 1586 ,
1319 1539 1390 1577 nisi
1413 1540 1625 1578 Romanos?

155 1604 221 1653 qui
241 1592 412 1654 profecto
430 1604 500 1641 soli
520 1603 568 1641 ab
587 1604 792 1643 Occidente
810 1604 948 1642 adduci
967 1612 1191 1655 potuerunt,
1211 1605 1309 1642 sicut
1327 1604 1493 1654 inhujus
1511 1604 1623 1655 ipsius

155 1668 241 1707 libri
260 1669 425 1707 secunda
448 1678 567 1720 parte,
586 1682 623 1707 v.
650 1671 733 1718 176,
755 1670 811 1723 ἀφ’
832 1669 991 1723 ἑσπερίου
1008 1685 1046 1708 τε
1062 1668 1253 1717 Θαλάσσης,
1271 1678 1309 1707 et
1324 1669 1464 1708 clarius
1481 1669 1548 1708 lib.
1566 1671 1622 1721 lv,

156 1747 191 1773 v.
220 1747 308 1784 102,
333 1734 401 1772 ἀπὸ
422 1735 576 1784 δυσμῶν.

204 1798 280 1837 Sed
292 1798 386 1837 illud
407 1799 563 1846 facinus,
582 1799 686 1852 quod
708 1813 807 1837 nunc
825 1799 1006 1838 Romanis
1019 1797 1290 1850 exprobratur,
1312 1799 1466 1850 quando
1487 1799 1622 1838 factum

153 1865 234 1901 est?
253 1863 459 1914 Pompeius
488 1864 670 1915 templum
697 1864 811 1902 armis
831 1863 1083 1914 expugnavit,
1104 1876 1179 1900 una
1199 1863 1312 1901 etiam
1347 1863 1429 1914 ejus
1448 1864 1541 1901 turri
1562 1864 1622 1903 de·

147 1927 270 1978 jecta,
295 1927 466 1965 tradente
482 1927 815 1978 Joseph0,.Antiq.
846 1927 942 1975 xlv,
957 1940 1041 1978 cap.
1065 1927 1111 1976 83
1131 1935 1386 1978 expugnatum
1406 1936 1527 1966 tamen
1549 1942 1619 1965 non

152 1992 327 2044 diripuit.
357 1992 471 2038 Quod
504 2002 632 2043 postea
656 2007 677 2031 a
705 1993 842 2032 Crasso
875 1992 1013 2030 sactum
1043 1991 1228 2039 fatemur,
1260 1992 1326 2030 sed
1350 1993 1430 2030 sinc
1465 1993 1500 2029 vi
1527 1993 1619 2039 ulla;

153 2070 277 2107 neque
307 2057 492 2106 templum
524 2056 587 2094 ille
614 2056 729 2094 armis
760 2056 882 2107 cepit,
907 2069 1031 2107 neque
1057 2056 1159 2104 ferro
1177 2055 1379 2094 demolitus
1405 2064 1472 2094 est.
1499 2058 1620 2096 Sosius

153 2128 280 2170 postea
293 2119 436 2157 auxilio
456 2120 589 2157 missus
609 2118 752 2157 llerodi
772 2118 821 2157 ab
839 2112 1019 2166 Antonio,
1038 2108 1170 2157 urbem
1191 2119 1306 2171 cepit,
1327 2120 1469 2170 templo
1490 2133 1621 2170 peper-

153 2183 219 2222 cit.
249 2183 424 2223 Nondum
453 2182 570 2234 igitur
597 2183 675 2221 ullo
709 2191 799 2221 tunc
826 2182 942 2221 modo
970 2197 1102 2221 verum
1129 2191 1210 2221 erat
1241 2183 1276 2221 id
1301 2184 1405 2234 quod
1431 2183 1619 2234 Sibyllista

155 2248 311 2298 populis
331 2247 633 2286 occidentalibus
650 2247 858 2298 exprobrat
873 2263 889 2285 :-

836 2310 960 2362 Μέγαν
977 2311 1226 2358 διεληλήσασθε

360 2368 483 2421 Οἶκον,
503 2376 620 2413 ὀδοῦσι
639 2375 821 2428 σιδηρείοις
841 2375 872 2414 δ’
890 2374 1090 2426 ἐμασήσατε
1111 2377 1242 2419 δεινῶς.

157 2440 265 2478 Ultro
288 2440 404 2491 igitur
423 2439 638 2478 delabimur
651 2439 698 2478 ad
720 2441 995 2491 imperatorum
1016 2448 1053 2478 et
1078 2441 1200 2478 statim
1219 2440 1267 2478 ad
1289 2441 1508 2492 Vespasiani
1527 2451 1617 2479 tem·

155 2514 259 2553 pora,
277 2502 418 2554 quibus
443 2503 679 2541 verissimum
703 2512 758 2542 est
774 2504 989 2542 distractam
1009 2504 1122 2542 fuisse
1141 2506 1295 2543 nomam
1322 2504 1432 2544 bellis
1451 2504 1618 2543 civilibus

156 2573 244 2615 post
264 2567 469 2613 Neronem,
499 2567 624 2619 deque
643 2568 725 2619 ejus
746 2568 851 2606 urbis
871 2576 1051 2619 tanquam
1086 2567 1209 2606 vidum
1237 2568 1412 2607 thalamis
1439 2576 1615 2607 certatum

155 2628 254 2666 inter
284 2642 421 2679 procos
449 2629 545 2668 bene
571 2631 728 2678 multos,
754 2631 930 2678 Galbam,
952 2631 1156 2679 Othonem,
1187 2632 1405 2680 Vitellium,
1424 2630 1615 2682 Vespasia-

155 2704 245 2729 num
261 2706 403 2742 :quare
418 2694 544 2743 potuit
561 2702 648 2732 tunc
665 2695 713 2732 de
729 2695 793 2732 illa
806 2695 940 2741 scribi,
957 2704 994 2732 et
1007 2708 1149 2743 secure,
1171 2706 1256 2747 post
1274 2705 1451 2734 eventum
1466 2695 1617 2746 qnipr

156 2756 312 2805 praedici
337 2756 431 2795 illud
450 2757 553 2808 quod
575 2759 763 2808 sequitur,
785 2772 818 2796 v.
846 2758 934 2806 357,
953 2771 1034 2809 sqq.
1054 2772 1062 2798 ε

495 2821 653 2862 Πολλᾶκι
669 2828 759 2861 σοῖσι
777 2823 1051 2873 πολυμνήστοισι
1069 2823 1235 2874 γάμοισι,

362 2885 557 2924 Οἰνωῠεῖσα
579 2886 695 2938 λάτρις
716 2881 922 2939 νυμφεύσεαι
941 2888 1000 2925 οὐκ
1020 2886 1068 2925 ἐνὶ
1088 2886 1220 2940 κόσμῳ.
