1752 3495
204 240 292 285 136

770 237 1064 282 APPENDIX

403 333 524 374 Χύτλα
542 333 602 372 καὶ
622 332 794 386 εὐχωλὰς,
815 334 1023 385 μειλίγματά
1038 335 1068 372 τ’
1084 335 1120 372 ἐν
1136 328 1231 386 χθονὶ
1253 329 1351 384 χεύῃ,
1399 361 1402 366 .

403 398 627 451 Θερμομένου
645 397 794 452 Ταύροιο
811 399 936 438 κλυτοῦ
954 398 1048 450 μένει
1067 396 1215 436 Ἠελίοιο
1227 410 1236 420 ·

404 463 474 502 Καὶ
491 462 570 502 τότε
588 462 629 510 δὴ
647 462 820 515 πεφύλαξο
838 463 936 502 πόλει
955 462 1060 514 μόρον
1080 462 1141 499 οὐκ
1157 457 1355 497 ἀλαπαδνὸν

403 527 637 580 Ἐρχόμενον·
659 527 786 581 καρποὶ
811 526 878 579 γὰρ
899 525 1176 579 ἀποφθινύθουσιν
1196 525 1230 562 ἐν
1253 524 1362 575 αὐτῇ,

402 591 509 639 Γαίης
524 589 748 642 δασσαμένων
760 621 769 638 ,
789 591 916 630 Φώκου
933 591 962 627 δ’
977 589 1032 627 ἐπὶ
1051 591 1145 638 σῆμα
1165 588 1348 641 φερόντων.

538 756 589 786 ΕΚ
612 755 822 787 Abx-Domni
844 751 1095 793 ΧΡΗΣΜῼΔΩΝ
1118 751 1294 783 ΑΝΔΡΩΝ.

791 827 995 859 ΜΟΥΣΑΙΟΥ
1019 827 1039 856 “.

400 972 529 1010 Αὐτίκα
546 971 581 1009 δὲ
597 977 609 992 ²
629 970 753 1017 Χθονίη
773 972 867 1023 σφῷν
886 969 926 1015 δὴ
946 967 1085 1006 πινυτὸν
1106 966 1223 1021 [φάτο]
1245 972 1374 1020 μῦθον,

396 1036 467 1076 Σὺν
487 1035 522 1074 δέ
541 1051 576 1074 τε
594 1035 739 1087 Πύρκων
755 1034 944 1087 ἀμφίπολος
962 1034 1087 1071 κλυτοῦ
1110 1032 1362 1085 Ἰἰννοσιγαίου.

240 1177 354 1218 Ὥστε
370 1176 385 1202 ³
404 1180 603 1225 ἀπαντλῆσαι
622 1178 678 1216 τὸν
700 1176 856 1230 χρησμὸν
873 1174 929 1214 τόν
947 1190 984 1213 τε
1002 1174 1107 1214 ἄλλον
1126 1174 1240 1215 πάντα
1258 1175 1316 1214 τὸν
1332 1175 1412 1229 περὶ
1432 1177 1496 1224 τῆς
1512 1191 1642 1228 ναυμα·

190 1242 270 1296 χίης
286 1242 412 1291 ταύτης
432 1243 505 1296 [τῆς
523 1241 602 1295 πρὸς
620 1240 817 1293 Σαλαμῖνα]
837 1239 1016 1293 εἰρημένον
1038 1238 1161 1280 Βάκιδι
1177 1240 1236 1279 καὶ
1256 1240 1437 1296 Μουσαίῳ,
1452 1257 1487 1281 κ.
1503 1257 1538 1282 τ.
1557 1242 1590 1281 λ.

241 1386 362 1424 Ταῦτα
378 1385 437 1436 μὲν
450 1392 464 1418 4
485 1383 540 1438 [τὰ
562 1383 703 1427 Βάκιδος
723 1384 754 1425 ἐς
769 1381 831 1429 τὴν
850 1382 934 1434 πρὸς
951 1382 1189 1434 Θερμώδοντα
1212 1383 1359 1437 μάχην],
1376 1383 1435 1422 καὶ
1458 1384 1642 1438 παραπλή-

188 1465 247 1489 σια
263 1449 410 1488 τούτοισι
432 1450 519 1488 ἄλλα
535 1448 699 1501 Μουσαίῳ
719 1447 842 1499 ἔχοντα
862 1441 939 1486 οἶδα
962 1449 994 1491 ἐς
1013 1447 1167 1501 Πέρσας.

394 1589 461 1628 Καὶ
480 1587 543 1641 γὰρ
557 1594 570 1619 5
588 1588 808 1637 Ἀθηναίοισιν
828 1588 1013 1640 ἐπέρχεται
1036 1587 1154 1641 ἄγριος
1171 1587 1321 1641 ὅμὸρος,

390 1653 588 1704 Ἥγεμόνων
606 1653 790 1701 κακότητι·
811 1652 1029 1706 παραιφασίη
1055 1653 1091 1692 δέ
1111 1668 1163 1699 τις
1183 1653 1280 1692 ἔσται
1293 1684 1302 1702 ,

389 1718 505 1770 [Ἤτοι
519 1719 566 1770 γ’]
586 1719 624 1756 οὖ
644 1718 785 1765 λήσουσι
801 1716 917 1766 πόλιν,
935 1717 1069 1756 τίσουσι
1088 1716 1124 1755 δὲ
1140 1717 1274 1765 ποινήν.

230 1859 304 1912 [Ὡς
318 1857 334 1882 ⁶
353 1861 387 1898 αἱ
409 1860 463 1897 ἐπὶ
485 1859 626 1910 Λήμνου
646 1859 858 1909 ἐπικείμεναι
875 1861 974 1906 νῆσοι
993 1859 1215 1913 ἀφανιζοίατο
1235 1858 1325 1898 κατὰ
1344 1863 1405 1908 τῆς
1423 1860 1624 1913 θαλάσσης]

814 1964 994 1996 ΕΥΚΛΟΥ.

392 2131 460 2172 Καὶ
476 2137 488 2158 ⁷
506 2131 576 2171 τότ’
594 2133 628 2171 ἐν
643 2132 773 2185 εἰναλίῃ
793 2130 926 2187 Κύπρῳ
946 2133 1053 2185 μέγας
1072 2132 1186 2173 ἔσσετ’
1207 2133 1342 2183 ἀοιδὸς,
1389 2175 1392 2179 ,

388 2195 457 2236 “Ov
472 2212 508 2235 τε
527 2198 690 2247 Θεμιστὼ
708 2197 794 2242 τέξει
813 2198 868 2236 ἐπ’
891 2200 995 2252 ἀγροῦ
1019 2200 1075 2237 δῖα
1097 2201 1289 2249 γυναικῶν,

387 2261 497 2314 Νόσφι
515 2262 758 2302 πολυκτεάνοιο
774 2263 1001 2304 πολυκλείτου
1024 2265 1238 2316 Σαλαμῖνος.

394 2325 529 2380 Κύπρον
552 2326 588 2365 δὲ
606 2327 798 2382 προλιπὼν,
820 2329 927 2382 διερός
949 2331 978 2366 θ’
997 2329 1063 2368 ὑπὸ
1079 2329 1230 2380 κύμασιν
1249 2330 1383 2383 ἀρθεὶς,

187 2443 317 2484 ρὶιίουὶιι
343 2443 465 2475 tumulo
490 2443 715 2477 detrahendum
733 2447 780 2478 vc!
809 2455 872 2478 non

187 2489 427 2528 detrahendum,
440 2491 533 2522 stulta
544 2491 741 2524 aemulatione
753 2496 873 2525 certan-

187 2537 274 2568 tibus
288 2545 296 2567 z
311 2536 420 2568 confer
436 2540 566 2569 Pansam
582 2537 641 2570 loc.
657 2538 709 2570 cit.

231 2588 258 2616 1.
282 2586 326 2615 De
340 2587 468 2623 Musoeo,
482 2584 588 2615 confer
600 2585 719 2618 fabric.
734 2585 810 2618 Bibl.
825 2595 871 2627 gr.

188 2631 210 2662 t.
228 2631 256 2669 1,
271 2639 303 2671 p.
322 2633 391 2668 119,
405 2629 454 2661 ed.
470 2631 553 2662 Harl.

229 2677 257 2708 2.
283 2679 305 2708 E
323 2676 488 2715 Pausania,
511 2677 605 2709 Phoc.
627 2685 694 2719 cap.
715 2683 744 2719 5,
763 2679 816 2720 qui
831 2682 875 2711 ta-

191 2731 262 2755 men
274 2723 333 2755 hoc
349 2723 556 2763 fragmentum
571 2733 608 2755 ex
628 2726 792 2766 Eumolpiis
805 2730 873 2758 Mu-

190 2770 257 2809 saei,
271 2779 333 2801 non
349 2778 389 2802 ex
412 2771 479 2810 ejus
501 2771 636 2802 oraculis
657 2772 745 2804 citat.
770 2773 877 2813 Agitur

190 2821 296 2850 autem
309 2818 349 2851 de
359 2818 577 2859 antiquissimo
590 2819 739 2860 Delphico
751 2821 877 2853 oracu¹o

190 2865 276 2907 quod
287 2865 421 2898 Telluris
434 2868 465 2898 et
477 2867 612 2907 Neptuni
626 2867 698 2908 suit,
712 2872 877 2910 antequam

191 2913 355 2946 Themidis
385 2922 421 2945 ac
455 2913 567 2946 deinde
595 2915 745 2954 Apollinis
780 2918 875 2949 neret.
923 2937 926 2940 -

943 2448 1037 2487 vulg.
1063 2447 1136 2488 φάτε
1159 2447 1275 2488 legitur
1293 2447 1362 2480 sine
1380 2455 1489 2488 sensu,
1514 2447 1569 2480 ubi
1589 2456 1642 2480 nos

943 2502 1017 2525 cum
1032 2493 1198 2534 sylburgio
1216 2494 1305 2536 φάτο.

985 2544 1016 2573 3.
1040 2545 1079 2572 Ex
1097 2541 1274 2581 Herodoto,
1291 2541 1348 2574 lib.
1371 2545 1463 2582 Vm,
1482 2542 1500 2583 §
1520 2545 1573 2583 96,
1591 2541 1641 2574 sed

943 2588 1070 2619 omissis
1089 2588 1246 2628 versibus,
1264 2597 1345 2630 quos
1357 2591 1462 2621 tamen
1479 2589 1642 2621 concinere

944 2634 988 2665 ait
1002 2643 1075 2665 cum
1090 2635 1212 2666 mucidis
1234 2635 1274 2667 de
1296 2635 1404 2667 cadem
1419 2645 1452 2668 re
1472 2637 1598 2677 (nempe
1607 2635 1642 2667 do

943 2681 1115 2713 Salaminia
1127 2681 1244 2722 pugna)
1259 2683 1386 2714 oraculo
1401 2692 1455 2715 seu
1475 2683 1587 2723 fragm.
1605 2686 1638 2714 Π.

985 2731 1014 2760 l·-
1040 2733 1082 2760 Ex
1098 2729 1268 2767 Herodoto,
1282 2730 1337 2762 lib.
1350 2733 1401 2770 lx,
1414 2730 1432 2771 §
1446 2733 1499 2770 43,
1514 2731 1566 2762 sed
1581 2738 1643 2762 ora—

945 2774 1018 2807 culo
1032 2775 1102 2816 ipso
1119 2785 1181 2807 non
1201 2777 1311 2815 citato,
1327 2776 1413 2817 quod
1432 2786 1530 2818 prope
1545 2785 1643 2809 occes-

946 2823 1023 2856 sisse
1034 2824 1195 2856 credimus
1218 2823 1257 2856 ad
1273 2824 1396 2857 nacidis
1417 2825 1456 2857 de
1481 2825 1590 2857 eadem
1612 2832 1642 2856 re

948 2870 1162 2910 fragmentum
1182 2875 1236 2904 111.

988 2924 1018 2951 5.
1041 2923 1062 2951 Ε
1077 2920 1242 2960 Pausania,
1256 2920 1352 2953 Phoc.
1367 2928 1437 2961 cap.
1452 2924 1484 2960 9,
1497 2919 1551 2961 qni
1565 2920 1595 2952 et
1608 2928 1642 2951 eo
