1686 3500
128 260 235 350 488¹
484 297 594 345 ‘AD
627 299 965 346 SIBYLLINOS
994 299 1207 366 ‘LIBROS

125 408 222 448 erat,
241 407 283 438 ut
295 398 480 447 diximus,
494 398 555 437 vel
573 398 778 450 quominus
795 399 1020 443 efficeretur,
1039 410 1106 449 per
1119 397 1218 449 ipsas
1234 405 1400 440 steterat.
1414 399 1592 440 Ceterum

122 464 171 504 de
187 464 332 516 ingenti
350 463 571 504 Judaeorum
593 463 837 502 multitudine
855 477 941 515 quae
962 471 1066 500 trans
1087 462 1321 513 Euphratem
1339 474 1589 516 remanserat,

109 521 345 568 'consulendi
365 531 574 581 praesertim
588 528 701 567 Philo
715 557 726 576 ‚
743 529 781 567 in
797 528 984 580 legatione
1000 527 1048 565 ad
1063 527 1214 576 Caium,
1231 542 1267 577 p.
1285 528 1376 579 798,
1393 529 1453 568 ed.
1470 530 1566 569 1613
1579 544 1593 569 z

120 593 191 633 Καὶ
216 595 339 634 σιωπῶ
365 594 426 637 τὰς
452 592 561 647 πέραν
593 592 776 646 Εὐφράτου
804 589 967 645 [χώρας]·
986 597 1098 629 πᾶσαι
1115 590 1195 645 γὰρ,
1214 591 1278 636 ἔξω
1297 592 1419 644 μέρους
1441 595 1588 646 βραχέος
1618 584 1621 588 ’

119 657 327 701 Βαὸυλῶνος
345 658 403 696 καὶ
420 660 488 696 τῶν
514 657 629 696 ἄλλων
647 658 880 711 σατραπειῶν,
903 657 938 694 αἱ
963 657 1141 708 ἀρετῶσαν
1170 655 1313 708 ἔχουσαι
1329 657 1392 704 τὴν
1416 659 1450 696 ἐν
1470 658 1591 711 κύκλῳ

116 725 201 772 γῆν,
233 722 416 764 Ἰουδαίους
447 721 584 774 ἔχουσιν
617 720 808 773 οἰκήτορας.
836 719 946 765 Quod
980 728 1017 758 et
1049 720 1170 758 firmat
1189 720 1403 773 Josephns,
1433 722 1563 773 Antiq.
1576 752 1586 770 ,

119 786 186 827 lib.
209 786 281 831 XI,
306 800 392 838 cap.
412 786 434 824 5
457 800 466 824 ι
485 785 549 825 Διὸ
562 786 620 825 καὶ
636 785 695 824 δύο
709 783 817 838 φυλὰς
837 778 925 822 εἶναι
939 783 1160 834 συμὸέὸηκεν
1184 784 1243 822 ἐπί
1262 800 1300 823 τι
1319 787 1380 831 τ’ἦς
1397 785 1511 829 Ἀσίας
1528 786 1586 824 καὶ

115 852 177 898 τῆς
194 849 367 902 Εὐρώπης
385 850 575 902 Ῥωμαίοις
593 847 831 893 ὑπακουούσας
843 859 853 871 ·
871 849 907 886 αἱ
924 847 959 886 δὲ
977 848 1059 887 δέκα
1078 849 1183 902 φυλαὶ
1202 847 1312 902 πέραν
1333 849 1418 889 εἰσὶν
1442 850 1588 903 Εὐφρά-

112 930 174 953 του
194 914 259 958 ἕως
280 915 400 968 δεῦρο,
420 914 580 968 μυριάδες
605 913 740 966 ἄπειροι
764 912 822 951 καὶ
849 914 986 966 ἀριθμῷ
1010 916 1207 965 γνωσθῆναι
1235 913 1284 966 μὴ
1298 914 1497 967 δυνάμεναι.
1527 917 1583 955 lin

112 978 182 1017 tibi
202 980 332 1017 decem
350 979 520 1017 tribuum
538 987 640 1016 trans
656 977 887 1028 Euphratem
905 979 1152 1029 superstitum
1170 980 1408 1029 apertissima
1426 982 1584 1031 mentio,

113 1057 191 1094 quo
214 1044 453 1083 referendum
473 1053 510 1082 et
535 1043 638 1095 quod
665 1042 773 1081 addit
791 1043 984 1094 ,Iosephus
1013 1043 1060 1083 de
1080 1044 1223 1083 Judaeis
1244 1045 1344 1083 circa
1364 1045 1523 1085 Nisibim
1549 1056 1585 1084 et

110 1114 298 1153 Neardam
330 1115 377 1153 ad
411 1114 644 1166 Euphratem
668 1113 953 1161 habitantibus,
983 1115 1110 1166 Antiq.
1140 1116 1282 1163 XVIII,
1313 1129 1395 1167 cap.
1419 1130 1490 1164 ¹23
1518 1118 1586 1155 ubi

111 1179 224 1216 etiam
243 1193 264 1216 e
289 1178 387 1216 tribu
407 1178 511 1217 suda
529 1187 565 1216 et
584 1179 703 1229 stirpe
722 1178 843 1216 David
867 1179 1066 1216 nonnullas
1087 1192 1241 1218 manere
1262 1180 1456 1231 reliquias,
1482 1182 1586 1219 unde

112 1243 347 1281 Messias'sit
378 1243 557 1290 oriturus,
579 1242 809 1280 recentiores
840 1242 993 1293 quidam
1015 1242 1178 1281 Rabbini
1207 1245 1466 1296 scripserunt,
1492 1253 1587 1284 teste

111 1307 333 1355 Malvenda,
354 1307 402 1345 de
419 1306 613 1357 Antichr.,
630 1306 696 1346 lib.
715 1307 774 1352 11,
797 1321 884 1358 cap.
912 1321 925 1344 1
938 1321 969 1346 ι.
988 1308 1280 1347 DeJudaeorum
1298 1323 1454 1361 quoque
1474 1319 1584 1361 parte

108 1372 233 1422 aliqua
257 1371 306 1410 ab
324 1371 432 1410 Ocho
453 1373 654 1410 Persarum
685 1384 772 1421 rege
800 1371 838 1408 in
863 1372 1092 1421 Hyrcaniam
1115 1386 1236 1425 prope
1255 1374 1432 1424 Caspium
1453 1388 1581 1422 mare,

104 1435 284 1487 (ideoque
301 1449 424 1487 prope
442 1434 619 1486 Scythas,
636 1435 701 1486 qui
722 1433 893 1473 Hebraeis
913 1435 998 1486 Gog
1017 1444 1054 1473 et
1068 1437 1218 1488 Magog)
1234 1437 1432 1481 translata,
1452 1446 1583 1475 aucto·

105 1513 165 1538 res
182 1509 270 1538 sunt
287 1499 486 1546 Eusebius,
504 1500 679 1538 Chronic.
697 1498 760 1539 ed.
781 1499 1043 1545 Armeno-lat„
1059 1500 1105 1538 ad
1125 1500 1220 1540 Ochi
1236 1515 1376 1540 annum
1392 1516 1449 1550 v1;
1466 1512 1584 1554 atque

105 1565 195 1603 inde
223 1564 387 1603 reditum
426 1563 650 1604 Judaeorum
683 1577 707 1601 a
741 1563 972 1615 quibusdam
1008 1566 1220 1616 exspectari
1253 1566 1366 1604 docet
1397 1567 1555 1606 Orosius
1570 1596 1580 1614 ‚

108 1629 175 1671 lib.
197 1630 276 1682 111,
296 1644 380 1682 cap.
402 1643 439 1678 7.
462 1632 576 1668 Vanae
603 1630 776 1681 profecto
793 1643 899 1681 spes,
921 1643 1014 1680 quas
1041 1638 1163 1668 tamen
1185 1639 1250 1669 aut
1269 1631 1410 1683 quibus
1438 1632 1581 1670 similes

103 1694 170 1732 diu
193 1695 492 1744 anteChristum
509 1694 682 1746 vulgatas
699 1694 799 1745 apud
820 1694 972 1733 Judaeos
992 1695 1105 1733 fuisse
1124 1696 1328 1743 credimus,
1347 1705 1384 1734 et
1400 1710 1500 1748 saepe
1517 1711 1579 1735 re-

104 1760 244 1799 vixisse
266 1772 309 1797 ac
326 1759 592 1809 recruduisse,
609 1759 759 1810 quoties
777 1772 899 1797 novus
915 1759 1052 1811 aliquis
1072 1759 1193 1798 hostis
1218 1768 1257 1798 et
1285 1774 1385 1799 nova
1415 1762 1585 1800 servitus

101 1823 364 1870 incumberet3
391 1825 554 1861 maxime
576 1836 668 1861 vero
699 1831 786 1874 post
805 1836 975 1861 eversam
996 1837 1016 1861 a
1034 1823 1216 1862 Romanis
1246 1833 1413 1863 sanctam
1441 1826 1581 1863 civita-

103 1898 180 1926 tem
196 1918 207 1937 ,
224 1896 303 1926 tum
323 1901 441 1939 quum
469 1887 594 1926 Judaei
624 1887 773 1925 exsules
793 1895 908 1938 atque
934 1887 1095 1939 dispersi
1115 1887 1356 1926 liberatorem
1386 1888 1458 1927 sibi
1486 1902 1579 1941 pro-

102 1951 257 1990 missum
277 1950 576 2002 mittendumque
590 1950 774 1989 divinitus
789 1951 970 1988 auxilium
990 1950 1159 2003 undique
1173 1951 1524 2003 circumspicerent.

161 2017 189 2055 E
211 2016 572 2062 Christianisetiam,
596 2016 727 2053 saltem
745 2015 1042 2063 judaizantibus,
1078 2015 1184 2054 multi
1214 2017 1332 2063 suere,
1361 2017 1428 2068 qui
1457 2031 1577 2068 quum

103 2087 320 2118 terrestrem
343 2079 444 2117 mille
461 2092 649 2117 annorum
666 2079 882 2118 felicitatem
910 2088 997 2118 ante
1018 2080 1209 2132 judicium
1229 2094 1447 2133 supremum
1464 2082 1579 2133 justis

101 2145 192 2192 suis,
214 2144 254 2183 id
274 2153 331 2183 est
351 2145 543 2196 praecipue
566 2145 709 2184 Judaeis
730 2154 769 2183 et
790 2146 994 2196 proselytis
1020 2146 1066 2183 ad
1098 2148 1228 2184 ndstra
1256 2160 1363 2185 sacra
1384 2148 1577 2186 conversis

100 2209 323 2260 promissam
343 2218 618 2261 exspectarent,
643 2210 754 2247 simul
787 2223 925 2248 novam
955 2211 991 2248 in
1011 2211 1145 2249 Judaea
1166 2210 1358 2249 civitatem
1389 2212 1574 2250 orituram

100 2272 388 2323 praesagiebant,
413 2273 522 2310 simul
546 2287 621 2310 non
653 2274 764 2312 aliter
795 2275 943 2312 restitui
965 2288 1076 2325 posse
1097 2275 1282 2326 putabant
1307 2289 1464 2315 suorum
1491 2290 1574 2324 res,

100 2350 213 2387 quam
231 2337 262 2374 si
276 2337 321 2374 ad
338 2337 500 2375 duarum
524 2337 692 2376 tribuum
708 2339 886 2389 reliquias
907 2339 1035 2377 denuo
1057 2349 1238 2377 coeuntes
1253 2372 1262 2388 ,
1279 2340 1408 2378 decem
1428 2355 1474 2379 ex
1487 2342 1577 2380 Asia

100 2401 221 2440 tribus
255 2403 499 2450 accederent,
529 2417 689 2454 quarum
723 2404 895 2441 omnium
916 2403 1127 2455 conjunctis
1148 2405 1264 2444 arinis
1291 2419 1396 2444 sacra
1419 2406 1529 2444 tellus
1552 2423 1576 2444 a

100 2467 267 2505 Romana
287 2466 548 2506 dominatione
568 2468 842 2508 vindicaretur.

152 2530 225 2569 Sed
243 2531 361 2569 multo
381 2533 493 2570 etiam
511 2532 674 2582 longiori
691 2532 827 2571 itinere
841 2533 1020 2571 rediturae
1038 2534 1362 2586 exspectabantur
1377 2549 1398 2573 a
1414 2536 1573 2587 quibus-

98 2594 185 2632 dam
200 2594 329 2633 decem
345 2596 480 2645 tribus,
499 2597 564 2635 illo
581 2598 662 2649 ipso
676 2599 957 2636 Antoninorum
975 2607 1145 2650 tempore
1159 2613 1239 2649 quo
1255 2599 1438 2650 Sibyllina
1454 2601 1571 2652 plera·

96 2672 172 2709 que
189 2660 328 2711 scripta
345 2669 445 2699 sunt.
461 2661 587 2699 Testis
606 2663 653 2700 sit
674 2663 730 2700 vel
753 2663 813 2701 hic
827 2663 932 2702 Iocus
946 2677 992 2702 ex
1008 2665 1234 2715 apocrypho
1251 2664 1379 2704 Esdrae
1394 2665 1492 2704 libro
1507 2668 1570 2716 1V‚

95 2736 177 2775 capa
191 2725 250 2771 13,
262 2737 298 2763 v.
312 2726 373 2775 39,
387 2739 468 2776 sqq.
486 2739 494 2763 :
513 2744 528 2759 «ι
543 2727 589 2765 Et
601 2728 783 2777 quoniam
800 2727 930 2766 vidisti
946 2742 1030 2766 eum
1047 2728 1254 2781 [Messinm]
1266 2730 1505 2781 colligentem
1522 2732 1570 2769 ad

97 2807 111 2822 σι
127 2801 167 2827 se
180 2789 292 2826 aliam
310 2789 589 2828 multitudinem
608 2792 826 2841 pacificam,
844 2793 901 2830 lioe
914 2802 1000 2830 sunt
1020 2793 1148 2832 decem
1168 2794 1289 2832 tribus
1308 2809 1393 2845 quae
1408 2797 1569 2847 captiva:

94 2874 108 2887 οι
128 2855 233 2892 sactae
253 2863 340 2893 sunt
360 2855 407 2893 de
431 2863 531 2894 terra
550 2869 616 2894 sua
639 2856 674 2893 in
695 2855 830 2895 diebus
854 2859 952 2897 Osee
978 2858 1089 2910 regis,
1108 2872 1221 2910 quem
1242 2860 1435 2910 captivum
1456 2860 1567 2898 (luxit
1598 2860 1612 2880 Ὗ

92 2937 105 2952 ··
123 2919 364 2958 salmanazar
378 2932 442 2958 rex
459 2921 712 2972 Assyriorum,
727 2930 763 2959 et
785 2923 976 2961 transtulit
997 2937 1061 2961 eos
1081 2932 1184 2962 trans
1207 2924 1343 2962 flumen
1357 2952 1472 2964 ......
1490 2924 1567 2975 Ipsi

90 3001 103 3016 ι
123 2992 246 3021 autem
265 2983 336 3022 sibi
358 2984 546 3023 dederunt
568 2986 766 3023 consilium
788 2986 878 3031 hoc,
900 2997 939 3026 ut
957 2987 1268 3038 derelinquerent
1286 2988 1569 3027 multitudinem.
