1752 3495
584 180 665 223 AD
700 178 1021 224 EXCURSUM
1056 181 1129 237 111.

1501 181 1591 226 247
1624 233 1626 235 ,

185 287 231 325 Ι.ο
259 277 412 317 Viscera
436 274 686 326 proscinde&
706 273 839 325 patriae
855 282 933 312 tum
950 275 1124 325 quisquis
1144 278 1298 317 amicus.

259 342 377 382 Nemo
392 339 532 379 etenim
550 339 667 377 sacris
685 339 903 378 incredulus
916 366 926 383 ‚
945 339 1108 390 impius,
1128 341 1226 379 adsit
1246 355 1255 381 :

256 404 386 445 'sui-ba
406 404 566 456 profana
587 404 705 449 [οι-85,
730 405 793 442 cui
813 418 890 442 non
904 404 985 442 liaec
1006 413 1160 456 tangere
1181 406 1236 444 sas
1253 416 1319 447 est.

256 471 438 509 Tractent
457 483 566 508 sacra
588 470 664 521 pii,
684 477 721 508 et
742 469 814 507 soli
831 469 878 507 ad
900 469 1074 509 convivia
1094 470 1232 509 Divum

258 535 461 580 Accedant,
483 535 624 572 nostris
641 533 814 585 praebent
835 534 902 586 qui
922 534 1095 581 versibus
1114 548 1257 573 aurem.

187 602 230 646 ‚25
261 600 306 638 Hi
325 605 420 637 ve'ro
439 598 507 636 tibi
521 628 531 648 ,
547 598 691 637 Phoebe
704 628 712 644 ,
731 599 832 637 Deus
852 598 1091 649 venerande,
1108 599 1289 650 litabunt,

258 664 536 714 imponentque
552 663 628 701 aris
650 663 898 714 pinguissima
916 663 1072 709 fercula,
1091 678 1228 716 capras

255 728 466 767 Candentes
486 737 653 767 centum.
669 729 753 767 Mea
777 730 843 779 qui
862 738 1050 779 praecepta
1066 731 1222 773 tenetis,
1275 776 1278 779 ι

257 792 491 844 Suppliciter
510 793 648 842 proni,
668 793 793 831 velato
813 793 977 842 vertice,
997 793 1185 832 Phoebum

255 860 369 896 Orate
381 886 391 904 ‚
409 866 450 894 ut
467 856 574 895 vobis
591 858 723 909 procul
741 858 952 896 infortunia
973 859 1100 909 pellat.

185 924 229 961 50
262 922 352 960 lude
371 922 494 960 redux
511 923 703 961 Junonem
723 924 838 962 etiam
861 923 1009 974 placare
1029 931 1231 962 memento.

255 987 374 1023 Vacca
392 985 460 1024 tibi
478 987 553 1024 ritu
568 987 695 1038 patrio
712 985 943 1024 mactabitur
962 986 1073 1034 alba3

254 1052 513 1101 Matronaeque
531 1052 647 1089 Deam
672 1051 868 1089 celebrent
883 1083 893 1099 ,
910 1065 1164 1103 quaeeumque
1185 1060 1334 1089 tuarum

254 1115 381 1154 Prima
401 1124 553 1166 tenent3
573 1116 683 1154 simul
702 1124 739 1154 et
761 1116 791 1154 si
811 1129 907 1168 quos
921 1117 988 1154 alit
1003 1116 1125 1154 insula
1143 1115 1268 1167 ponti,

255 1179 434 1217 Hostilem
457 1190 593 1218 terram
617 1193 734 1231 quum
758 1181 819 1228 vi,
843 1193 922 1218 non
944 1179 1100 1226 fraude,
1123 1179 1307 1218 tenebunt

182 1245 225 1282 55
252 1244 480 1291 Cuinanan13
501 1244 689 1296 siquidem
707 1245 838 1282 divum
856 1245 988 1296 regina
1009 1243 1176 1293 favebit,

253 1309 330 1348 Olli
350 1309 383 1347 si
401 1309 528 1361 patria
549 1310 698 1361 signum
719 1309 869 1361 ponatis
889 1309 928 1347 in
945 1308 1055 1347 urbe.

252 1376 334 1425 ipsa
349 1374 492 1421 aderit,
510 1375 540 1412 si
558 1383 689 1412 nostra
711 1376 825 1412 Deam
843 1383 1035 1425 praecepta
1048 1382 1203 1412 secutus

252 1439 334 1478 Rite
351 1439 452 1477 coles
473 1452 494 1476 a
515 1453 573 1476 me
595 1439 816 1477 monstratis
831 1439 909 1490 jam
930 1439 997 1476 tibi
1016 1438 1147 1479 sacris.

251 1504 323 1550 Qui
342 1517 435 1542 vero
462 1504 563 1552 haec,
585 1504 688 1555 longi
712 1504 888 1543 revoluto
911 1504 1092 1554 temporis
1110 1503 1204 1542 orbe

178 1569 223 1606 60
250 1568 396 1607 Fecerit
409 1598 419 1616 ,
440 1577 478 1606 et
497 1582 744 1620 quocumque
762 1568 824 1606 die
843 1581 1108 1620 quoscumque
1128 1581 1197 1620 per
1216 1581 1336 1607 annos

255 1632 390 1672 Sobria
412 1645 519 1672 sacra
538 1633 636 1672 seret
649 1663 659 1682 ,
676 1642 756 1672 toto
770 1632 1036 1671 dominabitur
1054 1645 1150 1671 aevo.

167 1775 213 1804 55.
227 1770 328 1804 Codex
340 1774 527 1811 νασσῶνται,
537 1772 656 1804 soloeco
668 1773 816 1811 accentu,

133 1827 183 1859 pro
204 1827 264 1859 quo
290 1827 347 1851 nos
370 1818 549 1858 νάσσονται,
573 1819 672 1858 magis
699 1820 817 1860 quippe

132 1865 244 1906 epicum
258 1874 351 1907 quam
366 1866 540 1899 νάσσωνται
551 1891 560 1907 ,
574 1868 634 1899 etsi
647 1869 719 1899 ὅταν
733 1877 816 1908 [πω-

132 1913 227 1946 cessit.
239 1916 272 1944 ln
284 1912 345 1945 fine
354 1913 422 1945 cod.
435 1914 480 1951 ol:
493 1915 656 1954 ἐπίθενται,
671 1915 815 1954 barbare,

133 1959 179 1990 ubi
193 1968 246 1991 nos
265 1969 282 1992 e
297 1961 379 2001 conj.
396 1961 480 2000 αἷκε
501 1961 642 2003 τίΟησθε,
665 1971 727 1994 non
748 1962 816 1994 αἴκε

132 2006 257 2038 τίθωνται
270 2016 278 2038 :
293 2008 352 2039 hoc
368 2008 451 2040 enim
465 2009 615 2040 Romanis
626 2010 816 2049 imperatum

133 2053 255 2094 videtur,
273 2063 334 2087 non
349 2055 520 2095 insulanis;
535 2057 635 2087 confr.
655 2058 722 2088 not.
737 2065 786 2096 sq.

167 2102 212 2131 50.
233 2101 309 2134 Cod.
338 2102 368 2134 ἐν
391 2103 564 2145 πατρίοισιν
589 2104 696 2143 ὁμοῖς,
728 2102 814 2143 quod

129 2145 185 2182 iam
209 2148 326 2180 uastius
362 2152 563 2189 correxerat;
594 2150 648 2181 sed
679 2149 753 2181 vide
775 2158 816 2181 an

131 2193 200 2232 ὅροις
227 2195 386 2236 legendum
406 2199 460 2230 sit.
487 2201 561 2229 Post
593 2197 699 2233 ξόανον
723 2199 818 2229 vacat

131 2239 176 2277 τὲ,
198 2241 273 2274 vitio
293 2243 377 2283 apud
399 2244 501 2275 malos
524 2246 634 2285 poetas
663 2247 695 2275 et
714 2244 744 2275 in
769 2245 815 2276 si-

133 2284 243 2325 byllinis
259 2289 373 2321 nostris
397 2290 564 2331 frequenti.
584 2292 751 2322 Praestaret
767 2292 814 2322 ta-

132 2341 195 2365 men
217 2337 293 2367 κατὰ
313 2338 409 2370 οἷκον.
431 2338 490 2369 Sed
506 2339 617 2378 utique
639 2338 813 2378 intelligen-

131 2378 198 2411 dum
211 2382 308 2422 domi,
324 2387 452 2422 Romae,
465 2385 728 2417 confirmantibus
741 2393 814 2426 quae

131 2434 196 2458 mox
210 2435 394 2471 sequentur,
409 2440 441 2464 v.
466 2435 518 2464 04.

165 2477 210 2507 57.
231 2475 300 2513 Ἵξει
315 2478 362 2510 vel
385 2479 424 2511 de
453 2479 522 2519 ipsa
546 2479 752 2516 sunone.vel
775 2479 814 2511 de

130 2522 339 2559 pra-dictorum
366 2528 483 2558 eventu
512 2526 734 2567 aeeipieuduru
751 2529 801 2559 est

131 2567 243 2599 Etnota
265 2570 318 2606 ἰ’ξει
338 2580 393 2611 pro
420 2572 514 2608 ἵξεται
543 2571 697 2612 positum,
728 2573 812 2604 utin

131 2613 263 2650 proximo
279 2625 439 2657 responso,
458 2626 489 2650 v.
512 2622 540 2657 1,
556 2617 609 2658 ἵκῃ
625 2626 682 2658 pro
696 2618 812 2656 ἵκηται.

130 2661 160 2688 ln
175 2660 230 2692 line
245 2662 314 2695 cod.
328 2664 462 2700 τίῢηνται
475 2689 484 2705 ,
502 2664 648 2705 barbare,
673 2665 728 2696 ubi
755 2674 814 2697 nos

126 2706 259 2750 τιθέντες,
271 2711 355 2750 qnod
372 2713 476 2745 tamen
497 2712 528 2744 in
545 2715 699 2754 sequente
718 2721 813 2745 versu

128 2753 234 2794 aliquid
250 2761 370 2791 mutare
387 2768 446 2791 nos
463 2763 564 2801 coget.

165 2805 211 2834 58.
232 2805 307 2836 Cod.
330 2806 473 2848 ἐπέλῦῃς,
505 2807 557 2839 ubi
584 2816 643 2840 nos
681 2816 698 2839 e
728 2808 811 2847 conj.

128 2846 268 2890 ἐπέ).οητ“,
285 2852 325 2884 ob
344 2854 470 2886 allatam
488 2863 583 2895 supra
604 2854 773 2888 medelam.

929 1774 979 1804 59.
1003 1769 1080 1804 cod.
1097 1770 1190 1812 plane
1207 1771 1244 1803 ut
1259 1779 1338 1812 nos,
1353 1769 1406 1803 ubl
1420 1771 1522 1804 αὐτόθ’
1544 1771 1596 1804 in·

884 1818 1005 1850 dicavit
1019 1818 1095 1850 olim
1107 1818 1265 1859 xylander
1278 1843 1288 1859 ,
1302 1827 1358 1851 nos
1375 1818 1460 1856 αὖθις
1484 1820 1589 1859 legen·

883 1865 960 1897 dum
981 1865 1180 1906 suspicamur
1199 1878 1207 1898 ε
1233 1867 1340 1905 posset
1355 1866 1461 1897 tamen
1474 1867 1589 1908 conjici

886 1912 917 1944 ἐν
930 1914 1034 1955 πολλῷ
1052 1913 1085 1945 δὲ
1105 1913 1207 1955 χρόνῳ
1221 1914 1273 1944 καὶ
1287 1913 1333 1954 ἐφ’
1357 1914 1496 1954 ὕστερον,
1510 1916 1542 1946 et
1560 1915 1589 1945 inl

886 1959 1016 1999 quidem
1031 1960 1131 1999 magis
1144 1959 1290 2000 placeret.
1309 1963 1342 1991 ln
1357 1960 1420 1992 tine
1430 1961 1477 1993 ἐπ’
1489 1962 1591 1998 αὐτοῖς

887 2008 941 2047 (an
969 2007 1078 2046 polius
1104 2007 1136 2038 ἐν
1159 2007 1356 2045 αὺτοῖςὲιεεῑ
1379 2017 1436 2049 pro
1461 2008 1492 2040 ἐν
1519 2010 1589 2048 ὑμῖν

886 2055 1000 2091 αὐτοῖς.

928 2108 978 2137 ῦο.
1001 2107 1123 2136 Rursus
1144 2112 1185 2135 en
1201 2103 1259 2135 tibi
1277 2103 1414 2145 νήφαὶα,
1428 2105 1465 2137 ut
1481 2113 1588 2145 supra,

886 2157 920 2182 v.
941 2154 990 2182 22.
1011 2150 1069 2181 vix
1083 2159 1160 2182 vero
1175 2150 1318 2190 capimus
1333 2150 1406 2182 ὅσαι
1419 2151 1528 2192 ἡμέραι
1547 2152 1589 2188 εἷς

886 2197 1038 2237 ἐνιαυτόν,
1052 2198 1084 2229 et
1099 2197 1265 2236 legendum
1283 2196 1410 2228 videtur
1426 2197 1498 2236 μίαν
1512 2198 1589 2239 ἡμέ·

887 2254 953 2286 ραν,
968 2246 1115 2284 corrupta
1132 2244 1261 2276 licenter
1275 2243 1385 2275 ultima
1399 2244 1529 2285 syllaba,
1544 2246 1588 2276 si-

885 2294 940 2323 cut
956 2291 986 2322 in
1013 2291 1176 2332 Sibyllinis
1200 2290 1391 2331 christianis,
1416 2295 1455 2331 Η,
1473 2293 1588 2332 227‚et

886 2342 924 2378 V,
941 2341 1011 2370 240.
1029 2343 1067 2370 Αι
1091 2348 1128 2370 ne
1141 2339 1216 2370 satis
1237 2338 1365 2379 quidem
1388 2341 1474 2380 patet
1489 2339 1588 2379 quod·v

887 2394 960 2417 uam
979 2386 1074 2417 suerit
1089 2394 1232 2417 aunuum
1252 2384 1329 2417 illud
1346 2394 1485 2425 sacrum,
1502 2386 1586 2427 quod

885 2442 958 2464 cum
978 2433 1059 2465 ludis
1075 2433 1309 2473 Apollinaribus
1325 2433 1400 2465 nihil
1415 2443 1587 2465 commune

886 2479 1033 2513 habuisse
1060 2480 1264 2520 monuimus,
1291 2479 1356 2510 imo
1373 2488 1405 2511 re
1433 2480 1498 2520 ipsa
1525 2480 1584 2511 de-

885 2527 1134 2560 monstravimus
1160 2536 1268 2567 supra,
1292 2536 1322 2567 p.
1338 2531 1409 2567 223,
1423 2535 1494 2568 sqq.
1513 2526 1587 2559 Nul-

885 2573 950 2605 lum
966 2576 1052 2605 certe
1068 2581 1220 2611 annuum,
1240 2573 1340 2604 multo
1358 2574 1462 2604 minus
1483 2575 1586 2615 quoli-

885 2619 1015 2652 diarium
1035 2629 1161 2652 sacrum
1179 2621 1360 2653 institutum
1375 2621 1426 2652 illo
1443 2624 1585 2661 tempore

887 2667 1076 2707 reperimus.
1104 2670 1245 2700 Forsitan
1272 2668 1353 2700 hauc
1373 2669 1492 2700 oraculi
1510 2678 1583 2709 par·

885 2717 949 2746 tem
968 2715 1140 2754 neglexerit
1153 2717 1300 2755 senatus,
1313 2715 1511 2755 publicarum
1526 2717 1582 2747 im-

885 2771 1054 2803 pensarum
1069 2762 1205 2801 arbiter3
1227 2770 1263 2793 ac
1284 2763 1381 2794 semel
1396 2766 1506 2795 votum
1530 2772 1581 2794 sa·
1599 2769 1605 2775 ·

884 2817 975 2840 crum
986 2835 996 2850 ,
1012 2818 1075 2841 non
1090 2809 1246 2841 inmunes
1258 2809 1337 2848 dics,
1355 2819 1456 2851 neque
1468 2811 1498 2842 in
1512 2819 1580 2841 om-

885 2864 939 2888 ues
951 2865 1066 2897 annos,
1079 2865 1181 2897 neque
1202 2857 1234 2888 in
1250 2861 1434 2898 perpetuum
1451 2858 1557 2890 suerit.
