1752 3495
146 185 169 229 A
180 185 208 229 6
530 183 610 226 AD
644 182 988 228 SlBYLLlNOS
1022 182 1231 228 LIBROS

146 280 231 318 licet
258 286 378 317 totum
411 278 484 316 hoc
518 278 680 317 Diodori
710 278 965 316 testimonium
997 278 1045 316 de
1073 279 1264 330 Delphicae
1285 277 1439 329 Sibyllae
1469 280 1598 316 earmi-

143 343 277 389 nibus,
304 343 459 381 confusa
479 344 673 381 nominum
708 342 886 379 memoria
902 371 912 390 ,
939 342 987 380 ab
1020 343 1214 394 Erythraea
1242 342 1337 382 male
1355 342 1402 380 ad
1425 342 1522 381 hanc
1542 343 1599 382 Si-

144 406 284 458 byllam
304 406 527 445 translatum
550 419 641 445 esse.
1419 403 1422 406 ’

193 471 332 521 Utique
353 469 471 508 libros
494 470 675 522 quosdam
697 469 940 507 oraculorum
969 470 1039 508 sub
1062 471 1256 522 Delphicae
1271 469 1425 521 Sibyllae
1445 470 1600 507 nomine

142 535 253 575 fuisse
274 535 512 582 venditatos‚
535 533 702 573 Diodoro
728 541 766 570 et
787 533 914 571 Suidae
945 533 1051 572 facile
1071 534 1225 573 concedi
1255 543 1398 586 posset,
1414 533 1485 572 nisi
1508 546 1600 571 vero

141 600 298 651 propius
315 609 410 638 esset
432 599 622 637 materiam
647 597 769 635 errori
796 597 1001 647 praebuisse
1023 599 1261 649 Erythraeum
1287 599 1408 649 ipsum
1434 611 1599 645 carmen,

140 663 314 702 videlicet
343 672 500 715 propter
515 662 608 700 illud
633 661 856 709 exordium,
873 654 925 700 ’Ὦ
945 663 1070 716 Δελφοὶ
1101 662 1315 715 θεράποντες,
1340 678 1375 703 κ.
1397 677 1428 700 τ.
1445 663 1476 700 λ.
1495 661 1599 712 quod

138 728 292 778 quidem
312 736 349 766 et
373 728 529 765 lectores
548 725 696 775 aliquos
717 733 754 762 et
782 726 973 776 praecipue
1000 727 1166 777 Delphos
1195 727 1324 764 fallere
1355 726 1493 777 potuit.
1523 725 1599 762 Ve-

137 803 234 836 rum,
257 792 313 828 uti
333 803 444 840 supra
475 789 601 825 multis
620 796 811 825 ostensum
840 796 908 833 est,
929 801 1017 838 cap.
1045 801 1082 834 τι,
1105 792 1224 838 p.'1o,
1242 802 1309 838 sq„
1336 803 1447 826 nemo
1475 788 1599 839 gravis

137 862 272 892 auctor
299 852 449 890 disertis
468 851 589 889 verbis
615 850 707 888 illud
738 864 902 900 unquam
922 850 1121 888 exordium
1143 860 1208 888 aut
1226 851 1320 888 illud
1340 865 1489 889 carmen
1511 852 1600 889 Del-

137 917 257 967 phicae
271 916 423 966 Sibyllae
440 914 488 952 ab
507 915 699 964 Erythraea
719 914 879 952 diversae
896 914 1028 953 tribuit
1045 929 1052 950 :
1073 923 1206 951 contra
1226 915 1440 953 Heraclides
1462 916 1598 953 Ponti-

136 994 213 1028 cus,
231 989 267 1019 et
285 980 457 1017 Clemens
475 978 764 1025 Alexandrinus,
784 987 821 1016 et
842 979 1068 1025 Pausanias,
1088 979 1312 1029 inscriptum
1332 979 1422 1016 licet
1441 978 1486 1016 ad
1508 978 1599 1016 Del-

135 1045 231 1095 phos
247 1056 417 1089 carmen,
438 1042 614 1093 Phrygiae
635 1056 699 1080 seu
723 1043 970 1089 Mermessiae,
988 1055 1072 1093 quae
1091 1042 1204 1092 vulgo
1222 1042 1421 1092 Erythraea
1441 1042 1595 1088 dicitur,

133 1116 263 1159 aperte
284 1107 470 1156 tribuunt,
493 1115 529 1144 et
544 1106 596 1143 ibi
616 1120 755 1144 nomen
773 1105 804 1145 ’A
814 1104 999 1158 ρτέμιδοςιι
1017 1106 1160 1156 Sibylla
1184 1107 1340 1157 figurate
1361 1114 1596 1156 assumptum

133 1171 283 1220 docent,
307 1184 427 1221 neque
453 1172 558 1208 istam
577 1170 872 1221 appellationem
895 1171 957 1208 uni
988 1170 1179 1221 Delphicre
1207 1171 1416 1209 convenire
1449 1178 1596 1221 putant,

131 1249 347 1287 quanquam
365 1235 402 1273 id
422 1235 604 1272 innuente
616 1235 745 1280 Suida,
758 1234 805 1272 dc
818 1233 896 1273 Sib.
914 1235 1051 1285 Delph.
1072 1235 1093 1274 l.
1106 1235 1183 1282 cit.‚
1197 1236 1262 1273 sed
1283 1250 1358 1274 non
1377 1236 1448 1273 alia
1469 1236 1597 1273 forsan

131 1301 355 1339 auctoritate
369 1313 481 1351 quam
503 1299 706 1337 Clementis
730 1300 825 1337 male
845 1300 1039 1339 intellecti.
1060 1300 1114 1338 Ex
1134 1300 1191 1337 his
1208 1301 1384 1339 omnibus
1407 1301 1499 1351 quid
1519 1302 1598 1339 col-

131 1364 238 1414 ligas,
261 1363 329 1402 nisi
349 1363 395 1401 de
413 1362 607 1414 Delphicis
628 1362 875 1411 carminibus,
896 1363 1068 1414 quamvis
1086 1363 1224 1401 alicubi
1245 1365 1474 1411 memoratis,
1500 1364 1595 1401 nihil

131 1428 288 1466 omnino
317 1428 410 1465 certi
441 1426 488 1465 ab
506 1427 671 1477 antiquis
700 1428 853 1473 afferri,
883 1428 1082 1478 viderique
1111 1442 1154 1466 ea
1174 1428 1222 1466 ab
1242 1429 1435 1480 Erythraeo
1460 1430 1517 1467 vel
1544 1429 1596 1466 ita

131 1493 236 1530 dicto
258 1492 424 1531 carmine
444 1505 520 1530 non
546 1505 626 1530 esse
649 1492 872 1543 separanda.

184 1557 295 1604 Quod
327 1557 358 1595 si
404 1556 514 1595 unius
550 1556 729 1594 carminis
759 1557 841 1594 laus
873 1557 971 1594 inter
1007 1557 1100 1595 duas
1137 1556 1298 1607 Sibyllas
1330 1558 1596 1608 ambiguarum

133 1621 379 1659 traditionum
413 1620 620 1657 certamine
642 1620 822 1658 distracta
850 1628 927 1667 est,
961 1619 1094 1670 quidni
1121 1621 1249 1671 potius
1280 1620 1482 1658 credamus
1503 1620 1595 1658 duas

130 1699 284 1737 quoque
319 1685 484 1736 Sibyllas
511 1698 557 1722 ex
593 1698 667 1722 una
690 1685 828 1731 factas,
862 1697 989 1735 neque
1018 1684 1171 1721 aliunde
1200 1697 1372 1722 manasse
1401 1684 1594 1735 Delphicae

127 1750 282 1801 Sibyllae
304 1750 441 1789 samam
461 1763 574 1800 quam
610 1763 653 1787 ex
685 1750 750 1787 illo
768 1751 851 1800 ipso
876 1749 1063 1798 Erythraei
1079 1749 1257 1787 carminis
1276 1749 1435 1787 exordio
1456 1760 1466 1788 ε

388 1806 440 1852 ΑὮ
459 1812 609 1865 Δελφοὶ,
631 1812 836 1865 θεράποντες
858 1812 1026 1860 ἑκηὸόλου
1047 1811 1273 1860 Ἀπόλλωνος,

388 1874 520 1921 Ἦλθον
539 1879 606 1931 ἐγώ
616 1908 731 1920 .....

126 1945 238 1992 Quod
257 1953 298 1983 ut
315 1945 388 1985 sibi
409 1945 648 1983 vindicarent
670 1944 826 1996 Delphi,
847 1944 1060 1983 necessario
1077 1943 1246 1982 diversas
1273 1943 1421 1982 fabulas
1442 1945 1595 1995 excogi-

127 2016 324 2056 taverunt,
339 2008 481 2059 quibus
500 2009 594 2046 fictae
610 2021 688 2046 suae
703 2007 858 2058 Sibyllae
874 2007 1071 2045 historiam
1088 2006 1385 2058 probabiliorem
1407 2008 1591 2056 facerent,

127 2086 193 2110 seu
213 2080 358 2111 veteres
374 2071 553 2122 quasdam
574 2072 798 2110 traditiones
817 2070 1107 2109 accommodare
1137 2071 1198 2109 isti
1228 2080 1444 2109 commento
1466 2073 1592 2110 eonati

128 2145 225 2174 sunt.
246 2138 343 2175 Hinc
360 2136 423 2174 alii
441 2136 569 2174 nescio
585 2149 699 2186 quam
712 2135 881 2174 Maliacae
900 2135 995 2172 vatis
1018 2136 1251 2173 mentionem
1271 2136 1344 2173 huc
1370 2144 1591 2182 traxerunt3

127 2201 190 2238 alii
218 2201 403 2251 Daphnen
425 2199 724 2250 antiquissimam
752 2200 922 2237 omnium
945 2199 1193 2249 Pythiarum‚
1216 2200 1293 2238 imo
1323 2200 1472 2251 Pythiis
1500 2201 1592 2251 ipsis

127 2266 381 2314 anteriorem,
414 2279 500 2304 cum
528 2265 684 2304 Tiresiae
710 2265 786 2303 filia
815 2266 964 2311 Manto,
995 2264 1025 2302 si
1056 2266 1134 2303 non
1155 2266 1346 2315 personis,
1373 2266 1593 2305 nominibus

127 2338 228 2368 certe
255 2330 530 2376 confuderunt,
565 2338 607 2368 ut
640 2343 686 2377 ex
720 2338 882 2380 utraque
917 2329 1098 2379 Sibyllam
1136 2329 1339 2379 quamdam
1369 2330 1591 2379 Delphicam

125 2393 332 2433 efficerent.
362 2394 436 2434 Sed
470 2395 596 2432 verius
624 2403 681 2431 est
712 2395 948 2444 Erythraeam
983 2394 1160 2444 Sibyllini
1199 2395 1377 2432 carminis
1406 2395 1591 2444 originem

125 2458 207 2497 istis
225 2458 429 2496 mendaciis
452 2459 548 2495 male
571 2458 708 2505 celari3
729 2462 845 2508 atque
866 2459 951 2496 ideo
977 2472 1110 2498 rursus
1131 2458 1179 2496 ad
1203 2459 1398 2498 Pausaniae
1428 2468 1588 2510 mentem

125 2521 359 2566 accedimus,
377 2522 594 2559 advehentis
615 2522 783 2572 Delphos
802 2522 983 2573 Sibyllam
1011 2537 1116 2562 suam
1135 2524 1378 2571 Marpessiam
1400 2536 1463 2560 seu
1486 2524 1589 2560 Mer-

127 2587 300 2625 messiam
320 2600 384 2626 seu
407 2595 618 2624 ceterorum
652 2587 903 2636 Erythraeam,
923 2588 961 2625 id
982 2597 1050 2635 est,
1072 2596 1111 2625 ut
1136 2601 1204 2625 nos
1223 2587 1372 2638 quidem
1405 2588 1589 2638 interpre-

125 2661 263 2697 tamur,
293 2651 460 2702 Delphos
491 2665 610 2702 usque
638 2652 905 2702 prosequentis
938 2651 1170 2691 adulteratas
1203 2653 1335 2690 alienis
1366 2653 1587 2691 commentis

125 2715 309 2754 Asiaticas
325 2715 372 2753 de
390 2714 534 2764 Sibylla
554 2714 787 2753 traditiones.
