1686 3500
642 234 946 299 EXCUBSUS
980 235 1061 302 Vl,
1147 240 1160 304 J
1382 192 1390 203 *
1475 238 1568 285 457

93 335 207 376 variis
226 343 313 375 octo
330 333 519 375 librorum
537 333 631 373 locis
652 332 842 386 disputet,
861 333 1015 372 minime
1038 346 1173 374 curare
1190 342 1256 374 aut
1271 335 1383 374 etiam
1403 335 1570 388 cogitare

92 400 267 450 videtur,
298 413 348 440 an
367 413 501 439 omnes
529 397 663 438 eodem
681 407 851 450 tempore
871 398 945 437 orti
959 398 1021 437 vel
1046 397 1095 437 ab
1115 399 1247 438 iisdem
1265 400 1569 440 Christianorum

92 464 269 519 partibus
290 464 452 518 profecti
482 463 570 506 sint.
598 463 712 511 Quod
732 463 884 512 vitium,
909 472 951 502 ut
978 477 1109 502 verum
1139 463 1347 514 fateamur,
1367 478 1571 506 commune

90 530 208 570 habet
229 544 317 571 cum
333 530 527 584 plerisque
545 529 628 567 aliis
652 529 718 581 qui
741 536 831 567 ante
851 528 926 567 hoc
944 529 1125 568 saeculum
1145 530 1193 569 de
1212 529 1369 582 Sibyllis
1389 540 1570 584 egerunt,

90 605 228 636 etcum
248 597 345 649 ipsis
362 595 542 636 Ecclesiae
562 595 760 641 Patribus,
776 607 871 646 pace
891 594 1038 633 dictum
1062 594 1111 633 sit
1129 603 1349 634 sanctorum
1370 597 1541 638 virorum
1559 614 1568 636 ε

88 663 169 714 qui,
195 662 284 700 licet
315 662 433 700 multa
454 660 574 699 citent
596 674 617 698 e
647 659 845 710 Sibyllinis
869 668 985 711 atque
1007 659 1202 698 interdum
1243 660 1300 710 (ut
1326 674 1405 720 prae
1432 662 1570 701 ceteris

91 727 345 780 Lactantius),
369 726 493 780 probe
507 726 628 764 sciant
645 735 903 777 moneantque
929 739 1005 764 non
1038 726 1164 764 omnia
1197 725 1246 764 ab
1276 721 1408 765 eadem
1428 726 1571 779 Sibylla

89 793 230 845 scripta
259 806 361 839 esse,
406 800 531 830 tamen
554 799 714 829 cunctos
729 790 848 829 libros
868 790 977 829 nullo
997 790 1218 829 discrimine
1239 791 1395 830 laudare
1424 792 1571 843 solent,

64 901 65 905 Ἰ
89 871 225 910 parum
246 865 426 895 caventes
444 864 571 894 utrum
591 855 617 893 ii
641 855 731 893 satis
751 855 848 893 inter
863 867 903 893 se
923 863 1113 906 constent,
1137 869 1184 893 an
1202 868 1250 894 ex
1269 855 1430 907 originis
1445 855 1572 894 varie·

91 931 166 962 tate
185 922 342 961 diversae
361 921 438 959 sint
460 920 564 973 apud
592 920 764 972 singulos
784 919 1035 971 agnoscendae
1056 919 1253 961 doctrinm.

83 1023 88 1029 .
142 987 296 1028 Primus
328 986 431 1025 inter
463 985 696 1024 recentiores
718 985 767 1024 ls.
785 985 944 1024 Vossius
972 983 1236 1024 discernendis
1255 985 1493 1038 singulorum
1521 986 1571 1025 li-

86 1054 243 1093 brorum
274 1051 449 1090 aetatibus
469 1059 507 1089 et
527 1050 688 1103 ingeniis
710 1050 800 1088 utile
820 1050 966 1101 aliquid
983 1050 1289 1099 allaboraverat,
1310 1064 1426 1103 opere
1445 1050 1493 1089 de
1511 1051 1572 1090 Si·

87 1119 241 1172 byllinis
270 1118 376 1157 edito
402 1117 585 1166 Oxouiae,
610 1118 721 1163 1680,
743 1116 798 1154 in-
810 1114 876 1163 8⁰3
899 1115 966 1155 sed
992 1130 1069 1154 non
1099 1124 1206 1155 tanto
1235 1116 1428 1168 prosectu,
1453 1130 1571 1169 quan-

88 1194 167 1223 tum
189 1197 235 1222 ex
254 1183 338 1222 talis
354 1182 423 1221 viri
442 1195 561 1234 opera
578 1194 806 1233 summaque
824 1180 905 1233 ejus
926 1181 1029 1220 circa
1047 1190 1213 1221 veterem
1237 1182 1466 1235 theologiam
1483 1195 1573 1222 eru-

86 1250 232 1289 ditione
253 1261 410 1300 sperare
427 1247 606 1286 licuisset.

139 1315 277 1354 Nostra
303 1322 413 1352 aetate
433 1314 493 1352 vir
512 1312 776 1358 doctissimus.
806 1321 896 1351 ante
917 1325 1063 1365 paucos
1085 1326 1207 1352 annos
1227 1314 1409 1363 amissus,
1438 1313 1571 1354 Thor-

88 1381 230 1428 lacius,
251 1379 345 1418 duas
363 1379 527 1432 protulit
548 1379 710 1417 multum
729 1378 774 1416 ad
797 1391 876 1416 reni
896 1387 1066 1418 nostram
1089 1380 1273 1418 facientes
1293 1379 1571 1431 disputationes

65 1461 69 1465 ’
87 1444 141 1483 sic
160 1444 365 1497 inscriptas
384 1459 398 1482 ι
414 1463 428 1477 ι
444 1443 550 1483 Libri
569 1443 852 1494 Sibyllistarum
881 1444 1018 1483 veteris
1042 1445 1222 1484 Ecclesiae
1240 1445 1355 1492 crisi,
1383 1433 1572 1497 quatenus

85 1528 100 1544 «ι
121 1518 369 1548 monumenta
392 1508 600 1548 christiana
628 1518 738 1557 sunt,
773 1508 951 1560 subjecti.
979 1510 1157 1559 llavniae,
1192 1511 1303 1558 1815,
1323 1510 1372 1550 8⁰.
1397 1532 1450 1541 —
1469 1510 1571 1549 Con·

88 1592 102 1607 n
119 1583 272 1626 spectus
293 1574 480 1613 doctrinae
499 1574 717 1613 christianae
730 1605 741 1626 ,
762 1574 886 1626 qualis
904 1575 942 1612 iu
963 1575 1245 1626 Sibyllistarum
1274 1575 1381 1614 libris
1400 1576 1572 1614 contine-

88 1659 103 1674 «
119 1648 193 1679 tur.
219 1640 385 1688 llavniae‚
410 1640 523 1688 1816,
541 1638 626 1680 8⁰».
649 1640 683 1679 ls
698 1640 819 1678 multo
840 1640 1054 1679 accuratius
1081 1654 1196 1692 quam
1211 1640 1301 1679 olim
1320 1640 1358 1678 in
1377 1640 1491 1679 simili
1512 1653 1572 1678 ar-

87 1714 268 1758 gumento
282 1705 520 1753 sslondellus,
533 1718 692 1743 munere
706 1718 777 1743 suo
794 1701 1000 1744 defunctus
1015 1714 1072 1744 est
1084 1705 1275 1746 :diversas
1292 1706 1393 1744 enim
1406 1705 1571 1758 origines

87 1785 163 1809 non
187 1770 372 1810 librorum
385 1770 520 1817 modo,
535 1771 651 1809 sedin
664 1770 824 1822 singulis
845 1769 954 1809 libris
973 1770 1209 1822 singularum
1228 1784 1384 1821 quoque
1402 1770 1569 1822 partium

88 1835 304 1875 discernere
337 1843 499 1874 conatus
525 1844 596 1874 est.
627 1836 769 1874 Fucum
791 1843 916 1873 tamen
938 1835 1010 1886 ipsi
1033 1836 1173 1886 saepius
1193 1835 1280 1874 fecit
1301 1843 1570 1887 praeoccupata

88 1901 206 1952 gratis
219 1892 377 1952 opinio,
404 1900 522 1939 libros
543 1913 675 1938 omnes
697 1899 908 1950 Sibyllinos
927 1899 1136 1938 hodiernos
1156 1913 1204 1938 ex
1229 1900 1493 1950 antiquiorum
1510 1900 1569 1938 la-

87 1966 200 2004 ciniis
217 1966 440 2005 recentiore
453 1978 567 2004 manu
583 1973 766 2003 consutos
779 1978 861 2003 esse
882 1983 890 2006 =
910 1977 1030 2016 porro
1051 1964 1288 2016 antiquiores
1305 1965 1391 2003 illos
1408 1965 1571 2017 duplicis

89 2032 204 2070 fuisse
224 2031 400 2083 generis,
424 2031 475 2069 ita
500 2039 542 2068 ut
566 2038 742 2069 auctores
767 2030 955 2069 haberent
982 2030 1093 2068 alteri
1113 2029 1269 2081 quidem
1297 2030 1571 2070 hellcnizantes

89 2096 348 2145 Christianos,
364 2096 476 2134 alteri
497 2109 588 2135 vero
611 2095 878 2145 judaizantem
901 2095 1002 2134 idem
1028 2095 1265 2147 singularum
1285 2095 1322 2133 in
1342 2095 1501 2147 singulis
1523 2095 1570 2134 li·-
1627 2100 1630 2101 ’

89 2161 169 2200 bris
188 2162 412 2200 laciniarum
437 2161 641 2199 discrimen
664 2173 746 2199 esse
776 2159 1142 2211 habendum.Atque
1174 2160 1223 2198 ita
1251 2159 1389 2198 librum
1422 2172 1572 2198 unum-

88 2240 278 2278 quemque
301 2227 338 2264 in
357 2226 528 2265 membra
552 2240 618 2264 seu
645 2226 771 2264 verius
793 2225 914 2263 frusta
940 2225 1169 2276 dispescuit,
1188 2225 1352 2263 vicissim
1373 2225 1473 2263 hanc
1491 2225 1571 2264 sive

90 2293 192 2331 illam
213 2292 428 2331 doctrinam
446 2292 605 2344 singulis
624 2290 822 2343 particulis
839 2290 1078 2329 attribuens:
1099 2290 1204 2342 quod
1226 2304 1247 2329 a
1267 2300 1397 2329 nostra
1413 2300 1569 2330 senten·

92 2360 141 2395 tia
160 2357 321 2395 multum
338 2356 482 2401 differt,
495 2356 562 2407 qui
578 2364 712 2394 contra
727 2356 764 2393 iu
784 2357 872 2394 Exc.
884 2357 915 2394 V
931 2355 1042 2394 enixe
1055 2356 1414 2402 demonstravimus,
1434 2365 1571 2407 praeter

90 2420 211 2460 libros
233 2422 246 2460 1
270 2430 307 2459 et
328 2422 385 2468 ll,
402 2420 451 2459 ab
475 2421 731 2472 epitomatore
762 2433 833 2458 suo
863 2429 1112 2470 retractatos,
1130 2430 1169 2458 et
1190 2420 1307 2458 libros
1335 2420 1387 2459 ΙΙΙ
1405 2428 1441 2458 et
1464 2421 1570 2468 vm,

90 2487 128 2524 in
148 2495 343 2537 segmenta
359 2486 532 2538 quaedam
550 2486 724 2537 longiora
744 2493 882 2536 sp'onte
902 2484 1158 2533 discedentes,
1183 2494 1332 2523 ceteros
1353 2498 1487 2524 omnes
1507 2485 1569 2523 in-

94 2560 221 2603 tegros
240 2552 286 2589 ad
311 2566 380 2590 nos
400 2565 520 2602 usque
540 2551 738 2597 mansisse,
760 2563 802 2588 ac
823 2554 886 2587 vix
913 2548 1055 2587 alicubi
1082 2549 1236 2587 brevem
1258 2549 1423 2600 aliquam
1456 2550 1572 2588 inter-

94 2616 325 2667 polationem
346 2629 428 2655 esse
450 2629 595 2668 passos.
1460 2606 1482 2623 ⁶

145 2681 326 2730 Cautius,
342 2693 467 2731 eoque
485 2680 624 2718 rectius
642 2687 681 2717 et
698 2679 860 2727 certius,
879 2678 980 2716 idem
995 2678 1068 2716 iter
1086 2678 1277 2730 persecuti
1295 2686 1383 2716 sunt
1399 2677 1468 2716 viri
1485 2691 1573 2716 eru·
1631 2718 1637 2725 ,

95 2745 251 2783 ditionis
278 2744 393 2782 laude
419 2744 703 2796 praecellentes,
728 2743 902 2782 Bleekiiis
925 2751 963 2781 et
983 2744 1190 2781 Gsro‘rerus
1206 2772 1216 2789 ,
1238 2742 1423 2793 operibus
1446 2742 1571 2780 citatis

52 2843 54 2845 .
96 2811 132 2847 in
156 2810 248 2849 Exc.
271 2810 315 2858 V,
344 2822 427 2860 pag.
462 2809 536 2846 322
567 2809 714 2860 (confer
738 2816 775 2846 et
804 2808 921 2857 infra,
947 2807 1132 2859 Bibliogr.
1156 2805 1334 2859 Sibyll.):
1361 2807 1427 2858 qui
1456 2806 1570 2845 ambo

95 2875 206 2925 louge
227 2865 422 2925 parciores
446 2872 654 2911 Thorlacio
684 2872 838 2910 fuerunt
861 2872 901 2909 iu
935 2872 1198 2923 discerpendis
1224 2871 1423 2922 Sibyllinis
1442 2872 1569 2918 libris,

98 2952 138 2975 ac
177 2938 223 2976 de
248 2937 399 2976 indiciis
430 2936 654 2988 colligendis
687 2937 924 2987 singulorum
959 2937 1078 2974 aetatis
1112 2936 1374 2986 doctrinzeque
1410 2934 1571 2986 diligen—
