<?xml version="1.0" encoding="UTF-8"?>
<!DOCTYPE html PUBLIC "-//W3C//DTD XHTML 1.0 Transitional//EN"
    "http://www.w3.org/TR/xhtml1/DTD/xhtml1-transitional.dtd">
<html xmlns="http://www.w3.org/1999/xhtml" xml:lang="en" lang="en">
 <head>
  <title>
</title>
<meta http-equiv="Content-Type" content="text/html;charset=utf-8" />
  <meta name='ocr-system' content='tesseract 3.04.00' />
  <meta name='ocr-capabilities' content='ocr_page ocr_carea ocr_par ocr_line ocrx_word'/>
</head>
<body>
  <div class='ocr_page' id='page_1' title='image "./excursusadsibyll00alexuoft_0414.png"; bbox 0 0 1686 3500; ppageno 0'>
   <div class='ocr_carea' id='block_1_1' title="bbox 587 202 1527 284">
    <p class='ocr_par' dir='ltr' id='par_1_1' title="bbox 587 202 1527 284">
     <span class='ocr_line' id='line_1_1' title="bbox 587 202 1527 284; baseline 0.001 -13"><span class='ocrx_word' id='word_1_1' title='bbox 587 225 896 274; x_wconf 76' lang='lat' dir='ltr'>Excusssus</span> <span class='ocrx_word' id='word_1_2' title='bbox 918 226 989 284; x_wconf 10' lang='lat' dir='ltr'>iv.</span> <span class='ocrx_word' id='word_1_3' title='bbox 1120 266 1121 269; x_wconf 73' lang='grc'>,</span> <span class='ocrx_word' id='word_1_4' title='bbox 1367 202 1375 212; x_wconf 72' lang='grc'><strong>“</strong></span> <span class='ocrx_word' id='word_1_5' title='bbox 1431 226 1527 273; x_wconf 73' lang='lat'>405</span> 
     </span>
    </p>
   </div>
   <div class='ocr_carea' id='block_1_2' title="bbox 22 302 1569 2968">
    <p class='ocr_par' dir='ltr' id='par_1_2' title="bbox 22 302 1569 2968">
     <span class='ocr_line' id='line_1_2' title="bbox 45 302 1529 374; baseline 0.001 -16"><span class='ocrx_word' id='word_1_6' title='bbox 45 327 234 372; x_wconf 71' lang='lat' dir='ltr'>praecepta</span> <span class='ocrx_word' id='word_1_7' title='bbox 256 320 388 372; x_wconf 77' lang='lat' dir='ltr'>paucis</span> <span class='ocrx_word' id='word_1_8' title='bbox 416 302 610 369; x_wconf 75' lang='lat' dir='ltr'>versibus,</span> <span class='ocrx_word' id='word_1_9' title='bbox 633 321 734 360; x_wconf 83' lang='lat' dir='ltr'>binis</span> <span class='ocrx_word' id='word_1_10' title='bbox 752 330 846 374; x_wconf 85' lang='lat' dir='ltr'>puta</span> <span class='ocrx_word' id='word_1_11' title='bbox 868 320 926 360; x_wconf 87' lang='lat' dir='ltr'>vel</span> <span class='ocrx_word' id='word_1_12' title='bbox 947 319 1065 360; x_wconf 85' lang='lat' dir='ltr'>ternis</span> <span class='ocrx_word' id='word_1_13' title='bbox 1091 310 1149 357; x_wconf 84' lang='lat' dir='ltr'>vel</span> <span class='ocrx_word' id='word_1_14' title='bbox 1174 318 1275 358; x_wconf 79' lang='lat' dir='ltr'>haud</span> <span class='ocrx_word' id='word_1_15' title='bbox 1296 320 1418 358; x_wconf 87' lang='lat' dir='ltr'>multo</span> <span class='ocrx_word' id='word_1_16' title='bbox 1443 320 1529 372; x_wconf 88' lang='lat' dir='ltr'>plu·</span> 
     </span>
     <span class='ocr_line' id='line_1_3' title="bbox 44 382 1569 441; baseline 0.001 -18"><span class='ocrx_word' id='word_1_17' title='bbox 44 384 174 433; x_wconf 80' lang='lat' dir='ltr'>ribus,</span> <span class='ocrx_word' id='word_1_18' title='bbox 192 393 389 434; x_wconf 82' lang='lat' dir='ltr'>contenta,</span> <span class='ocrx_word' id='word_1_19' title='bbox 412 399 519 438; x_wconf 83' lang='lat' dir='ltr'>quae,</span> <span class='ocrx_word' id='word_1_20' title='bbox 540 395 634 425; x_wconf 83' lang='lat' dir='ltr'>teste</span> <span class='ocrx_word' id='word_1_21' title='bbox 650 385 770 426; x_wconf 86' lang='lat' dir='ltr'>Suida</span> <span class='ocrx_word' id='word_1_22' title='bbox 783 415 795 436; x_wconf 92' lang='lat'><strong>,</strong></span> <span class='ocrx_word' id='word_1_23' title='bbox 815 384 987 441; x_wconf 76' lang='grc' dir='ltr'>κεφάλαια</span> <span class='ocrx_word' id='word_1_24' title='bbox 1007 384 1121 437; x_wconf 77' lang='lat' dir='ltr'>vulgo</span> <span class='ocrx_word' id='word_1_25' title='bbox 1140 382 1462 433; x_wconf 76' lang='lat' dir='ltr'>inscribebantur,</span> <span class='ocrx_word' id='word_1_26' title='bbox 1491 393 1530 424; x_wconf 86' lang='lat' dir='ltr'>et</span> <span class='ocrx_word' id='word_1_27' title='bbox 1566 382 1569 385; x_wconf 50' lang='lat'>¹</span> 
     </span>
     <span class='ocr_line' id='line_1_4' title="bbox 43 447 1529 503; baseline 0.001 -16"><span class='ocrx_word' id='word_1_28' title='bbox 43 462 208 501; x_wconf 87' lang='lat' dir='ltr'>quorum</span> <span class='ocrx_word' id='word_1_29' title='bbox 227 450 393 502; x_wconf 82' lang='lat' dir='ltr'>speciem</span> <span class='ocrx_word' id='word_1_30' title='bbox 413 451 646 503; x_wconf 79' lang='lat' dir='ltr'>descriptam</span> <span class='ocrx_word' id='word_1_31' title='bbox 667 451 940 503; x_wconf 82' lang='lat' dir='ltr'><strong>specimenque</strong></span> <span class='ocrx_word' id='word_1_32' title='bbox 954 458 1147 489; x_wconf 84' lang='lat' dir='ltr'>servatum</span> <span class='ocrx_word' id='word_1_33' title='bbox 1162 447 1348 488; x_wconf 85' lang='lat' dir='ltr'>habemus</span> <span class='ocrx_word' id='word_1_34' title='bbox 1363 462 1386 488; x_wconf 83' lang='lat' dir='ltr'>a</span> <span class='ocrx_word' id='word_1_35' title='bbox 1407 451 1529 500; x_wconf 79' lang='lat' dir='ltr'>Dione</span> 
     </span>
     <span class='ocr_line' id='line_1_5' title="bbox 43 512 1526 568; baseline 0 -16"><span class='ocrx_word' id='word_1_36' title='bbox 43 514 345 564; x_wconf 69' lang='lat' dir='ltr'>Chrysostomo,</span> <span class='ocrx_word' id='word_1_37' title='bbox 367 517 474 556; x_wconf 85' lang='lat' dir='ltr'>Orat.</span> <span class='ocrx_word' id='word_1_38' title='bbox 490 516 669 565; x_wconf 78' lang='lat' dir='ltr'><strong>XXXVI,</strong></span> <span class='ocrx_word' id='word_1_39' title='bbox 695 529 733 568; x_wconf 86' lang='lat' dir='ltr'>p.</span> <span class='ocrx_word' id='word_1_40' title='bbox 756 515 906 566; x_wconf 85' lang='lat' dir='ltr'>79,.ed.</span> <span class='ocrx_word' id='word_1_41' title='bbox 935 512 1171 555; x_wconf 68' lang='lat' dir='ltr'>neisk.:1&lt;at</span> <span class='ocrx_word' id='word_1_42' title='bbox 1190 512 1258 566; x_wconf 77' lang='grc' dir='ltr'>γάρ</span> <span class='ocrx_word' id='word_1_43' title='bbox 1279 514 1372 553; x_wconf 83' lang='grc' dir='ltr'>ἐστιν</span> <span class='ocrx_word' id='word_1_44' title='bbox 1389 512 1422 566; x_wconf 80' lang='grc' dir='ltr'>[ὃ</span> <span class='ocrx_word' id='word_1_45' title='bbox 1441 515 1526 552; x_wconf 74' lang='grc' dir='ltr'>ψω-</span> 
     </span>
     <span class='ocr_line' id='line_1_6' title="bbox 42 575 1529 633; baseline 0.001 -17"><span class='ocrx_word' id='word_1_46' title='bbox 42 576 200 630; x_wconf 74' lang='grc' dir='ltr'>κυλίδης]</span> <span class='ocrx_word' id='word_1_47' title='bbox 221 580 349 621; x_wconf 77' lang='grc' dir='ltr'>αὐτῶν</span> <span class='ocrx_word' id='word_1_48' title='bbox 375 578 513 633; x_wconf 74' lang='grc' dir='ltr'>μακράν</span> <span class='ocrx_word' id='word_1_49' title='bbox 537 595 615 619; x_wconf 78' lang='grc' dir='ltr'>τινα</span> <span class='ocrx_word' id='word_1_50' title='bbox 637 580 697 618; x_wconf 79' lang='grc' dir='ltr'>καὶ</span> <span class='ocrx_word' id='word_1_51' title='bbox 721 582 851 632; x_wconf 74' lang='grc' dir='ltr'>συνεχῆ</span> <span class='ocrx_word' id='word_1_52' title='bbox 868 579 1009 627; x_wconf 75' lang='grc' dir='ltr'><strong>ποίησιν</strong></span> <span class='ocrx_word' id='word_1_53' title='bbox 1036 576 1228 632; x_wconf 73' lang='grc' dir='ltr'>εὑρόντων,</span> <span class='ocrx_word' id='word_1_54' title='bbox 1246 575 1337 616; x_wconf 81' lang='grc' dir='ltr'>ἀλλὰ</span> <span class='ocrx_word' id='word_1_55' title='bbox 1362 576 1452 616; x_wconf 81' lang='grc' dir='ltr'>κατὰ</span> <span class='ocrx_word' id='word_1_56' title='bbox 1471 577 1529 617; x_wconf 79' lang='grc' dir='ltr'>δύο</span> 
     </span>
     <span class='ocr_line' id='line_1_7' title="bbox 41 640 1530 697; baseline -0.001 -17"><span class='ocrx_word' id='word_1_57' title='bbox 41 641 101 680; x_wconf 78' lang='grc' dir='ltr'>καὶ</span> <span class='ocrx_word' id='word_1_58' title='bbox 113 641 192 694; x_wconf 77' lang='grc' dir='ltr'>τρία</span> <span class='ocrx_word' id='word_1_59' title='bbox 209 641 278 690; x_wconf 83' lang='grc' dir='ltr'>ἔπη</span> <span class='ocrx_word' id='word_1_60' title='bbox 300 644 394 696; x_wconf 80' lang='grc' dir='ltr'>αὐτῷ</span> <span class='ocrx_word' id='word_1_61' title='bbox 412 644 472 682; x_wconf 76' lang='grc' dir='ltr'>καὶ</span> <span class='ocrx_word' id='word_1_62' title='bbox 487 642 600 697; x_wconf 82' lang='grc' dir='ltr'>ἀρχὴν</span> <span class='ocrx_word' id='word_1_63' title='bbox 622 647 645 691; x_wconf 81' lang='grc' dir='ltr'>ἡ</span> <span class='ocrx_word' id='word_1_64' title='bbox 664 644 804 691; x_wconf 84' lang='grc' dir='ltr'>ποίησις</span> <span class='ocrx_word' id='word_1_65' title='bbox 820 643 879 682; x_wconf 75' lang='grc' dir='ltr'>καὶ</span> <span class='ocrx_word' id='word_1_66' title='bbox 891 641 1000 696; x_wconf 82' lang='grc' dir='ltr'><strong>πέρας</strong></span> <span class='ocrx_word' id='word_1_67' title='bbox 1012 640 1201 693; x_wconf 75' lang='grc' dir='ltr'>λαμὸάνει,</span> <span class='ocrx_word' id='word_1_68' title='bbox 1216 640 1307 680; x_wconf 76' lang='grc' dir='ltr'>ὥστε</span> <span class='ocrx_word' id='word_1_69' title='bbox 1322 640 1530 695; x_wconf 78' lang='grc' dir='ltr'>προστίθησι</span> 
     </span>
     <span class='ocr_line' id='line_1_8' title="bbox 42 705 1527 761; baseline -0.001 -17"><span class='ocrx_word' id='word_1_70' title='bbox 42 705 80 745; x_wconf 79' lang='grc' dir='ltr'>τὸ</span> <span class='ocrx_word' id='word_1_71' title='bbox 102 706 215 759; x_wconf 81' lang='grc' dir='ltr'>ὄνομα</span> <span class='ocrx_word' id='word_1_72' title='bbox 233 709 338 748; x_wconf 78' lang='grc' dir='ltr'>αὑτοῦ</span> <span class='ocrx_word' id='word_1_73' title='bbox 358 710 435 746; x_wconf 81' lang='grc' dir='ltr'>καθ’</span> <span class='ocrx_word' id='word_1_74' title='bbox 453 708 598 748; x_wconf 77' lang='grc' dir='ltr'>ἕκαστον</span> <span class='ocrx_word' id='word_1_75' title='bbox 618 708 812 761; x_wconf 74' lang='grc' dir='ltr'>διανόημα,</span> <span class='ocrx_word' id='word_1_76' title='bbox 831 708 942 760; x_wconf 85' lang='lat' dir='ltr'>cujus</span> <span class='ocrx_word' id='word_1_77' title='bbox 961 706 1067 745; x_wconf 90' lang='lat' dir='ltr'>modi</span> <span class='ocrx_word' id='word_1_78' title='bbox 1090 705 1309 758; x_wconf 83' lang='lat' dir='ltr'>exemplum</span> <span class='ocrx_word' id='word_1_79' title='bbox 1329 705 1490 743; x_wconf 75' lang='lat' dir='ltr'>affertur</span> <span class='ocrx_word' id='word_1_80' title='bbox 1507 719 1527 743; x_wconf 86' lang='lat' dir='ltr'>a</span> 
     </span>
     <span class='ocr_line' id='line_1_9' title="bbox 45 770 362 810; baseline 0.003 -1"><span class='ocrx_word' id='word_1_81' title='bbox 45 770 169 809; x_wconf 83' lang='lat' dir='ltr'>Dione</span> <span class='ocrx_word' id='word_1_82' title='bbox 189 770 331 810; x_wconf 84' lang='lat' dir='ltr'>ibidem</span> <span class='ocrx_word' id='word_1_83' title='bbox 355 787 362 809; x_wconf 94' lang='lat'><strong>:</strong></span> 
     </span>
     <span class='ocr_line' id='line_1_10' title="bbox 200 834 1253 890; baseline -0.001 -16"><span class='ocrx_word' id='word_1_84' title='bbox 200 835 273 875; x_wconf 83' lang='grc' dir='ltr'>Καὶ</span> <span class='ocrx_word' id='word_1_85' title='bbox 290 836 371 875; x_wconf 80' lang='grc' dir='ltr'>τόδε</span> <span class='ocrx_word' id='word_1_86' title='bbox 387 837 606 876; x_wconf 80' lang='grc' dir='ltr'>ψωκυλίδεω</span> <span class='ocrx_word' id='word_1_87' title='bbox 619 852 626 861; x_wconf 85' lang='grc'><em>·</em></span> <span class='ocrx_word' id='word_1_88' title='bbox 647 837 756 883; x_wconf 80' lang='grc' dir='ltr'>Πόλις</span> <span class='ocrx_word' id='word_1_89' title='bbox 772 839 808 876; x_wconf 81' lang='grc' dir='ltr'>ἐν</span> <span class='ocrx_word' id='word_1_90' title='bbox 831 836 994 890; x_wconf 80' lang='grc' dir='ltr'>σκοπέλῳ</span> <span class='ocrx_word' id='word_1_91' title='bbox 1014 834 1104 875; x_wconf 79' lang='grc' dir='ltr'>κατὰ</span> <span class='ocrx_word' id='word_1_92' title='bbox 1122 834 1253 886; x_wconf 85' lang='grc' dir='ltr'>κόσμον</span> 
     </span>
     <span class='ocr_line' id='line_1_11' title="bbox 201 899 1088 956; baseline 0.001 -16"><span class='ocrx_word' id='word_1_93' title='bbox 201 901 357 940; x_wconf 82' lang='grc' dir='ltr'>Οἷκεῧσα</span> <span class='ocrx_word' id='word_1_94' title='bbox 380 900 512 955; x_wconf 82' lang='grc' dir='ltr'>σμικρὴ</span> <span class='ocrx_word' id='word_1_95' title='bbox 530 902 696 956; x_wconf 81' lang='grc' dir='ltr'>κρείττων</span> <span class='ocrx_word' id='word_1_96' title='bbox 720 902 826 943; x_wconf 75' lang='grc' dir='ltr'>Νίνου</span> <span class='ocrx_word' id='word_1_97' title='bbox 843 899 1088 955; x_wconf 78' lang='grc' dir='ltr'>ἀφραινούσης.</span> 
     </span>
     <span class='ocr_line' id='line_1_12' title="bbox 47 964 1532 1019; baseline -0.002 -15"><span class='ocrx_word' id='word_1_98' title='bbox 47 966 91 1004; x_wconf 83' lang='lat' dir='ltr'>Et</span> <span class='ocrx_word' id='word_1_99' title='bbox 109 965 183 1004; x_wconf 87' lang='lat' dir='ltr'>alia</span> <span class='ocrx_word' id='word_1_100' title='bbox 203 966 240 1003; x_wconf 89' lang='lat' dir='ltr'>in</span> <span class='ocrx_word' id='word_1_101' title='bbox 252 966 352 1004; x_wconf 85' lang='lat' dir='ltr'>hanc</span> <span class='ocrx_word' id='word_1_102' title='bbox 371 967 532 1005; x_wconf 82' lang='lat' dir='ltr'>formam</span> <span class='ocrx_word' id='word_1_103' title='bbox 551 967 784 1019; x_wconf 87' lang='lat' dir='ltr'>Phocylidea</span> <span class='ocrx_word' id='word_1_104' title='bbox 796 968 1008 1018; x_wconf 81' lang='lat' dir='ltr'>fragmenta</span> <span class='ocrx_word' id='word_1_105' title='bbox 1029 966 1132 1018; x_wconf 85' lang='lat' dir='ltr'>apud</span> <span class='ocrx_word' id='word_1_106' title='bbox 1149 964 1392 1012; x_wconf 74' lang='lat' dir='ltr'><strong>Strabonem,</strong></span> <span class='ocrx_word' id='word_1_107' title='bbox 1409 964 1532 1016; x_wconf 78' lang='lat' dir='ltr'>Phry-</span> 
     </span>
     <span class='ocr_line' id='line_1_13' title="bbox 42 1030 1531 1084; baseline -0.001 -15"><span class='ocrx_word' id='word_1_108' title='bbox 42 1031 200 1070; x_wconf 76' lang='lat' dir='ltr'>niclium</span> <span class='ocrx_word' id='word_1_109' title='bbox 236 1033 528 1083; x_wconf 81' lang='lat' dir='ltr'>grammaticum</span> <span class='ocrx_word' id='word_1_110' title='bbox 554 1042 592 1072; x_wconf 88' lang='lat' dir='ltr'>ct</span> <span class='ocrx_word' id='word_1_111' title='bbox 629 1033 849 1084; x_wconf 66' lang='lat' dir='ltr'>stobaeum,</span> <span class='ocrx_word' id='word_1_112' title='bbox 869 1034 936 1078; x_wconf 39' lang='lat' dir='ltr'>,vel</span> <span class='ocrx_word' id='word_1_113' title='bbox 961 1034 993 1071; x_wconf 89' lang='lat' dir='ltr'>si</span> <span class='ocrx_word' id='word_1_114' title='bbox 1022 1031 1128 1070; x_wconf 82' lang='lat' dir='ltr'><strong>deest</strong></span> <span class='ocrx_word' id='word_1_115' title='bbox 1155 1032 1274 1070; x_wconf 88' lang='lat' dir='ltr'>otium</span> <span class='ocrx_word' id='word_1_116' title='bbox 1291 1060 1301 1078; x_wconf 95' lang='lat'>,</span> <span class='ocrx_word' id='word_1_117' title='bbox 1327 1030 1427 1069; x_wconf 85' lang='lat' dir='ltr'>inter</span> <span class='ocrx_word' id='word_1_118' title='bbox 1453 1031 1531 1069; x_wconf 82' lang='lat' dir='ltr'>fra-</span> 
     </span>
     <span class='ocr_line' id='line_1_14' title="bbox 41 1084 1529 1149; baseline 0 -16"><span class='ocrx_word' id='word_1_119' title='bbox 41 1104 192 1148; x_wconf 83' lang='lat' dir='ltr'>gmenta</span> <span class='ocrx_word' id='word_1_120' title='bbox 219 1097 334 1149; x_wconf 79' lang='lat' dir='ltr'>vulgo</span> <span class='ocrx_word' id='word_1_121' title='bbox 362 1097 609 1149; x_wconf 81' lang='lat' dir='ltr'>Phocylideis</span> <span class='ocrx_word' id='word_1_122' title='bbox 630 1097 865 1136; x_wconf 83' lang='lat' dir='ltr'>editionibus</span> <span class='ocrx_word' id='word_1_123' title='bbox 896 1096 1027 1135; x_wconf 85' lang='lat' dir='ltr'>addita</span> <span class='ocrx_word' id='word_1_124' title='bbox 1054 1096 1238 1148; x_wconf 76' lang='lat' dir='ltr'><strong>reperias,</strong></span> <span class='ocrx_word' id='word_1_125' title='bbox 1256 1084 1422 1147; x_wconf 79' lang='lat' dir='ltr'>quorum</span> <span class='ocrx_word' id='word_1_126' title='bbox 1446 1095 1529 1147; x_wconf 89' lang='lat' dir='ltr'>ple-</span> 
     </span>
     <span class='ocr_line' id='line_1_15' title="bbox 43 1161 1118 1212; baseline 0.003 -14"><span class='ocrx_word' id='word_1_127' title='bbox 43 1161 172 1212; x_wconf 83' lang='lat' dir='ltr'>risque</span> <span class='ocrx_word' id='word_1_128' title='bbox 191 1174 398 1200; x_wconf 86' lang='lat' dir='ltr'>commune</span> <span class='ocrx_word' id='word_1_129' title='bbox 417 1163 568 1201; x_wconf 88' lang='lat' dir='ltr'>initium</span> <span class='ocrx_word' id='word_1_130' title='bbox 586 1172 665 1201; x_wconf 88' lang='lat' dir='ltr'>est:</span> <span class='ocrx_word' id='word_1_131' title='bbox 692 1161 765 1202; x_wconf 75' lang='grc' dir='ltr'>Καὶ</span> <span class='ocrx_word' id='word_1_132' title='bbox 783 1162 862 1200; x_wconf 83' lang='grc' dir='ltr'>τόδε</span> <span class='ocrx_word' id='word_1_133' title='bbox 883 1161 1118 1201; x_wconf 73' lang='grc' dir='ltr'>Φωκυλίδεω.</span> 
     </span>
     <span class='ocr_line' id='line_1_16' title="bbox 95 1217 1528 1279; baseline -0.001 -15"><span class='ocrx_word' id='word_1_134' title='bbox 95 1227 138 1264; x_wconf 84' lang='grc' dir='ltr'>1η</span> <span class='ocrx_word' id='word_1_135' title='bbox 168 1228 340 1266; x_wconf 85' lang='lat' dir='ltr'>carmine</span> <span class='ocrx_word' id='word_1_136' title='bbox 363 1236 514 1276; x_wconf 86' lang='lat' dir='ltr'>autem,</span> <span class='ocrx_word' id='word_1_137' title='bbox 547 1228 652 1279; x_wconf 80' lang='lat' dir='ltr'>qnod</span> <span class='ocrx_word' id='word_1_138' title='bbox 690 1217 808 1265; x_wconf 83' lang='lat' dir='ltr'>hodie</span> <span class='ocrx_word' id='word_1_139' title='bbox 839 1226 910 1265; x_wconf 89' lang='lat' dir='ltr'>sub</span> <span class='ocrx_word' id='word_1_140' title='bbox 944 1225 1169 1277; x_wconf 82' lang='lat' dir='ltr'>Phocylidis</span> <span class='ocrx_word' id='word_1_141' title='bbox 1199 1225 1354 1264; x_wconf 89' lang='lat' dir='ltr'>nomine</span> <span class='ocrx_word' id='word_1_142' title='bbox 1381 1233 1528 1272; x_wconf 69' lang='lat' dir='ltr'>exstat,</span> 
     </span>
     <span class='ocr_line' id='line_1_17' title="bbox 41 1290 1531 1344; baseline 0 -16"><span class='ocrx_word' id='word_1_143' title='bbox 41 1290 221 1342; x_wconf 86' lang='lat' dir='ltr'>quodque</span> <span class='ocrx_word' id='word_1_144' title='bbox 242 1305 318 1330; x_wconf 89' lang='lat' dir='ltr'>non</span> <span class='ocrx_word' id='word_1_145' title='bbox 342 1290 514 1344; x_wconf 77' lang='grc' dir='ltr'>κεφάλαια</span> <span class='ocrx_word' id='word_1_146' title='bbox 527 1322 537 1340; x_wconf 87' lang='grc'><em>,</em></span> <span class='ocrx_word' id='word_1_147' title='bbox 557 1293 622 1332; x_wconf 85' lang='lat' dir='ltr'>sed</span> <span class='ocrx_word' id='word_1_148' title='bbox 644 1291 838 1331; x_wconf 73' lang='grc' dir='ltr'>νουθετικόν</span> <span class='ocrx_word' id='word_1_149' title='bbox 852 1322 863 1341; x_wconf 91' lang='lat'><strong>,</strong></span> <span class='ocrx_word' id='word_1_150' title='bbox 883 1291 1075 1330; x_wconf 89' lang='lat' dir='ltr'>vocabulo</span> <span class='ocrx_word' id='word_1_151' title='bbox 1095 1291 1253 1329; x_wconf 87' lang='lat' dir='ltr'>minime</span> <span class='ocrx_word' id='word_1_152' title='bbox 1272 1290 1451 1343; x_wconf 88' lang='lat' dir='ltr'>antiquo,</span> <span class='ocrx_word' id='word_1_153' title='bbox 1471 1291 1531 1328; x_wconf 87' lang='lat' dir='ltr'>in-</span> 
     </span>
     <span class='ocr_line' id='line_1_18' title="bbox 41 1355 1532 1410; baseline 0 -17"><span class='ocrx_word' id='word_1_154' title='bbox 41 1355 244 1404; x_wconf 80' lang='lat' dir='ltr'>scribitur,</span> <span class='ocrx_word' id='word_1_155' title='bbox 266 1357 452 1396; x_wconf 88' lang='lat' dir='ltr'>continua</span> <span class='ocrx_word' id='word_1_156' title='bbox 469 1367 750 1410; x_wconf 67' lang='lat' dir='ltr'>praeceptorum</span> <span class='ocrx_word' id='word_1_157' title='bbox 768 1357 886 1395; x_wconf 84' lang='lat' dir='ltr'>series</span> <span class='ocrx_word' id='word_1_158' title='bbox 907 1356 1097 1404; x_wconf 79' lang='lat' dir='ltr'><strong>decurrit,</strong></span> <span class='ocrx_word' id='word_1_159' title='bbox 1116 1370 1194 1394; x_wconf 92' lang='lat' dir='ltr'>non</span> <span class='ocrx_word' id='word_1_160' title='bbox 1211 1355 1312 1394; x_wconf 87' lang='lat' dir='ltr'>binis</span> <span class='ocrx_word' id='word_1_161' title='bbox 1325 1364 1392 1394; x_wconf 90' lang='lat' dir='ltr'>aut</span> <span class='ocrx_word' id='word_1_162' title='bbox 1415 1355 1532 1394; x_wconf 86' lang='lat' dir='ltr'>ternis</span> 
     </span>
     <span class='ocr_line' id='line_1_19' title="bbox 42 1420 1549 1476; baseline 0.001 -17"><span class='ocrx_word' id='word_1_163' title='bbox 42 1422 161 1460; x_wconf 80' lang='lat' dir='ltr'>incisa</span> <span class='ocrx_word' id='word_1_164' title='bbox 176 1423 373 1472; x_wconf 78' lang='lat' dir='ltr'>versibus3</span> <span class='ocrx_word' id='word_1_165' title='bbox 388 1437 515 1475; x_wconf 88' lang='lat' dir='ltr'>neque</span> <span class='ocrx_word' id='word_1_166' title='bbox 529 1437 689 1476; x_wconf 83' lang='lat' dir='ltr'>usquam</span> <span class='ocrx_word' id='word_1_167' title='bbox 716 1423 887 1462; x_wconf 75' lang='lat' dir='ltr'><strong>solemne</strong></span> <span class='ocrx_word' id='word_1_168' title='bbox 906 1421 1002 1461; x_wconf 91' lang='lat' dir='ltr'>illud</span> <span class='ocrx_word' id='word_1_169' title='bbox 1023 1422 1216 1471; x_wconf 81' lang='lat' dir='ltr'>occurrit,</span> <span class='ocrx_word' id='word_1_170' title='bbox 1234 1420 1292 1460; x_wconf 74' lang='grc' dir='ltr'>καὶ</span> <span class='ocrx_word' id='word_1_171' title='bbox 1303 1420 1381 1460; x_wconf 74' lang='grc' dir='ltr'>τόδε</span> <span class='ocrx_word' id='word_1_172' title='bbox 1395 1421 1549 1461; x_wconf 85' lang='grc' dir='ltr'>Φωκυ-·</span> 
     </span>
     <span class='ocr_line' id='line_1_20' title="bbox 42 1486 1530 1541; baseline 0.001 -17"><span class='ocrx_word' id='word_1_173' title='bbox 42 1486 165 1535; x_wconf 78' lang='grc' dir='ltr'>λίδεω,</span> <span class='ocrx_word' id='word_1_174' title='bbox 188 1487 305 1526; x_wconf 87' lang='lat' dir='ltr'>sedin</span> <span class='ocrx_word' id='word_1_175' title='bbox 328 1489 522 1541; x_wconf 87' lang='lat' dir='ltr'>plerisque</span> <span class='ocrx_word' id='word_1_176' title='bbox 538 1488 738 1527; x_wconf 84' lang='lat' dir='ltr'>codicibus</span> <span class='ocrx_word' id='word_1_177' title='bbox 755 1487 901 1539; x_wconf 84' lang='lat' dir='ltr'>absque</span> <span class='ocrx_word' id='word_1_178' title='bbox 924 1487 1088 1526; x_wconf 77' lang='lat' dir='ltr'>exordio</span> <span class='ocrx_word' id='word_1_179' title='bbox 1117 1500 1270 1526; x_wconf 88' lang='lat' dir='ltr'>carmen</span> <span class='ocrx_word' id='word_1_180' title='bbox 1292 1487 1344 1526; x_wconf 84' lang='lat' dir='ltr'>sic</span> <span class='ocrx_word' id='word_1_181' title='bbox 1368 1486 1501 1538; x_wconf 84' lang='lat' dir='ltr'>incipit</span> <span class='ocrx_word' id='word_1_182' title='bbox 1522 1501 1530 1525; x_wconf 72' lang='grc' dir='ltr'>ι</span> 
     </span>
     <span class='ocr_line' id='line_1_21' title="bbox 203 1551 762 1605; baseline 0.002 -13"><span class='ocrx_word' id='word_1_183' title='bbox 203 1551 304 1600; x_wconf 84' lang='grc' dir='ltr'>Μήτε</span> <span class='ocrx_word' id='word_1_184' title='bbox 323 1552 580 1605; x_wconf 80' lang='grc' dir='ltr'>γαμοκλοπέειν</span> <span class='ocrx_word' id='word_1_185' title='bbox 593 1584 602 1602; x_wconf 89' lang='grc'>,</span> <span class='ocrx_word' id='word_1_186' title='bbox 620 1569 655 1592; x_wconf 89' lang='grc' dir='ltr'>κ.</span> <span class='ocrx_word' id='word_1_187' title='bbox 678 1568 710 1592; x_wconf 84' lang='grc' dir='ltr'>τ.</span> <span class='ocrx_word' id='word_1_188' title='bbox 727 1553 762 1593; x_wconf 93' lang='grc' dir='ltr'>λ.</span> 
     </span>
     <span class='ocr_line' id='line_1_22' title="bbox 45 1616 1528 1669; baseline -0.001 -15"><span class='ocrx_word' id='word_1_189' title='bbox 45 1616 86 1654; x_wconf 85' lang='lat' dir='ltr'>ln</span> <span class='ocrx_word' id='word_1_190' title='bbox 101 1617 296 1656; x_wconf 85' lang='lat' dir='ltr'>nonnullis</span> <span class='ocrx_word' id='word_1_191' title='bbox 314 1631 407 1657; x_wconf 85' lang='lat' dir='ltr'>vero</span> <span class='ocrx_word' id='word_1_192' title='bbox 433 1617 739 1669; x_wconf 84' lang='lat' dir='ltr'>exemplaribus,</span> <span class='ocrx_word' id='word_1_193' title='bbox 770 1617 892 1669; x_wconf 86' lang='lat' dir='ltr'>iisque</span> <span class='ocrx_word' id='word_1_194' title='bbox 914 1617 1075 1656; x_wconf 76' lang='lat' dir='ltr'>sortasse</span> <span class='ocrx_word' id='word_1_195' title='bbox 1094 1616 1340 1667; x_wconf 82' lang='lat' dir='ltr'>rectioribus,</span> <span class='ocrx_word' id='word_1_196' title='bbox 1364 1616 1528 1655; x_wconf 82' lang='lat' dir='ltr'>duorum</span> 
     </span>
     <span class='ocr_line' id='line_1_23' title="bbox 42 1682 1103 1735; baseline 0.001 -16"><span class='ocrx_word' id='word_1_197' title='bbox 42 1694 222 1720; x_wconf 86' lang='lat' dir='ltr'>versuum</span> <span class='ocrx_word' id='word_1_198' title='bbox 245 1682 492 1735; x_wconf 84' lang='lat' dir='ltr'>praemittitur</span> <span class='ocrx_word' id='word_1_199' title='bbox 514 1683 716 1723; x_wconf 80' lang='lat' dir='ltr'>exordium</span> <span class='ocrx_word' id='word_1_200' title='bbox 742 1683 780 1720; x_wconf 91' lang='lat' dir='ltr'>in</span> <span class='ocrx_word' id='word_1_201' title='bbox 799 1682 902 1721; x_wconf 85' lang='lat' dir='ltr'>hunc</span> <span class='ocrx_word' id='word_1_202' title='bbox 923 1682 1103 1720; x_wconf 89' lang='lat' dir='ltr'>modum:</span> 
     </span>
     <span class='ocr_line' id='line_1_24' title="bbox 209 1746 1080 1800; baseline -0.001 -14"><span class='ocrx_word' id='word_1_203' title='bbox 209 1750 334 1789; x_wconf 79' lang='grc' dir='ltr'>Ταῦτα</span> <span class='ocrx_word' id='word_1_204' title='bbox 353 1747 452 1795; x_wconf 79' lang='grc' dir='ltr'>δίκης</span> <span class='ocrx_word' id='word_1_205' title='bbox 468 1746 593 1786; x_wconf 83' lang='grc' dir='ltr'>ὃσίοισι</span> <span class='ocrx_word' id='word_1_206' title='bbox 608 1748 701 1787; x_wconf 76' lang='grc' dir='ltr'>Θεοῦ</span> <span class='ocrx_word' id='word_1_207' title='bbox 723 1746 946 1800; x_wconf 76' lang='grc' dir='ltr'>βουλεύματα</span> <span class='ocrx_word' id='word_1_208' title='bbox 967 1746 1080 1800; x_wconf 75' lang='grc' dir='ltr'>φαίνει</span> 
     </span>
     <span class='ocr_line' id='line_1_25' title="bbox 201 1808 1104 1866; baseline -0.001 -15"><span class='ocrx_word' id='word_1_209' title='bbox 201 1813 415 1860; x_wconf 81' lang='grc' dir='ltr'>Φωκυλίδης</span> <span class='ocrx_word' id='word_1_210' title='bbox 438 1808 571 1866; x_wconf 73' lang='grc' dir='ltr'>ἀνδρῶν</span> <span class='ocrx_word' id='word_1_211' title='bbox 587 1814 606 1850; x_wconf 79' lang='grc' dir='ltr'>ὁ</span> <span class='ocrx_word' id='word_1_212' title='bbox 625 1810 849 1865; x_wconf 73' lang='grc' dir='ltr'>σοφώτατος,</span> <span class='ocrx_word' id='word_1_213' title='bbox 870 1810 973 1850; x_wconf 58' lang='lat' dir='ltr'>&amp;mm</span> <span class='ocrx_word' id='word_1_214' title='bbox 994 1811 1104 1864; x_wconf 80' lang='grc' dir='ltr'>δῶρα.</span> 
     </span>
     <span class='ocr_line' id='line_1_26' title="bbox 43 1875 1107 1929; baseline -0.004 -10"><span class='ocrx_word' id='word_1_215' title='bbox 43 1880 82 1919; x_wconf 87' lang='lat' dir='ltr'>ln</span> <span class='ocrx_word' id='word_1_216' title='bbox 104 1879 286 1918; x_wconf 88' lang='lat' dir='ltr'>omnibus</span> <span class='ocrx_word' id='word_1_217' title='bbox 304 1876 498 1916; x_wconf 82' lang='lat' dir='ltr'>clauditur</span> <span class='ocrx_word' id='word_1_218' title='bbox 514 1877 640 1927; x_wconf 87' lang='lat' dir='ltr'>ipsum</span> <span class='ocrx_word' id='word_1_219' title='bbox 658 1890 811 1915; x_wconf 78' lang='lat' dir='ltr'>carmen</span> <span class='ocrx_word' id='word_1_220' title='bbox 830 1875 904 1914; x_wconf 88' lang='lat' dir='ltr'>hoc</span> <span class='ocrx_word' id='word_1_221' title='bbox 923 1877 1077 1929; x_wconf 78' lang='lat' dir='ltr'>epilogo</span> <span class='ocrx_word' id='word_1_222' title='bbox 1097 1888 1107 1916; x_wconf 91' lang='lat'>:</span> 
     </span>
     <span class='ocr_line' id='line_1_27' title="bbox 200 1939 1104 1996; baseline -0.002 -16"><span class='ocrx_word' id='word_1_223' title='bbox 200 1943 234 1981; x_wconf 90' lang='grc' dir='ltr'>Τ</span> <span class='ocrx_word' id='word_1_224' title='bbox 236 1944 325 1980; x_wconf 72' lang='grc' dir='ltr'>αὔτα</span> <span class='ocrx_word' id='word_1_225' title='bbox 344 1940 564 1989; x_wconf 81' lang='grc' dir='ltr'>δικαιοσύνης</span> <span class='ocrx_word' id='word_1_226' title='bbox 581 1939 759 1996; x_wconf 82' lang='grc' dir='ltr'>μυστήρια</span> <span class='ocrx_word' id='word_1_227' title='bbox 771 1954 779 1963; x_wconf 90' lang='grc'><em>·</em></span> <span class='ocrx_word' id='word_1_228' title='bbox 801 1944 912 1980; x_wconf 73' lang='grc' dir='ltr'>ταῦτα</span> <span class='ocrx_word' id='word_1_229' title='bbox 932 1942 1104 1993; x_wconf 77' lang='grc' dir='ltr'>βιεῧντες,</span> 
     </span>
     <span class='ocr_line' id='line_1_28' title="bbox 201 2004 1052 2059; baseline -0.004 -12"><span class='ocrx_word' id='word_1_230' title='bbox 201 2006 305 2054; x_wconf 80' lang='grc' dir='ltr'>Ζωὴν</span> <span class='ocrx_word' id='word_1_231' title='bbox 320 2004 503 2046; x_wconf 78' lang='grc' dir='ltr'>ἐκτελέοιτ“</span> <span class='ocrx_word' id='word_1_232' title='bbox 522 2008 655 2058; x_wconf 79' lang='grc' dir='ltr'>ἀγαθὴν</span> <span class='ocrx_word' id='word_1_233' title='bbox 671 2004 778 2059; x_wconf 76' lang='grc' dir='ltr'>μέχρι</span> <span class='ocrx_word' id='word_1_234' title='bbox 793 2005 923 2059; x_wconf 78' lang='grc' dir='ltr'>γήραος</span> <span class='ocrx_word' id='word_1_235' title='bbox 938 2006 1052 2045; x_wconf 78' lang='grc' dir='ltr'>οὐδοῦ.</span> 
     </span>
     <span class='ocr_line' id='line_1_29' title="bbox 41 2069 1531 2125; baseline -0.001 -14"><span class='ocrx_word' id='word_1_236' title='bbox 41 2073 101 2125; x_wconf 49' lang='grc' dir='ltr'>Ἐκ</span> <span class='ocrx_word' id='word_1_237' title='bbox 137 2072 197 2111; x_wconf 84' lang='lat' dir='ltr'>his</span> <span class='ocrx_word' id='word_1_238' title='bbox 227 2071 321 2124; x_wconf 87' lang='lat' dir='ltr'>quid</span> <span class='ocrx_word' id='word_1_239' title='bbox 352 2071 508 2123; x_wconf 80' lang='lat' dir='ltr'>colligas</span> <span class='ocrx_word' id='word_1_240' title='bbox 530 2070 710 2112; x_wconf 73' lang='lat' dir='ltr'>indiciis?</span> <span class='ocrx_word' id='word_1_241' title='bbox 732 2071 804 2109; x_wconf 88' lang='lat' dir='ltr'>nisi</span> <span class='ocrx_word' id='word_1_242' title='bbox 833 2078 984 2110; x_wconf 88' lang='lat' dir='ltr'>veteres</span> <span class='ocrx_word' id='word_1_243' title='bbox 1011 2070 1095 2108; x_wconf 72' lang='lat' dir='ltr'>illas</span> <span class='ocrx_word' id='word_1_244' title='bbox 1118 2069 1342 2121; x_wconf 84' lang='lat' dir='ltr'>Phocylidis</span> <span class='ocrx_word' id='word_1_245' title='bbox 1373 2083 1531 2123; x_wconf 82' lang='lat' dir='ltr'>gnomas</span> 
     </span>
     <span class='ocr_line' id='line_1_30' title="bbox 44 2133 1531 2187; baseline -0.002 -10"><span class='ocrx_word' id='word_1_246' title='bbox 44 2137 162 2177; x_wconf 89' lang='lat' dir='ltr'>serius</span> <span class='ocrx_word' id='word_1_247' title='bbox 180 2137 219 2175; x_wconf 89' lang='lat' dir='ltr'>in</span> <span class='ocrx_word' id='word_1_248' title='bbox 235 2150 352 2175; x_wconf 91' lang='lat' dir='ltr'>unum</span> <span class='ocrx_word' id='word_1_249' title='bbox 370 2150 525 2174; x_wconf 85' lang='lat' dir='ltr'>carmen</span> <span class='ocrx_word' id='word_1_250' title='bbox 540 2145 656 2187; x_wconf 82' lang='lat' dir='ltr'>atque</span> <span class='ocrx_word' id='word_1_251' title='bbox 673 2137 711 2173; x_wconf 88' lang='lat' dir='ltr'>in</span> <span class='ocrx_word' id='word_1_252' title='bbox 726 2136 837 2185; x_wconf 73' lang='lat' dir='ltr'>lianc,</span> <span class='ocrx_word' id='word_1_253' title='bbox 849 2148 962 2187; x_wconf 89' lang='lat' dir='ltr'>quam</span> <span class='ocrx_word' id='word_1_254' title='bbox 979 2148 1082 2172; x_wconf 89' lang='lat' dir='ltr'>nunc</span> <span class='ocrx_word' id='word_1_255' title='bbox 1096 2133 1256 2186; x_wconf 82' lang='lat' dir='ltr'>habent,</span> <span class='ocrx_word' id='word_1_256' title='bbox 1274 2135 1436 2173; x_wconf 86' lang='lat' dir='ltr'>sormam</span> <span class='ocrx_word' id='word_1_257' title='bbox 1450 2148 1531 2174; x_wconf 84' lang='lat' dir='ltr'>esse</span> 
     </span>
     <span class='ocr_line' id='line_1_31' title="bbox 45 2199 1533 2252; baseline -0.001 -12"><span class='ocrx_word' id='word_1_258' title='bbox 45 2215 256 2240; x_wconf 75' lang='lat' dir='ltr'>conversas.</span> <span class='ocrx_word' id='word_1_259' title='bbox 277 2202 370 2240; x_wconf 83' lang='lat' dir='ltr'>Nam</span> <span class='ocrx_word' id='word_1_260' title='bbox 386 2201 454 2251; x_wconf 89' lang='lat' dir='ltr'>qui</span> <span class='ocrx_word' id='word_1_261' title='bbox 470 2201 618 2252; x_wconf 83' lang='lat' dir='ltr'>spurias</span> <span class='ocrx_word' id='word_1_262' title='bbox 639 2201 799 2239; x_wconf 88' lang='lat' dir='ltr'>omnino</span> <span class='ocrx_word' id='word_1_263' title='bbox 820 2208 857 2238; x_wconf 80' lang='lat' dir='ltr'>et</span> <span class='ocrx_word' id='word_1_264' title='bbox 873 2213 1006 2238; x_wconf 85' lang='lat' dir='ltr'>onmes</span> <span class='ocrx_word' id='word_1_265' title='bbox 1023 2213 1100 2238; x_wconf 90' lang='lat' dir='ltr'>uno</span> <span class='ocrx_word' id='word_1_266' title='bbox 1121 2208 1250 2239; x_wconf 85' lang='lat' dir='ltr'>tenore</span> <span class='ocrx_word' id='word_1_267' title='bbox 1264 2213 1285 2237; x_wconf 84' lang='lat' dir='ltr'>a</span> <span class='ocrx_word' id='word_1_268' title='bbox 1303 2199 1533 2239; x_wconf 86' lang='lat' dir='ltr'>Christianis</span> 
     </span>
     <span class='ocr_line' id='line_1_32' title="bbox 45 2264 1531 2319; baseline 0 -15"><span class='ocrx_word' id='word_1_269' title='bbox 45 2267 226 2305; x_wconf 82' lang='lat' dir='ltr'>confictas</span> <span class='ocrx_word' id='word_1_270' title='bbox 242 2275 374 2319; x_wconf 86' lang='lat' dir='ltr'>putet,</span> <span class='ocrx_word' id='word_1_271' title='bbox 398 2267 533 2317; x_wconf 81' lang='lat' dir='ltr'>procul</span> <span class='ocrx_word' id='word_1_272' title='bbox 553 2279 574 2304; x_wconf 87' lang='lat' dir='ltr'>a</span> <span class='ocrx_word' id='word_1_273' title='bbox 597 2265 676 2304; x_wconf 80' lang='lat' dir='ltr'>veri</span> <span class='ocrx_word' id='word_1_274' title='bbox 698 2265 827 2318; x_wconf 79' lang='lat' dir='ltr'>specie</span> <span class='ocrx_word' id='word_1_275' title='bbox 845 2264 958 2304; x_wconf 88' lang='lat' dir='ltr'>absit.</span> <span class='ocrx_word' id='word_1_276' title='bbox 980 2265 1022 2304; x_wconf 74' lang='lat' dir='ltr'>ln</span> <span class='ocrx_word' id='word_1_277' title='bbox 1044 2264 1091 2303; x_wconf 87' lang='lat' dir='ltr'>iis</span> <span class='ocrx_word' id='word_1_278' title='bbox 1107 2265 1209 2303; x_wconf 89' lang='lat' dir='ltr'>enim</span> <span class='ocrx_word' id='word_1_279' title='bbox 1227 2278 1312 2316; x_wconf 86' lang='lat' dir='ltr'>quae</span> <span class='ocrx_word' id='word_1_280' title='bbox 1324 2273 1531 2317; x_wconf 86' lang='lat' dir='ltr'>supersunt</span> 
     </span>
     <span class='ocr_line' id='line_1_33' title="bbox 22 2328 1531 2383; baseline -0.003 -12"><span class='ocrx_word' id='word_1_281' title='bbox 22 2332 227 2383; x_wconf 57' lang='lat' dir='ltr'>tpleraque</span> <span class='ocrx_word' id='word_1_282' title='bbox 262 2340 354 2370; x_wconf 89' lang='lat' dir='ltr'>sunt</span> <span class='ocrx_word' id='word_1_283' title='bbox 388 2331 490 2370; x_wconf 85' lang='lat' dir='ltr'>bona</span> <span class='ocrx_word' id='word_1_284' title='bbox 535 2339 573 2369; x_wconf 89' lang='lat' dir='ltr'>et</span> <span class='ocrx_word' id='word_1_285' title='bbox 607 2331 798 2382; x_wconf 86' lang='lat' dir='ltr'>poeticam</span> <span class='ocrx_word' id='word_1_286' title='bbox 835 2329 1100 2381; x_wconf 77' lang='lat' dir='ltr'>antiquitatem</span> <span class='ocrx_word' id='word_1_287' title='bbox 1130 2328 1294 2380; x_wconf 85' lang='lat' dir='ltr'>sapiunt.</span> <span class='ocrx_word' id='word_1_288' title='bbox 1327 2328 1430 2367; x_wconf 79' lang='lat' dir='ltr'>Inest</span> <span class='ocrx_word' id='word_1_289' title='bbox 1464 2342 1531 2367; x_wconf 78' lang='lat' dir='ltr'>ve·</span> 
     </span>
     <span class='ocr_line' id='line_1_34' title="bbox 48 2393 1529 2448; baseline -0.002 -13"><span class='ocrx_word' id='word_1_290' title='bbox 48 2404 105 2436; x_wconf 90' lang='lat' dir='ltr'>tus</span> <span class='ocrx_word' id='word_1_291' title='bbox 138 2410 288 2435; x_wconf 87' lang='lat' dir='ltr'>morum</span> <span class='ocrx_word' id='word_1_292' title='bbox 323 2396 546 2448; x_wconf 74' lang='lat' dir='ltr'>simplicitas</span> <span class='ocrx_word' id='word_1_293' title='bbox 569 2405 606 2434; x_wconf 88' lang='lat' dir='ltr'>et</span> <span class='ocrx_word' id='word_1_294' title='bbox 639 2408 773 2434; x_wconf 82' lang='lat' dir='ltr'>severa</span> <span class='ocrx_word' id='word_1_295' title='bbox 806 2395 981 2447; x_wconf 61' lang='lat' dir='ltr'>quaedam</span> <span class='ocrx_word' id='word_1_296' title='bbox 1012 2394 1198 2433; x_wconf 84' lang='lat' dir='ltr'>orationis</span> <span class='ocrx_word' id='word_1_297' title='bbox 1224 2393 1411 2445; x_wconf 82' lang='lat' dir='ltr'>gravitas,</span> <span class='ocrx_word' id='word_1_298' title='bbox 1442 2407 1529 2432; x_wconf 89' lang='lat' dir='ltr'>cum</span> 
     </span>
     <span class='ocr_line' id='line_1_35' title="bbox 48 2457 1530 2513; baseline -0.002 -14"><span class='ocrx_word' id='word_1_299' title='bbox 48 2462 210 2501; x_wconf 85' lang='lat' dir='ltr'>naturali</span> <span class='ocrx_word' id='word_1_300' title='bbox 230 2475 273 2500; x_wconf 84' lang='lat' dir='ltr'>ac</span> <span class='ocrx_word' id='word_1_301' title='bbox 294 2463 450 2500; x_wconf 89' lang='lat' dir='ltr'>minime</span> <span class='ocrx_word' id='word_1_302' title='bbox 469 2462 595 2500; x_wconf 83' lang='lat' dir='ltr'>fucato</span> <span class='ocrx_word' id='word_1_303' title='bbox 611 2461 807 2513; x_wconf 78' lang='lat' dir='ltr'>elegantiae</span> <span class='ocrx_word' id='word_1_304' title='bbox 830 2461 981 2512; x_wconf 81' lang='lat' dir='ltr'>nitore3</span> <span class='ocrx_word' id='word_1_305' title='bbox 1001 2460 1098 2498; x_wconf 86' lang='lat' dir='ltr'>inest</span> <span class='ocrx_word' id='word_1_306' title='bbox 1117 2458 1284 2511; x_wconf 84' lang='lat' dir='ltr'>denique</span> <span class='ocrx_word' id='word_1_307' title='bbox 1305 2458 1397 2496; x_wconf 86' lang='lat' dir='ltr'>illud</span> <span class='ocrx_word' id='word_1_308' title='bbox 1425 2457 1530 2509; x_wconf 86' lang='lat' dir='ltr'>quod</span> 
     </span>
     <span class='ocr_line' id='line_1_36' title="bbox 47 2523 1528 2580; baseline -0.005 -12"><span class='ocrx_word' id='word_1_309' title='bbox 47 2528 168 2568; x_wconf 79' lang='lat' dir='ltr'>Graeci</span> <span class='ocrx_word' id='word_1_310' title='bbox 196 2526 421 2580; x_wconf 83' lang='grc' dir='ltr'>ἀρχαιοπινές</span> <span class='ocrx_word' id='word_1_311' title='bbox 441 2536 604 2576; x_wconf 84' lang='lat' dir='ltr'>vocant,</span> <span class='ocrx_word' id='word_1_312' title='bbox 629 2526 862 2565; x_wconf 82' lang='lat' dir='ltr'>aemulationi</span> <span class='ocrx_word' id='word_1_313' title='bbox 891 2526 1047 2564; x_wconf 87' lang='lat' dir='ltr'>minime</span> <span class='ocrx_word' id='word_1_314' title='bbox 1075 2524 1300 2563; x_wconf 81' lang='lat' dir='ltr'>obnoxium.</span> <span class='ocrx_word' id='word_1_315' title='bbox 1331 2523 1528 2562; x_wconf 83' lang='lat' dir='ltr'>interdum</span> 
     </span>
     <span class='ocr_line' id='line_1_37' title="bbox 49 2587 1529 2643; baseline -0.001 -15"><span class='ocrx_word' id='word_1_316' title='bbox 49 2590 158 2629; x_wconf 82' lang='lat' dir='ltr'>etiam</span> <span class='ocrx_word' id='word_1_317' title='bbox 196 2592 361 2643; x_wconf 80' lang='lat' dir='ltr'>assurgit</span> <span class='ocrx_word' id='word_1_318' title='bbox 392 2591 540 2639; x_wconf 85' lang='lat' dir='ltr'>oratio;</span> <span class='ocrx_word' id='word_1_319' title='bbox 571 2605 639 2630; x_wconf 87' lang='lat' dir='ltr'>nec</span> <span class='ocrx_word' id='word_1_320' title='bbox 664 2605 758 2630; x_wconf 87' lang='lat' dir='ltr'>sane</span> <span class='ocrx_word' id='word_1_321' title='bbox 792 2591 977 2630; x_wconf 85' lang='lat' dir='ltr'>mediocri</span> <span class='ocrx_word' id='word_1_322' title='bbox 1005 2591 1149 2629; x_wconf 86' lang='lat' dir='ltr'>calamo</span> <span class='ocrx_word' id='word_1_323' title='bbox 1177 2588 1338 2628; x_wconf 78' lang='lat' dir='ltr'>defluxit</span> <span class='ocrx_word' id='word_1_324' title='bbox 1361 2596 1438 2626; x_wconf 82' lang='lat' dir='ltr'>tota</span> <span class='ocrx_word' id='word_1_325' title='bbox 1464 2587 1529 2627; x_wconf 86' lang='lat' dir='ltr'>illa</span> 
     </span>
     <span class='ocr_line' id='line_1_38' title="bbox 48 2652 1529 2708; baseline -0.003 -15"><span class='ocrx_word' id='word_1_326' title='bbox 48 2656 215 2708; x_wconf 83' lang='grc' dir='ltr'>περικοπή</span> <span class='ocrx_word' id='word_1_327' title='bbox 229 2685 239 2705; x_wconf 87' lang='grc'><em>,</em></span> <span class='ocrx_word' id='word_1_328' title='bbox 260 2652 345 2707; x_wconf 77' lang='lat' dir='ltr'>q&#39;uae</span> <span class='ocrx_word' id='word_1_329' title='bbox 371 2656 409 2694; x_wconf 87' lang='lat' dir='ltr'>in</span> <span class='ocrx_word' id='word_1_330' title='bbox 435 2657 603 2695; x_wconf 79' lang='lat' dir='ltr'>carmine</span> <span class='ocrx_word' id='word_1_331' title='bbox 625 2657 800 2695; x_wconf 84' lang='lat' dir='ltr'>suasorio</span> <span class='ocrx_word' id='word_1_332' title='bbox 822 2656 982 2708; x_wconf 79' lang='lat' dir='ltr'>legitur,</span> <span class='ocrx_word' id='word_1_333' title='bbox 1002 2656 1050 2694; x_wconf 85' lang='lat' dir='ltr'>de</span> <span class='ocrx_word' id='word_1_334' title='bbox 1076 2654 1220 2708; x_wconf 85' lang='lat' dir='ltr'>laboris</span> <span class='ocrx_word' id='word_1_335' title='bbox 1241 2652 1465 2692; x_wconf 81' lang='lat' dir='ltr'>necessitate</span> <span class='ocrx_word' id='word_1_336' title='bbox 1485 2665 1529 2690; x_wconf 84' lang='lat' dir='ltr'>ac</span> 
     </span>
     <span class='ocr_line' id='line_1_39' title="bbox 48 2719 1275 2772; baseline -0.001 -15"><span class='ocrx_word' id='word_1_337' title='bbox 48 2719 92 2758; x_wconf 85' lang='lat' dir='ltr'>de</span> <span class='ocrx_word' id='word_1_338' title='bbox 113 2720 299 2759; x_wconf 86' lang='lat' dir='ltr'>imitando</span> <span class='ocrx_word' id='word_1_339' title='bbox 319 2721 569 2759; x_wconf 81' lang='lat' dir='ltr'>formicarum</span> <span class='ocrx_word' id='word_1_340' title='bbox 592 2722 770 2772; x_wconf 88' lang='lat' dir='ltr'>exemplo</span> <span class='ocrx_word' id='word_1_341' title='bbox 784 2751 794 2769; x_wconf 93' lang='lat'><strong>,</strong></span> <span class='ocrx_word' id='word_1_342' title='bbox 813 2720 976 2772; x_wconf 80' lang='lat' dir='ltr'>Pliocyl.</span> <span class='ocrx_word' id='word_1_343' title='bbox 998 2734 1038 2759; x_wconf 87' lang='lat' dir='ltr'>v.</span> <span class='ocrx_word' id='word_1_344' title='bbox 1062 2725 1147 2768; x_wconf 72' lang='lat'>142,</span> <span class='ocrx_word' id='word_1_345' title='bbox 1168 2732 1275 2771; x_wconf 81' lang='lat' dir='ltr'>sqq.:</span> 
     </span>
     <span class='ocr_line' id='line_1_40' title="bbox 206 2788 1164 2843; baseline -0.002 -16"><span class='ocrx_word' id='word_1_346' title='bbox 206 2788 377 2843; x_wconf 80' lang='grc' dir='ltr'>,Ἔργάζευ</span> <span class='ocrx_word' id='word_1_347' title='bbox 390 2819 400 2839; x_wconf 84' lang='grc'><em>,</em></span> <span class='ocrx_word' id='word_1_348' title='bbox 422 2789 562 2842; x_wconf 73' lang='grc' dir='ltr'>μόχθων</span> <span class='ocrx_word' id='word_1_349' title='bbox 582 2791 628 2834; x_wconf 85' lang='grc' dir='ltr'>ὡς</span> <span class='ocrx_word' id='word_1_350' title='bbox 645 2788 679 2834; x_wconf 79' lang='grc' dir='ltr'>ἐξ</span> <span class='ocrx_word' id='word_1_351' title='bbox 700 2788 795 2828; x_wconf 82' lang='grc' dir='ltr'>ἰδίων</span> <span class='ocrx_word' id='word_1_352' title='bbox 816 2788 1013 2841; x_wconf 77' lang='grc' dir='ltr'>βιοτεύσῃς,</span> <span class='ocrx_word' id='word_1_353' title='bbox 1033 2804 1065 2827; x_wconf 90' lang='grc' dir='ltr'>κ.</span> <span class='ocrx_word' id='word_1_354' title='bbox 1083 2804 1113 2827; x_wconf 85' lang='grc' dir='ltr'>τ.</span> <span class='ocrx_word' id='word_1_355' title='bbox 1131 2788 1164 2826; x_wconf 90' lang='grc' dir='ltr'>λ.</span> 
     </span>
     <span class='ocr_line' id='line_1_41' title="bbox 50 2852 1528 2903; baseline -0.003 -13"><span class='ocrx_word' id='word_1_356' title='bbox 50 2852 141 2898; x_wconf 77' lang='lat' dir='ltr'>Quae</span> <span class='ocrx_word' id='word_1_357' title='bbox 165 2861 289 2891; x_wconf 87' lang='lat' dir='ltr'>tamen</span> <span class='ocrx_word' id='word_1_358' title='bbox 317 2855 413 2902; x_wconf 84' lang='lat' dir='ltr'>lans,</span> <span class='ocrx_word' id='word_1_359' title='bbox 432 2864 471 2892; x_wconf 85' lang='lat' dir='ltr'>nt</span> <span class='ocrx_word' id='word_1_360' title='bbox 491 2868 623 2892; x_wconf 79' lang='lat' dir='ltr'>verum</span> <span class='ocrx_word' id='word_1_361' title='bbox 643 2855 843 2902; x_wconf 77' lang='lat' dir='ltr'>fateamur,</span> <span class='ocrx_word' id='word_1_362' title='bbox 861 2867 938 2892; x_wconf 90' lang='lat' dir='ltr'>non</span> <span class='ocrx_word' id='word_1_363' title='bbox 957 2853 1002 2891; x_wconf 87' lang='lat' dir='ltr'>ad</span> <span class='ocrx_word' id='word_1_364' title='bbox 1025 2866 1160 2891; x_wconf 84' lang='lat' dir='ltr'>omnes</span> <span class='ocrx_word' id='word_1_365' title='bbox 1173 2864 1277 2903; x_wconf 85' lang='lat' dir='ltr'>aequc</span> <span class='ocrx_word' id='word_1_366' title='bbox 1295 2863 1426 2890; x_wconf 86' lang='lat' dir='ltr'>versus</span> <span class='ocrx_word' id='word_1_367' title='bbox 1441 2863 1528 2902; x_wconf 83' lang='lat' dir='ltr'>per-</span> 
     </span>
     <span class='ocr_line' id='line_1_42' title="bbox 52 2915 1529 2968; baseline -0.001 -14"><span class='ocrx_word' id='word_1_368' title='bbox 52 2915 139 2959; x_wconf 81' lang='lat' dir='ltr'>tinet</span> <span class='ocrx_word' id='word_1_369' title='bbox 159 2918 338 2956; x_wconf 79' lang='lat' dir='ltr'>carminis</span> <span class='ocrx_word' id='word_1_370' title='bbox 371 2917 470 2956; x_wconf 86' lang='lat' dir='ltr'>illius</span> <span class='ocrx_word' id='word_1_371' title='bbox 490 2921 697 2957; x_wconf 67' lang='grc' dir='ltr'>νουθετικοῧ.</span> <span class='ocrx_word' id='word_1_372' title='bbox 731 2920 824 2958; x_wconf 86' lang='lat' dir='ltr'>Nam</span> <span class='ocrx_word' id='word_1_373' title='bbox 846 2919 883 2955; x_wconf 90' lang='lat' dir='ltr'>in</span> <span class='ocrx_word' id='word_1_374' title='bbox 903 2917 991 2966; x_wconf 88' lang='lat' dir='ltr'>illa,</span> <span class='ocrx_word' id='word_1_375' title='bbox 1012 2930 1124 2968; x_wconf 86' lang='lat' dir='ltr'>quam</span> <span class='ocrx_word' id='word_1_376' title='bbox 1159 2915 1346 2963; x_wconf 84' lang='lat' dir='ltr'>diximus,</span> <span class='ocrx_word' id='word_1_377' title='bbox 1374 2927 1529 2966; x_wconf 81' lang='lat' dir='ltr'>gnoma-</span> 
     </span>
    </p>
   </div>
  </div>
 </body>
</html>
