1752 3495
659 209 963 255 Excnasus
999 194 1049 253 ij
1511 209 1564 252 ει

114 320 179 351 aut
200 310 384 362 Nymphis
402 313 572 356 cognatae
590 317 752 355 cumque
767 317 898 343 earnm
919 303 1023 341 cultu
1041 303 1211 348 sociatae,
1233 302 1388 354 quan‘do
1405 302 1576 341 videnum

116 379 151 414 iu
172 375 296 428 primo
319 385 429 412 versu
450 382 589 408 nomen
610 377 811 420 utrumque
830 367 1095 419 Nympharum
1115 375 1153 405 et
1171 366 1324 417 Sibyllae
1342 368 1537 419 conjungi.

165 441 253 478 Haec
271 445 357 476 sunt
376 447 461 486 quae
477 445 547 470 nos
564 433 612 471 de
630 433 827 483 Erythraea
846 431 991 482 Sibylla
1006 430 1262 482 comperimus
1279 445 1288 469 ι
1303 431 1442 482 quibus
1455 440 1578 470 tamen

114 503 242 540 deesse
258 497 401 551 aliquid
416 496 621 544 videretur,
638 496 711 534 nisi
728 504 766 534 ct
784 494 938 546 Sibyixae
956 495 1125 540 alterius,
1140 493 1368 546 qnaejunior
1381 496 1578 546 Erythraea

116 563 243 602 vocari
265 567 410 614 potest,
430 558 650 597 memoriam
670 558 911 598 adderemus.
933 558 1019 596 Fuit
1038 558 1138 596 enim
1162 557 1353 609 Erythris,
1374 558 1581 597 Alexandri

116 628 240 679 magni
262 623 495 673 temporibus
510 652 520 670 ,
540 623 674 661 mulier
693 623 865 673 quaedam
886 622 1067 660 Athenais
1085 622 1258 669 nomine,
1275 635 1359 672 quae
1377 635 1493 672 quum
1515 635 1579 659 va·

116 689 295 729 ticinandi
325 686 498 724 fiduciam
531 688 853 739 praesumpsisset‚
873 686 1028 737 Sibyllae
1056 686 1154 723 sama
1180 686 1219 723 in
1240 686 1285 723 iis
1306 686 1397 724 locis
1428 686 1579 724 vivente

116 763 259 792 tantum
281 751 410 802 adjuta
435 759 489 788 est
507 761 569 797 ut,
595 765 714 802 quum
730 752 830 789 illins
848 751 1077 802 antiquioris
1097 750 1252 801 vestigia
1272 750 1310 787 in
1330 749 1463 787 eadem
1484 750 1579 786 urbe

114 825 312 870 premeret,
332 828 452 866 prope
467 815 548 867 ipsa
563 829 635 867 pro
651 817 797 868 Sibylla
814 816 1033 854 haberetur.
1051 815 1195 854 Mentio
1210 814 1291 866 ejus
1310 815 1352 852 fit
1365 814 1464 864 apud
1478 814 1582 853 Stra·

115 882 268 928 bonem,
286 879 349 917 lib.
369 879 478 930 XlV,
507 893 543 931 p.
573 881 672 928 645,
703 881 790 918 loco
807 880 884 931 jam
908 881 970 918 cit.
991 892 1001 919 ε
1024 878 1109 918 Κατ’
1127 877 1350 931 Ἀλέξανδρον
1370 878 1406 916 δὲ
1423 877 1512 924 ἄλλη
1537 872 1580 924 ἦν

114 946 171 985 τὸν
195 945 296 983 αὐτὸν
326 942 452 996 τρόπον
486 943 660 995 μαντικὴ,
691 945 889 995 καλουμένη
924 939 1102 992 Ἀθηναῒς,
1131 944 1169 982 ἐκ
1202 946 1265 988 τῆς
1303 943 1408 988 αὐτῆς
1434 942 1580 985 πόλεως.

112 1013 268 1061 Sumpta
290 1009 369 1047 haec
386 1022 407 1046 e
423 1008 663 1048 Callisthenis
687 1010 847 1048 historia
874 1008 1080 1047 Alexandri
1106 1021 1210 1046 nunc
1241 1007 1442 1058 deperdita
1467 1020 1583 1045 :nam

111 1077 210 1114 idem
229 1073 384 1121 strabo,
399 1073 466 1112 lib.
487 1073 603 1123 XVII,
625 1088 663 1126 p.
688 1075 761 1119 814
775 1103 786 1122 ,
805 1084 892 1125 post
906 1073 1084 1111 vaticinia
1104 1072 1277 1124 quoedam
1293 1073 1341 1110 de
1364 1071 1583 1110 Alexandro

111 1151 159 1177 ex
184 1138 282 1176 illius
309 1136 479 1174 historici
505 1137 577 1175 fide
605 1138 749 1184 relata,
778 1150 907 1174 rursus
935 1136 1105 1188 ejusdem
1131 1135 1320 1183 mulieris,
1348 1144 1527 1186 tanquam
1561 1149 1582 1173 a

111 1201 339 1240 Callisthene
369 1200 549 1245 laudatae,
577 1201 749 1239 meminit
777 1200 836 1238 his
856 1200 984 1238 verbis
1009 1214 1017 1238 :
1046 1199 1134 1251 Περὶ
1162 1198 1196 1238 δὲ
1217 1200 1278 1245 τῆς
1303 1197 1471 1248 εὐγενείας
1499 1195 1580 1253 [τοῦ

112 1264 354 1317 Ἀλεξάνδρου]
371 1263 430 1303 καὶ
446 1263 509 1311 τὴν
528 1265 736 1317 Ἐρυθραίαν
757 1261 941 1312 Ἀθηναΐδα
959 1263 1062 1318 φησὶν
1083 1265 1232 1302 ἀνειπεῖν
1254 1261 1284 1318 [ὁ
1305 1262 1556 1315 Καλλισθένης]
1573 1278 1581 1287 ·

111 1329 256 1381 καὶγὰρ
282 1327 412 1376 ταύτην
447 1328 570 1380 ὁμοίαν
588 1328 747 1380 γενέσθαι
763 1331 806 1381 τῇ
834 1329 969 1382 παλαιᾷ
995 1327 1152 1380 Σιὸύλλῃ
1175 1330 1218 1380 τῇ
1241 1327 1445 1380 Ἐρυθραία.
1469 1327 1580 1368 Unde

111 1401 216 1444 patet
244 1392 484 1430 ambitiosam
507 1393 614 1431 istam
636 1402 759 1431 vatem
781 1393 830 1431 de
850 1393 1067 1432 Alexandro
1089 1405 1242 1430 carmen
1270 1391 1579 1430 encomiasticum

111 1457 313 1504 cecinisse,
334 1456 438 1507 quod
459 1470 581 1507 graeca
607 1457 827 1495 adulatione
847 1465 1052 1507 exceptum
1072 1456 1277 1507 statimque
1302 1469 1372 1506 pro
1393 1454 1581 1505 Sibyllino

111 1520 285 1559 habitum
303 1519 360 1558 sit.
376 1520 594 1559 Invenimus
605 1520 707 1572 apud
722 1519 930 1564 Plutarch„
945 1519 1073 1570 Symp.
1086 1520 1132 1566 V,
1148 1518 1272 1570 probl.
1289 1532 1327 1570 2,
1344 1518 1579 1569 Erythraeam

110 1585 219 1623 aliam
252 1585 436 1636 poetriam
466 1584 781 1635 Aristomachen,
809 1597 895 1635 quae
920 1583 1097 1622 carminis
1128 1584 1327 1635 praeinium
1347 1583 1385 1620 in
1415 1583 1579 1621 lsthmiis

109 1649 207 1688 ludis
227 1649 407 1687 meruisse
421 1648 585 1699 dicitur-3
604 1657 641 1687 et
659 1648 750 1686 alibi
767 1648 869 1699 apud
885 1648 1060 1686 eumdem
1084 1647 1319 1697 Erythraeam
1337 1647 1579 1698 Hesychiam,

109 1711 341 1750 sacerdotem
358 1712 437 1749 sive
452 1712 660 1749 antistitem
680 1711 876 1761 Minervae,
895 1710 997 1748 bello
1015 1710 1341 1761 Peloponnesiaco
1356 1723 1577 1761 supparem,

108 1777 157 1814 ‹le
172 1775 287 1826 Pyth.
305 1777 416 1814 Orac.
432 1789 468 1826 p.
490 1776 588 1825 5863
610 1774 675 1813 sed
699 1783 875 1814 neutram
895 1774 942 1813 ad
955 1773 1120 1825 Sibyllas
1136 1771 1402 1825 pertinentem.
1421 1774 1576 1813 Omissis

109 1842 226 1892 igitur
247 1839 328 1877 istis
346 1839 585 1887 mulieribus,
603 1847 718 1890 atque
738 1839 818 1890 ipsa
840 1833 1072 1886 Athena'ide',
1094 1847 1233 1889 praetcr
1261 1837 1488 1876 Strabonem
1510 1852 1575 1876 ne·

111 1906 201 1944 mini
218 1905 584 1954 nota,'redeundum
600 1905 679 1956 jam
695 1906 741 1943 ad
760 1905 929 1956 priorem
951 1905 1050 1942 illam
1064 1904 1248 1954 Sibyllam
1263 1917 1376 1955 qnam
1393 1903 1574 1942 hactenus

109 1971 344 2021 Erythraeam
372 1983 458 2008 cum
478 1970 591 2020 vulgo
617 1969 923 2019 nominavimust,
949 1977 1075 2006 utrum
1100 1981 1192 2006 vero
1216 1967 1474 2007 Mei-messiam
1502 1982 1575 2020 po-

110 2038 182 2074 tius
201 2034 276 2073 dici
292 2034 521 2086 oportuerit,
546 2041 695 2084 tempus
710 2041 765 2071 est
781 2045 884 2070 nunc
904 2032 1107 2082 inquirere.
1175 2034 1179 2036 “

109 2284 216 2323 CAP.
236 2283 303 2323 ΠΙ.
324 2286 380 2322 De
395 2282 540 2333 Sibylla
555 2284 787 2329 McrmessIa,
809 2286 883 2319 sive
899 2291 939 2319 ue
955 2282 1028 2319 alie·
1042 2285 1236 2331 scripsere,
1257 2282 1464 2332 Marpessia
1473 2311 1487 2332 ,
1504 2286 1577 2321 sive

163 2349 351 2398 Gergithia
362 2378 376 2398 ,
395 2352 468 2386 sive
487 2350 765 2397 Hellesponeict,
783 2351 857 2384 sive
876 2347 1043 2397 Phrygia
1057 2377 1066 2393 ,
1083 2350 1156 2383 σίνε
1174 2348 1336 2393 ijcma
1346 2377 1358 2395 ,
1380 2357 1574 2396 rursusque

160 2419 205 2454 de
232 2417 430 2466 Erythroea
453 2430 554 2466 soepe
574 2430 656 2453 cum
676 2417 743 2452 illa
761 2412 915 2463 confusa
927 2443 938 2465 ,
963 2423 1000 2451 et
1013 2413 1126 2452 obiter
1141 2414 1187 2450 de
1207 2413 1377 2464 Phrygia
1392 2415 1471 2450 alic:
1490 2416 1572 2451 An-

159 2496 296 2531 cyreum
306 2511 319 2529 ‚
341 2495 388 2520 ac
407 2483 455 2519 de
479 2483 642 2529 Trojano
660 2482 880 2530 antiquiore.

158 2616 313 2654 Servata
343 2624 418 2654 tam
437 2608 640 2666 diligenter
662 2612 711 2651 ab
729 2612 936 2663 Erythraeis
960 2611 1116 2663 Sibyllae
1134 2612 1313 2650 memoria
1341 2624 1417 2650 non
1446 2620 1571 2651 tamen

110 2679 233 2717 el'seeit
251 2688 292 2717 ut
312 2692 355 2717 ea
381 2679 505 2727 laude,
530 2692 643 2730 quam
664 2678 892 2728 singularem
918 2677 1172 2724 affectabant,
1193 2676 1316 2715 securi
1334 2677 1568 2717 fruerentur.

109 2742 193 2788 Quo
211 2747 307 2782 enim
327 2757 365 2782 se
380 2752 559 2795 tanquam
581 2743 777 2794 praecipuo
797 2742 1034 2781 munimento
1049 2741 1267 2792 tuebantur,
1288 2741 1394 2781 locus
1413 2741 1482 2781 iste
1501 2741 1571 2779 snit

110 2819 155 2844 cx
174 2808 368 2858 Erythraeo
392 2809 445 2847 sic
465 2816 601 2847 vocato
620 2807 785 2846 carmine
801 2821 822 2846 a
839 2806 1026 2847 Pausania
1041 2820 1156 2858 supra
1173 2806 1309 2845 citatus
1332 2819 1340 2844 :

266 2872 348 2920 Εἰμὶ
368 2872 395 2910 δ’
409 2872 476 2925 ἐγὼ
493 2877 636 2924 γεγαυῖα
657 2871 760 2924 μέσον
781 2874 906 2919 θνητῆς
933 2887 970 2910 τε
995 2875 1072 2915 θεᾶς
1091 2887 1126 2910 τε
1142 2901 1152 2920 ,

1606 1153 1625 1182 0
