1752 3495
118 198 146 242 8
378 232 381 235 ,
488 195 569 239 AD
603 195 949 238 SlBYLLINOS
982 193 1190 237 LIBROS

118 292 506 338 Plutarcho-citatum,
523 290 570 328 de
590 290 699 339 Pyth.
720 290 832 329 Orac.
859 298 883 327 t.
902 289 993 335 Vll,
1016 303 1052 340 p.
1072 289 1159 336 561,
1180 287 1239 329 ed.
1262 287 1493 335 Reisk.,loco
1509 289 1570 326 in·

115 357 229 407 signi,
255 368 366 407 quem
397 355 508 392 etiam
539 354 783 404 Klausenius,
815 354 1042 405 epigraphes
1075 353 1211 398 instar,
1242 365 1318 389 suae
1346 351 1396 389 ‹le
1415 351 1569 402 Sibyllis

114 417 364 455 dissertationi
384 416 570 468 praestxit:
593 414 746 453 Σίὸυλλα
768 413 803 452 δὲ
826 415 1024 467 μαινομένῳ
1045 415 1215 465 στόματι,
1231 413 1307 452 καθ’
1326 412 1567 466 Ἡράκλειτον,

113 479 287 532 ἀγέλαστα
306 478 365 517 καὶ
389 478 637 516 ἀκαλλώπιστα
664 477 722 516 καὶ
750 476 921 529 ἀμύριστα
948 478 1162 530 φθεγγομένη
1180 478 1302 529 χιλίων
1324 478 1409 515 ἐτῶν
1431 477 1570 522 ἐξικνεῖ-

99 559 169 581 -ται
187 545 230 595 τῇ
259 545 354 595 φωνῇ
380 540 434 580 διὰ
452 542 508 580 τὸν
528 541 615 579 θεόν.
637 543 721 588 Quo
746 551 865 578 tamen
885 542 968 579 loco
995 549 1132 579 temere
1150 540 1255 578 abuti
1276 540 1436 578 nolimus
1454 554 1463 579 :
1491 554 1569 577 non

112 607 212 644 enim
239 607 323 657 ipsa
343 605 521 644 Heracliti
545 603 659 642 verba
681 604 921 642 aPlutarcho
951 605 1114 655 proferri
1142 605 1200 642 vel
1227 618 1273 642 ex
1299 605 1379 655 ipsa
1406 604 1568 641 dialecto

112 670 223 708 nimis
247 670 360 708 attica
389 669 629 707 manifestum
661 678 727 707 est.
756 668 883 714 Quare
916 676 952 705 et
975 667 1172 718 ἀγέλαστα,
1195 677 1339 719 εῑηιιω
1357 675 1570 718 sequuntur

112 734 302 785 epitheta,
327 742 362 771 ct
383 733 479 770 mille
507 746 693 770 annorum
714 733 959 779 mentionem,
977 746 1018 769 ac
1043 732 1206 781 denique
1226 732 1353 769 omnia
1374 731 1568 769 Plutarchi

111 811 191 836 esse
219 797 428 844 credimus,
459 805 595 844 praeter
618 796 710 833 duas
736 809 848 833 voces
869 787 1067 848 μαινομένῳ
1094 794 1259 844 στόματι,
1283 809 1367 845 qum
1395 796 1473 832 sola
1502 808 1566 832 ar-

111 851 282 898 chalcum
309 859 459 898 dicendi
490 872 609 910 genus
637 859 809 897 redolent
828 868 864 896 et
888 858 1050 909 quadam
1069 858 1170 908 apud
1191 858 1369 909 antiquos
1390 858 1568 896 videntur

111 924 334 962 auctoritate
361 923 532 961 valuisse.
555 924 610 960 Eo
633 924 777 972 quippe
798 922 1034 960 referendum
1060 922 1162 972 quod
1186 923 1321 959 Cicero
1350 922 1396 959 de
1417 921 1568 971 sibyllas

108 1002 185 1026 suae
205 987 375 1025 versibus
390 986 533 1032 scribit,
559 986 605 1023 de
625 987 752 1024 Divin.
770 986 834 1024 lib.
857 986 940 1035 11‚§
962 987 1024 1031 54,
1049 999 1172 1035 «qnos
1192 986 1254 1022 illa
1276 986 1402 1023 furens
1427 985 1568 1022 fudisse

110 1052 269 1099 dicitur3
284 1069 299 1084 x·
326 1050 505 1101 quodque
525 1050 607 1101 ipsa
636 1050 681 1087 tle
701 1064 740 1088 se
758 1063 890 1088 canere
917 1050 1070 1100 lingitur
1089 1049 1229 1099 Sibylla
1250 1049 1350 1100 apud
1373 1050 1568 1100 Phlegon-

110 1125 199 1164 tem,
221 1116 267 1153 de
284 1115 460 1165 Longaev.
476 1145 486 1162 ‚
507 1128 588 1166 cap.
614 1121 632 1158 l,
653 1129 659 1149 :

289 1178 493 1230 Μαινομένη
515 1178 576 1229 μὲν
599 1179 649 1217 ἐνὶ
667 1182 802 1226 θνητοῖς
821 1178 879 1216 καὶ
902 1178 1031 1216 ἄπιστα
1051 1176 1212 1228 λέγουσα.

108 1244 249 1282 Confer
267 1251 304 1280 et
325 1242 596 1292 Sibyllinorum
620 1251 837 1280 nostrorum
864 1241 930 1282 lib.
953 1242 1029 1287 ΙΙΙ,
1053 1255 1086 1278 v.
1111 1242 1206 1290 814,
1224 1254 1331 1291 s‹1q.:

758 1306 919 1353 ψήσουσι
939 1305 1113 1345 Σίέἷυλλαν

289 1369 526 1421 Μαινομένην,
545 1370 758 1423 ψεύστειραν·
780 1370 865 1417 ἐπὴν
890 1370 924 1407 δὲ
946 1368 1087 1421 γένηται
1107 1367 1266 1418 ἅπαντα,

287 1436 320 1473 T
321 1434 423 1480 ηνίκα
442 1449 506 1484 μου
527 1433 668 1483 μνήμην
689 1433 849 1480 ποιήσετε
863 1463 872 1481 ,
891 1432 1027 1471 κούκέτι
1043 1435 1079 1482 μ’
1096 1432 1203 1475 οὐδεὶς

286 1496 508 1547 Μαινομένην
526 1497 656 1549 φήσειε.

105 1564 349 1613 Quapropter
362 1576 408 1600 ex
423 1563 536 1600 allato
562 1562 739 1600 Heracliti
755 1561 857 1613 apud
877 1562 977 1601 Plut.
997 1562 1234 1607 testimonio,
1257 1560 1352 1598 nihil
1373 1561 1473 1598 aliud
1493 1561 1568 1598 col-

103 1628 168 1678 ligi
186 1627 344 1664 velimus
359 1628 444 1673 nisi,
466 1627 642 1664 lleracliti
667 1635 851 1676 tempore,
871 1635 977 1664 sexto
994 1635 1081 1664 ante
1101 1626 1292 1663 Christum
1312 1625 1448 1663 saeculo
1469 1624 1566 1663 (lesi-

105 1681 240 1738 nente,
270 1690 451 1741 Sibyllam
485 1703 561 1727 non
591 1689 705 1727 modo
737 1689 814 1739 jam
847 1690 1074 1738 innotuisse,
1105 1689 1168 1727 sed
1200 1689 1356 1727 etfama
1389 1689 1566 1738 inclytam

106 1756 241 1803 fnisse,
267 1763 442 1806 tanquam
465 1756 595 1793 divino
613 1754 777 1805 quodam
795 1764 912 1791 oestro
933 1754 1058 1792 sutura
1081 1754 1366 1793 vaticinantem.

156 1819 240 1857 Non
263 1817 365 1856 aliud
385 1828 440 1855 est
460 1818 643 1856 Heracliti
666 1817 918 1855 testimonium
942 1831 963 1855 a
985 1817 1456 1856 ClementeAlexandrino
1476 1830 1567 1868 pro-

105 1883 234 1929 latum,
253 1883 392 1921 Strom.
410 1881 478 1920 lib.
499 1883 526 1927 1,
547 1895 582 1932 p.
605 1882 696 1929 358,
715 1881 774 1918 etl.
791 1883 861 1920 Ox,
881 1879 1124 1932 τἹΙράκλειτος
1136 1882 1197 1919 οὐκ
1211 1874 1428 1933 ἀνθρωπίνως
1452 1881 1567 1933 φησὶν,

107 1945 195 1984 ἀλλὰ
215 1944 274 1983 σὺν
294 1947 358 1998 θεῷ
373 1946 502 1995 μᾶλλον
524 1945 679 1996 Σιὸύλλῃ
698 1945 881 1996 πεφάνθαι.
903 1945 1027 1983 Verba
1044 1945 1142 1983 enim
1159 1943 1217 1982 σὺν
1237 1946 1302 1996 θεῷ
1321 1944 1421 1982 idem
1444 1944 1568 1982 valent

104 2009 207 2060 quod
227 2010 328 2061 apud
346 2010 592 2048 Plutarchum
613 2008 668 2047 διὰ
687 2008 744 2046 τὸν
767 2009 852 2056 θεόν,
870 2022 988 2059 eaque
1008 2009 1158 2046 videtur
1177 2009 1351 2048 Clemens
1367 2022 1452 2046 cum
1474 2009 1567 2046 reli-

106 2073 190 2123 quis
218 2073 329 2124 hujus
349 2073 551 2123 fragmenti
583 2087 658 2110 non
687 2082 761 2110 tam
796 2087 843 2110 ex
876 2073 1062 2110 Heraclito
1100 2072 1351 2124 desumpsisse
1381 2085 1492 2122 quam
1520 2085 1566 2109 ex

104 2137 188 2188 ipso
219 2136 437 2187 Plutarcho,
452 2136 573 2187 cujus,
595 2145 634 2174 ut
660 2136 750 2174 alias.
769 2149 922 2187 quoque
950 2135 1236 2184 monstrabitur,
1259 2136 1435 2187 frequens
1455 2137 1566 2174 nimis

104 2201 330 2252 compilator
349 2210 419 2240 est.

156 2266 356 2304 Proximus
381 2274 469 2316 post
487 2266 715 2304 Heraclitum
736 2266 839 2303 testis
860 2264 1026 2302 occurrit
1049 2264 1343 2315 Aristophanes,
1364 2265 1427 2315 qni
1447 2278 1564 2315 quum

104 2329 151 2366 ad
171 2329 352 2378 Sibyllina
376 2330 528 2366 oracula
545 2342 644 2379 saepe
663 2329 841 2380 respiciat
856 2328 1001 2380 (confer
1017 2336 1189 2365 nostrum
1206 2329 1296 2366 Exc.
1314 2328 1364 2380 ll)
1381 2358 1391 2376 ,
1413 2328 1566 2379 Sibyllae

102 2393 221 2444 ipsius
241 2392 299 2430 bis
319 2393 490 2430 meminit
512 2393 548 2429 in
571 2394 690 2440 Pace,
713 2407 748 2431 v.
773 2393 866 2442 1095
887 2408 895 2429 :

311 2458 363 2496 Οὐ
385 2456 521 2509 μετέχω
537 2456 679 2496 τούτων·
699 2459 736 2496 οὐ
755 2456 820 2511 γὰρ
836 2457 933 2496 ταῦτ’
950 2450 1023 2495 εἷπε
1041 2455 1198 2496 Σίὸυλλα
1210 2485 1220 2501 ,

103 2529 141 2558 et
161 2520 276 2571 paulo
296 2520 414 2568 infra,
432 2536 466 2556 v.
490 2522 612 2559 1116:

311 2584 385 2630 Τὴν
406 2584 582 2623 Σίὸυλλαν
601 2585 709 2632 ἔσθιε,

103 2657 305 2698 utrumque
336 2648 479 2687 ludicre
509 2650 676 2697 dictum,
704 2659 740 2688 et
769 2649 880 2687 nobis
911 2650 1001 2688 alias
1030 2649 1243 2699 diligentius
1272 2648 1565 2698 excutiendum;

101 2713 202 2751 unde
228 2722 352 2750 tamen
381 2722 460 2751 tuto
489 2714 642 2764 colligas
673 2715 862 2766 vulgatam
885 2715 1043 2752 Athenis
1064 2722 1140 2751 tum
1173 2714 1288 2751 fuisse
1308 2726 1385 2751 non
1411 2713 1563 2764 Sibylli-

101 2789 239 2819 norum
264 2777 391 2829 modo,
410 2777 476 2816 sed
492 2787 529 2816 et
549 2779 666 2829 ipsius
686 2778 840 2829 Si‘byllae
863 2778 1010 2817 famam.

151 2840 264 2888 Quod
288 2855 379 2880 vero
401 2843 610 2881 Heraclitus
628 2852 665 2881 et
684 2843 957 2894 Aristophanes
978 2843 1161 2893 Sibyllam
1186 2842 1364 2893 singulari
1386 2856 1560 2894 numero,
