1752 3495
121 248 213 294 214
503 248 584 291 AD
619 248 960 293 SlBYLLlNOS
993 249 1202 293 Ltssflos

96 389 104 398 ι
173 343 414 383 Evolvuntur
429 343 568 382 deinde
586 343 694 392 libri,
714 344 790 382 sata
808 345 942 395 populi
960 345 1121 384 Romani
1148 345 1408 396 inquiruntur,
1424 358 1466 388 ut
1486 350 1581 392 idem

110 408 256 459 *Ulpius
272 408 345 446 ait:
360 407 424 446 sed
439 408 514 446 hoc
531 409 712 447 secretius
726 417 763 446 et
776 408 912 446 amotis
930 408 1089 447 testibus
1107 410 1274 458 sactum3
1296 423 1365 448 nec
1376 411 1462 450 licet
1475 414 1582 454 nobis

120 474 292 525 profanis
309 482 456 525 partem
470 473 572 512 illam
585 473 805 512 interiorem
822 473 951 510 arcani
972 473 1170 512 ministerii
1191 473 1343 523 subire,
1365 476 1580 529 priusquam

118 537 247 576 saltem
265 537 394 576 omnia
412 551 497 589 quae
518 537 641 589 palam
659 535 883 588 agebantur,
907 550 1069 589 quaeque
1083 538 1170 576 ideo
1184 539 1298 577 certis
1312 548 1510 580 auctorum
1531 552 1582 583 te-

118 602 304 641 stimoniis
324 602 501 654 cognosci
521 610 695 653 possunt,
715 601 1018 651 exposuerimus.

254 816 360 853 CAP.
383 814 482 854 xlv.
505 816 562 855 D<
571 817 871 865 promulgatione
886 828 1139 865 responsorum
1159 815 1437 864 Sibyllinorum.

165 923 374 974 Vopiscus,
395 923 470 960 loc.
496 922 581 971 cit„
611 935 730 973 quum
751 923 798 962 de
825 922 1013 962 adeundis
1042 922 1150 962 libris
1167 924 1340 975 prolixus
1367 924 1518 975 suisset,
1536 927 1580 967 de

115 987 229 1026 aditis
241 986 318 1038 jam
345 995 383 1025 et
401 987 448 1024 ad
468 987 650 1026 effectum
671 987 925 1038 perducendis
941 995 1077 1025 contra
1095 986 1345 1025 brevissimus
1362 996 1419 1026 est
1436 1003 1445 1026 t
1462 990 1580 1029 «Itum

115 1070 130 1085 ·
147 1060 204 1090 est
223 1051 270 1089 ad
288 1052 486 1102 templum,
502 1052 662 1102 inspecti
683 1051 785 1099 libri,
803 1051 943 1103 proditi
959 1064 1108 1097 versus,
1131 1052 1289 1090 lustrata
1310 1050 1421 1098 urbs,
1440 1062 1582 1093 cantata

113 1135 129 1151 «ι
144 1114 331 1164 carmina,
351 1115 593 1155 ambul-bium
624 1116 859 1155 celebratum
874 1147 884 1166 ‚
910 1116 1145 1155 ambarvalia
1175 1116 1381 1168 promissa,
1401 1125 1514 1168 atque
1534 1119 1581 1157 ita

76 1211 79 1214 Α
115 1181 352 1219 «solennitas
384 1194 469 1232 quae
497 1180 708 1232 jubebatur
727 1182 878 1232 expleta
900 1190 971 1221 est.
996 1200 1011 1216 ι»
1044 1182 1177 1232 ltaque
1206 1181 1254 1219 de
1282 1182 1582 1233 promulgatione

115 1245 287 1297 responsi
314 1244 512 1296 Sibyllini,
544 1245 622 1283 haee
655 1254 799 1283 tantum
833 1261 841 1283 ε
869 1246 1065 1297 αΙηεΡοοῑί
1093 1244 1202 1293 libri,
1238 1245 1379 1297 proditi
1402 1259 1581 1287 versus.»

112 1309 186 1349 Sed
224 1322 376 1348 necesse
409 1309 501 1359 fuit,
542 1310 765 1362 priusquam
799 1309 1034 1362 proderetur
1065 1311 1265 1348 oraculum
1279 1339 1289 1356 ,
1314 1311 1457 1348 deferri
1493 1312 1580 1351 illud

116 1386 184 1425 per
202 1374 424 1425 magistrum
445 1375 595 1426 collegii
616 1375 664 1413 ad
685 1383 856 1413 senatum
877 1389 942 1413 seu
964 1374 1096 1427 potius
1115 1375 1163 1413 ad
1189 1375 1429 1426 magistratus
1457 1376 1581 1426 quide

115 1452 159 1476 ea
178 1452 221 1477 re
240 1439 287 1477 ad
310 1448 482 1477 senatum
504 1440 707 1480 referrent.
733 1441 825 1478 Nam
858 1440 961 1491 quod
983 1440 1021 1477 in
1041 1439 1251 1490 probandis
1278 1441 1520 1478 oraculorum
1540 1441 1582 1479 li-

114 1502 195 1541 bris
211 1503 404 1542 observari
418 1504 572 1542 solitum
589 1505 702 1542 docet
716 1504 863 1543 'riberii
876 1505 977 1555 apud
994 1505 1170 1543 Tacitum
1187 1505 1361 1555 epistola,
1376 1505 1510 1544 Annal.
1523 1505 1582 1550 Vl,

114 1567 187 1606 loc.
204 1569 280 1615 cit.‚
301 1578 370 1606 «ut
391 1568 489 1606 lecto
517 1582 584 1619 per
613 1570 812 1619 magistros
829 1569 1086 1620 aestimatoque
1118 1570 1308 1619 carmine,
1332 1582 1378 1607 ex
1405 1570 1580 1607 sententia

114 1651 129 1666 a
146 1633 318 1683 collegii,
339 1646 399 1670 res
419 1632 466 1670 ad
490 1633 727 1684 frequentem
754 1643 925 1671 senatum
947 1632 1208 1680 defen-retum,
1230 1633 1268 1670 id
1290 1634 1328 1671 in
1351 1634 1582 1683 proferendis

114 1711 268 1749 quoque
286 1696 484 1748 Sibyllinis
510 1699 700 1749 responsis
721 1697 967 1736 observatum
997 1698 1135 1746 fuisse,
1161 1698 1273 1735 facile
1293 1697 1578 1748 conjiceremus,
1622 1745 1625 1748 Ι

113 1762 186 1800 nisi
207 1769 375 1800 exstaret
404 1762 588 1800 disertum
616 1762 655 1800 in
682 1762 780 1800 hanc
799 1775 878 1800 rem
902 1762 1162 1800 testimonium
1189 1761 1325 1800 Dionis
1349 1761 1483 1809 Cassii,
1504 1763 1581 1800 loco

108 1826 187 1878 jam
202 1840 223 1865 a
240 1827 350 1865 nobis
368 1827 509 1878 citato,
530 1827 594 1866 lib.
612 1828 788 1875 xxxix,
806 1828 828 1878 §
853 1842 864 1864 1
877 1829 914 1875 5,
931 1828 1166 1879 promulgari
1184 1828 1256 1865 tale
1271 1841 1492 1878 responsum
1511 1841 1581 1865 non

115 1891 229 1929 licere
248 1891 379 1929 nisiex
395 1893 748 1930 senatusconsulto:
770 1892 823 1931 Οὔ
843 1890 912 1945 γὰρ
932 1891 1010 1937 ἐξῆν
1030 1891 1124 1930 οὐδὲν
1146 1893 1216 1930 τῶν
1236 1890 1473 1939 Segouesum,
1493 1892 1520 1928 εἰ
1538 1891 1580 1941 μὴ

42 1989 60 2018 9
97 1958 135 2007 [ἡ
157 1953 264 2007 βουλὴ
289 1955 490 2009 ψηφίσαιτο,
510 1956 555 1998 εἷς
573 1954 613 1994 τὸ
631 1957 761 2002 πλῆθος
785 1954 1067 2006 ἐξαγγέλλεσθαι.
1090 1957 1222 2007 ltaque
1238 1964 1376 1994 contra
1399 1957 1454 1994 sas
1473 1956 1583 2006 egisse

116 2021 321 2059 aestimatus
342 2030 413 2070 est,
437 2022 492 2059 uti
518 2022 596 2071 jam
617 2021 805 2069 diximus,
835 2022 876 2060 C.
896 2021 1012 2069 Cato,
1033 2021 1211 2059 tribunus
1238 2021 1386 2072 plebis,
1408 2021 1509 2072 quod
1529 2034 1582 2059 re-

115 2099 298 2137 sponsum
320 2085 513 2137 quoddam
539 2086 768 2136 sibyllinum
795 2085 843 2124 de
869 2086 1024 2137 AEgypti
1045 2100 1134 2137 rege
1163 2100 1240 2124 non
1267 2086 1505 2132 reducendo,
1527 2085 1581 2123 in-

115 2150 226 2188 certis
249 2149 372 2201 plebis
391 2149 608 2188 rumoribus
626 2158 953 2202 praeoccupatum,
976 2151 1116 2188 veritus
1130 2163 1179 2187 ne
1197 2151 1236 2188 in
1255 2160 1388 2189 senatu
1409 2164 1581 2202 quorum·

115 2215 202 2253 dam
223 2216 409 2254 industria
429 2216 745 2267 supprimeretur,
769 2216 944 2255 XVviros
965 2216 1002 2253 in
1021 2215 1248 2253 concionem
1275 2224 1491 2267 protractos
1519 2226 1580 2266 pa-

116 2280 188 2318 lam
215 2280 363 2319 edicere
383 2281 507 2332 coegit
536 2289 624 2319 ante
651 2289 806 2319 senatus
834 2280 1074 2320 sententiam.
1098 2280 1216 2331 Cujus
1235 2283 1289 2318 rei
1311 2281 1578 2325 narrationem,

115 2346 294 2397 quoniam
321 2345 414 2384 mire
433 2345 481 2384 ad
509 2355 676 2384 nostram
704 2360 783 2384 rem
811 2346 999 2397 pertinet,
1020 2354 1138 2384 totam
1167 2346 1231 2384 hic
1246 2346 1358 2397 juvat
1384 2357 1578 2397 exponere.

116 2409 242 2448 Verba
262 2419 350 2448 sunt
375 2410 534 2449 Dionis:
551 2409 697 2457 Ἐπειδὴ
717 2408 785 2462 γὰρ
811 2409 961 2461 τάχιστα
982 2411 1001 2447 ὁ
1021 2412 1098 2453 νοῦς
1125 2411 1194 2448 τῶν
1220 2411 1311 2448 ἐπῶν
1338 2408 1578 2463 &sepum-50³2,

116 2473 232 2528 ὥσπερ
260 2475 358 2514 εἴωθε
382 2475 580 2527 γίγνεσθαι,
600 2475 708 2514 ἔδεισε
738 2474 786 2526 μὴ
813 2475 1067 2529 συγκρυφθείη·
1094 2475 1153 2513 καὶ
1182 2474 1216 2519 ἔς
1237 2491 1275 2514 τε
1303 2474 1360 2514 τὸν
1380 2475 1497 2527 ὅμιλον
1516 2471 1581 2514 τοὺς

116 2540 230 2592 ἱερέας
246 2540 415 2593 ἐσήγαγε,
434 2542 609 2579 κάνταῦθα
627 2540 706 2593 πρὶν
729 2542 842 2579 ὁτιοῦν
860 2538 924 2586 τὴν
943 2538 1127 2593 γερουσίαν
1149 2540 1205 2578 ἐπ’
1226 2541 1342 2585 αὐτοῖς
1362 2537 1580 2593 χρηματίσαι,
1630 2547 1635 2553 ’

117 2604 314 2649 ἐξεῧιάσατο
335 2612 420 2658 σφᾶς
437 2606 629 2652 ἐκλαλῆσαι
645 2605 684 2644 τὸ
699 2606 827 2655 λόγιον.
838 2602 944 2658 Ὅσῳ
959 2604 1026 2657 γάρ
1040 2620 1093 2644 τοι
1111 2605 1243 2655 μᾶλλον
1264 2606 1325 2643 οὔκ
1346 2605 1455 2643 ἐδόκει
1474 2602 1580 2653 σφίσιν

118 2668 261 2716 ἐξεῖναι,
280 2673 380 2707 τοῦτο
397 2669 438 2708 τὸ
459 2671 587 2716 πλῆθος
604 2669 684 2723 ἔσχε
704 2671 802 2722 (lege
840 2668 994 2722 τοσούτῳ
1010 2668 1049 2707 τὸ
1068 2670 1199 2716 πλῆΟος
1223 2669 1343 2722 ἐνέσχε
1364 2670 1423 2707 vel
1447 2666 1577 2718 ἐνεῖχε).

119 2733 189 2772 Καὶ
209 2734 318 2772 ἐκεῖνο
338 2732 398 2783 μὲν
424 2732 523 2785 ἔσχεν
545 2732 669 2781 οὕτως,
685 2733 744 2771 καὶ
771 2735 803 2776 ἐς
823 2732 886 2779 τὴν
907 2735 974 2771 τῶν
996 2732 1154 2772 Λατίνιον
1175 2734 1339 2785 γλῶσσαν
1364 2729 1490 2785 γραφὲν
1509 2732 1579 2768 &vz-

116 2797 286 2850 κηρύχθη.
308 2797 420 2836 Vides
438 2798 666 2836 reluctantes
686 2799 879 2845 XVviros,
901 2807 937 2836 et
954 2798 1057 2850 quod
1081 2807 1276 2850 rogantur,
1302 2799 1413 2836 licere
1432 2796 1503 2834 sibi
1517 2808 1577 2832 ne-

119 2871 258 2911 gantes.
290 2861 401 2901 Vides
431 2863 630 2901 instantem
657 2862 804 2914 plebem
837 2878 880 2899 vo
909 2864 1032 2902 acl-inv.
1060 2878 1137 2915 quo
1164 2863 1399 2915 pertinacius
1432 2863 1498 2914 ipsi
1522 2873 1576 2898 re-
