1686 3500
621 238 933 286 EXCURSUS
970 239 1023 284 V.
1397 242 1405 253 “
1468 242 1559 287 389

446 393 555 433 CAP.
584 392 631 434 X.
652 395 711 432 De
723 397 847 444 pre'mo
868 392 958 432 tibm
975 401 1012 432 et
1028 394 1201 434 secundo.

139 512 387 552 Pervenimus
413 513 493 565 jam
519 513 568 553 ad
586 526 652 552 eos
673 512 793 552 libros
811 527 909 566 quos
927 513 1152 553 recentioris
1166 513 1286 553 :etatis
1301 522 1498 567 suspectos
1516 529 1563 555 eo

88 577 204 628 magis
219 577 353 617 haberi
369 577 472 629 licet,
490 573 631 629 quoda
649 578 758 617 nullo
773 578 987 631 priscorum
1007 579 1162 618 Patrum
1182 577 1290 617 citati
1308 578 1564 631 reperiuntur.
1618 625 1623 630 ⁸

86 645 260 690 Quorum
288 655 421 694 agmen
441 636 589 680 ducunt
613 642 760 694 primus
788 641 885 680 liber
905 651 943 681 et
966 642 1171 683 secundus.
1198 643 1292 683 Nam
1317 656 1365 681 ex
1391 643 1437 682 iis
1461 644 1579 695 apud

84 707 320 758 antiquiores
362 706 490 745 nullus
524 720 658 745 versus
690 707 863 758 prolatus
903 715 1048 756 exstat,
1082 707 1155 745 nisi
1187 707 1254 759 qui
1287 707 1456 763 par-iter,
1486 709 1564 747 imo

85 771 224 810 rectius
249 785 298 810 ex
316 771 402 810 aliis
422 770 530 810 libris
552 773 673 824 repeti
700 772 830 823 possit.
850 772 963 811 Prior
983 781 1107 811 tamen
1127 785 1148 810 a
1171 772 1371 812 Lactantio
1390 780 1428 811 et
1450 772 1566 812 Euse-

83 839 149 878 bio
162 838 277 876 semel
294 847 359 877 aut
376 837 434 876 bis
450 837 748 884 videturinnui‚
769 837 835 876 sed
860 836 1024 876 obscure
1051 845 1089 876 et
1117 836 1306 889 ambigue.
1336 838 1566 889 Quanquam

85 915 292 956 utrumque
319 903 516 955 antiquum
538 917 638 952 esse,
665 918 736 942 uec
761 903 1015 955 posteriorem
1043 903 1170 941 saeculi
1193 901 1293 941 tertii
1314 902 1434 941 media
1456 911 1566 954 parte

84 979 167 1008 tuto
182 969 299 1008 asseri
314 977 459 1022 potest,
479 968 570 1021 quia
585 969 622 1006 in
645 967 753 1007 libris
771 968 916 1006 ultimis
933 967 1102 1016 §ct-XIV,
1120 966 1166 1005 ad
1188 967 1290 1006 illam
1312 976 1459 1006 aetatcm
1478 981 1571 1020 per··

83 1034 308 1083 tinentibus,
327 1034 446 1072 multa
467 1047 515 1072 ex
535 1041 702 1085 utroque
722 1032 899 1083 decerpta
921 1033 1060 1084 passim
1079 1041 1352 1084 agnoscuntur.

136 1100 259 1138 Ambo
289 1109 415 1138 autem
443 1112 513 1137 cur
532 1098 633 1136 inter
651 1112 691 1136 se
709 1098 926 1136 necessario
949 1097 1210 1150 conjungendi
1233 1098 1322 1146 sint,
1343 1098 1438 1138 infra
1463 1097 1568 1136 dice-

84 1176 189 1213 mus,
210 1173 326 1215 atque
350 1164 387 1202 id
420 1163 599 1214 colligere
624 1163 749 1214 quivis
771 1163 915 1213 poterit
933 1164 991 1200 vel
1011 1176 1057 1200 ex
1077 1163 1164 1213 ipso
1184 1176 1317 1201 eorum
1339 1171 1567 1215 argumento

81 1229 345 1280 continuoque
365 1242 492 1266 rerum
522 1237 666 1275 tenore,
685 1227 837 1278 qualem
850 1227 928 1278 jam
947 1226 1203 1267 ostendemus,

133 1294 260 1333 Unum
281 1306 486 1332 commune
513 1291 704 1331 ambobus
723 1300 989 1344 argumentum
1009 1292 1155 1344 optime
1180 1291 1414 1344 proponitur
1443 1292 1482 1330 in
1513 1292 1561 1330 lt-

82 1358 180 1396 mine
201 1358 286 1410 ipso
303 1357 389 1395 libri
405 1356 543 1409 primi:

239 1420 431 1475 Ἀρχομένη
451 1419 592 1475 πρώτης
609 1423 728 1473 γενεῆς
746 1420 907 1474 μερόπων
924 1420 1117 1474 ἀνθρώπων

234 1485 357 1540 Ἀχρις
376 1488 430 1525 ἐπ’
446 1486 631 1539 ἐσχατίῃσι
652 1485 883 1540 προφητεύσει)
898 1485 942 1525 τὰ
958 1486 1102 1525 ἕκαστα.

78 1554 177 1591 'rota
196 1552 296 1590 enim
316 1552 608 1603 generationum
630 1552 885 1590 humanarum
911 1552 1026 1590 series
1051 1551 1126 1589 illis
1143 1550 1297 1590 duobus
1316 1550 1426 1590 libris
1442 1551 1562 1590 conti-

78 1626 190 1655 netur
210 1616 259 1655 ab
279 1616 373 1655 orbe
393 1616 551 1655 condito
572 1629 694 1668 usque
718 1616 766 1654 ad
793 1625 1007 1655 extremum
1028 1616 1232 1668 judicium.
1251 1615 1370 1654 Simul
1396 1629 1440 1654 ea
1469 1629 1559 1654 om-

76 1682 135 1720 nia
167 1681 321 1733 Sibyllae
354 1682 510 1720 nomine
547 1682 633 1719 cani
662 1690 776 1733 atque
803 1681 956 1733 praediei
991 1682 1081 1719 satis
1110 1681 1281 1719 ostendit
1315 1680 1558 1732 participium

73 1746 251 1799 ἀρχομένη
270 1746 457 1785 feminino
481 1759 621 1798 genere
641 1747 831 1797 positum,
848 1746 955 1797 quod
979 1747 1092 1784 etiam
1118 1745 1337 1784 firmabitur
1354 1745 1438 1784 aliis
1459 1745 1555 1784 infra

75 1811 317 1857 testimoniis,
342 1811 378 1857 l,
400 1812 492 1858 287,
512 1822 625 1861 sqq.;
648 1810 707 1861 11,
732 1824 766 1857 1,
782 1823 881 1861 sqq.,
900 1812 990 1858 340,
1013 1823 1094 1861 sqq.

130 1880 230 1926 Age,
254 1876 454 1914 videamus
479 1875 572 1926 quid
604 1883 809 1925 personata
828 1876 894 1913 illa
924 1874 1071 1926 Sibylla
1092 1888 1234 1913 canens
1259 1874 1476 1914 inducatur.

131 1940 344 1980 Primordia
369 1939 491 1978 libril
522 1940 641 1989 magis
663 1939 835 1978 liistoriae
855 1953 969 1991 quam
998 1939 1182 1977 vaticinio
1211 1938 1349 1977 similia
1378 1938 1558 1991 proferri,

76 2005 192 2043 aetatis
219 2017 344 2049 (eausa,
366 2016 518 2041 necesse
547 2003 632 2041 suit.
667 2003 801 2054 ltaque
830 2012 917 2053 post
945 2003 1082 2040 Adami
1115 2012 1154 2041 et
1176 2003 1266 2042 Evae
1295 2005 1553 2049 creationem,

73 2069 276 2116 delictum,
301 2082 469 2120 poenam,
488 2075 738 2106 recensentur
770 2068 942 2119 quinque
977 2068 1176 2106 hominum
1204 2068 1488 2120 generationes,
1517 2068 1556 2108 in

73 2149 234 2186 (piarum
263 2135 420 2184 ultima,
451 2133 623 2171 omnium
647 2134 962 2184 corruptissima,
995 2133 1184 2172 diluvium
1215 2134 1453 2180 universum,
1486 2134 1555 2173 Dei

69 2201 190 2248 jussu,
211 2199 377 2249 primum
399 2213 418 2235 a
443 2199 588 2236 Noemo
608 2198 902 2249 praenuntiatur,
921 2211 959 2237 v.
983 2200 1072 2246 128,
1091 2211 1189 2249 sqq.,
1208 2198 1378 2250 erumpit
1395 2198 1557 2247 deinde,

72 2279 113 2302 ac
135 2278 272 2316 magno
289 2272 481 2315 apparatu
498 2263 649 2314 poetico
670 2262 915 2313 describitur,
934 2276 969 2301 v.
989 2270 1078 2309 214,
1102 2277 1187 2315 sqq.

123 2330 217 2367 ilinc
234 2342 331 2366 nova
347 2328 549 2380 progenies
565 2327 714 2378 incipit,
729 2342 765 2367 v.
782 2329 872 2374 283,
893 2341 994 2379 sqq.,
1012 2341 1129 2379 quam
1148 2328 1231 2379 ipsa
1245 2327 1393 2379 Sibylla
1407 2337 1553 2368 sextam

72 2403 201 2440 vocat,
235 2401 321 2444 post
357 2392 545 2430 diluvium
576 2392 759 2443 primam,
795 2392 904 2442 cnjus
935 2406 975 2430 se
1013 2393 1240 2443 participem
1276 2393 1400 2441 canit,
1435 2407 1556 2432 nurus

72 2459 214 2509 quippe
235 2457 370 2497 Noemi
386 2485 395 2502 ‚
417 2470 463 2495 ex
485 2470 573 2494 arca
596 2470 683 2494 eum
705 2469 841 2494 socero
871 2470 1042 2508 egressa3
1067 2471 1111 2494 ac
1140 2457 1319 2508 deinceps
1338 2457 1473 2509 incipit
1496 2458 1554 2496 fu·

73 2533 153 2562 tura
172 2523 394 2569 vaticinari,
416 2535 493 2559 non
513 2522 591 2570 J'urn
605 2551 617 2572 ,
639 2522 738 2560 sicut
760 2525 887 2572 antea,
907 2523 1102 2573 praeterita
1120 2536 1292 2562 narrare.

122 2589 246 2639 Fingit
265 2596 393 2625 autem
414 2587 451 2624 in
470 2586 534 2624 illa
553 2594 659 2624 sexta
674 2587 921 2638 generatione
935 2616 944 2633 ‚
965 2600 1004 2627 v.
1023 2600 1115 2638 291,
1131 2600 1230 2638 sqq.,
1255 2595 1328 2625 tres
1347 2599 1453 2637 reges
1474 2586 1555 2625 sore

67 2652 311 2703 justissimos,
331 2652 396 2703 qui
414 2651 562 2703 generis
579 2651 737 2689 humani
755 2652 923 2703 regimen
944 2653 1043 2689 inter
1061 2665 1100 2690 se
1118 2652 1341 2703 partiantur.
1356 2652 1552 2697 Quosnam

72 2719 167 2765 illos,
188 2718 261 2756 nisi
278 2726 353 2754 tres
369 2716 500 2755 Noemi
519 2718 653 2753 natos?
672 2716 897 2767 Quanquam
919 2729 1017 2753 unus
1034 2717 1165 2754 saltem
1179 2746 1189 2764 ,
1210 2716 1347 2754 ceteris
1369 2715 1552 2764 deterior,
1590 2764 1595 2768 ¹
1639 2765 1645 2771 Ι

71 2782 316 2834 excipiendus
338 2790 420 2819 erat
440 2809 450 2828 ,
482 2780 589 2831 quod
608 2780 753 2831 Sibylla
785 2781 909 2818 miuus
942 2780 1106 2829 curavit,
1124 2780 1227 2818 aliud
1262 2781 1408 2832 quippe
1437 2781 1554 2820 medi·

73 2856 150 2886 taus
173 2862 181 2884 ε
203 2861 287 2885 nam
310 2859 376 2884 eos
395 2845 548 2884 videtur
572 2858 660 2882 cum
681 2845 805 2882 tribus
831 2845 987 2884 Saturni
1008 2845 1128 2892 natis,
1148 2844 1187 2882 id
1209 2853 1281 2891 est,
1302 2858 1390 2882 cum
1413 2846 1551 2895 praeci-

73 2913 157 2961 puis
194 2912 365 2964 gentium
400 2910 495 2955 diis,
528 2909 768 2957 confundere
802 2909 967 2947 voluisse
997 2907 1061 2961 (id
1092 2922 1181 2957 nos,
1223 2908 1287 2947 sed
1331 2907 1551 2958 conjectura

76 2990 240 3026 tantum,
266 2983 428 3027 propter
446 2975 668 3025 sequentia,
688 2974 931 3025 divinamus).
959 2974 1099 3024 Utique
1124 2973 1410 3025 generationem
1429 2973 1558 3018 illam,
