1752 3495
170 205 230 251 -22
550 205 627 248 AD
660 205 997 251 SlBYLLlNOS
1031 205 1240 249 LIBROS

148 293 254 340 'nem
265 331 279 352 ‚
300 315 412 352 quem
433 313 504 353 pro
534 300 673 353 dialogi
704 313 864 352 persona
885 303 999 353 gratis
1017 315 1038 339 a
1062 301 1266 340 Plutarcho
1289 303 1502 353 excogitata
1530 305 1622 342 scri-

167 374 312 417 ptorem
332 365 418 404 fecit
431 365 626 417 antiquum
643 374 681 404 et
694 378 857 417 gravem.
870 367 944 406 Sed
964 376 1086 404 tamen
1107 366 1170 403 ille
1193 366 1439 405 Plutarchum
1457 366 1508 405 ob
1524 381 1621 406 ocu-

167 431 223 468 los
247 429 436 477 habebat,
467 438 504 467 et
523 429 802 481 exemplaribus
829 431 1008 468 utebatur
1038 443 1145 481 paene
1162 431 1234 482 ipsi
1253 431 1399 468 auctori
1417 431 1573 478 coaevis,
1600 445 1621 469 e

164 492 304 544 quibus
340 492 539 531 lectionem
559 494 657 531 eruit
676 493 714 531 ἐκ
729 492 932 543 Μαλιαίων,
963 507 1047 545 quae
1069 493 1179 532 nobis
1208 493 1306 532 idem
1335 494 1433 532 valet
1459 494 1562 545 quod
1582 495 1621 532 ἐκ

164 556 341 596 Μαλιέων.
361 558 503 609 Nempe
523 558 667 600 Μαλιεῖς
686 556 746 594 isti
766 569 830 594 seu
849 558 994 604 Μηλιεῖς
1026 558 1148 608 (prior
1179 558 1296 610 magis
1322 557 1471 605 dorica,
1505 558 1620 596 altera
1682 550 1689 557 ⁵

164 621 280 671 magis
304 622 417 659 attica
447 622 586 666 forma,
608 630 767 671 utraque
786 620 825 658 in
842 622 1035 659 communi
1065 621 1227 659 dialecto
1241 622 1478 673 promiscum
1496 621 1561 660 sed
1582 622 1618 659 in

161 685 286 723 numis
314 685 543 724 MAAIEQN
562 685 696 735 legitur
724 684 828 734 apud
848 685 1008 731 Minna„
1037 693 1128 724 tom.
1150 685 1208 734 11,
1241 698 1325 736 pag.
1352 687 1431 736 18),
1464 685 1621 724 suerunt

162 750 222 787 isti
244 762 333 787 sane
360 749 564 787 Thessaliae
585 748 716 799 populi
749 747 796 785 ad
824 748 1025 786 Maliacum
1051 749 1143 800 ipsis
1174 749 1438 800 cognominem
1470 749 1618 796 sinum,

159 827 321 864 quorum
349 814 439 852 urbs
462 815 637 865 princeps
672 814 818 861 Lamia,
847 813 949 851 bello
971 813 1149 851 Lamiaco
1169 814 1270 851 clara
1291 814 1351 865 (in
1380 814 1503 852 numis
1533 816 1619 853 ΛΑ-

158 877 332 925 ΜΙΕΩΝ,
356 878 464 925 ibid„
493 892 529 929 p.
560 879 637 928 13),
655 878 702 916 de
728 891 803 929 qua
824 878 1039 930 Stephanus
1059 878 1288 928 Byzantius:
1312 878 1446 928 Λαμία,
1470 879 1616 930 inquit,

156 941 254 985 πόλις
273 942 453 993 Μηλιέων,
472 944 503 980 οἱ
523 941 586 994 μὲν
609 941 678 981 ἀπὸ
694 943 818 993 Λάμου
841 946 900 982 τοῦ
920 942 1131 996 Ἡρακλέους
1150 941 1267 994 φασὶν,
1287 944 1318 981 οἱ
1339 942 1372 980 δὲ
1394 942 1461 981 ἀπὸ
1479 941 1620 994 Λαμίας

156 1006 333 1057 γυναικὸς,
362 1006 604 1054 ἣέὅασίλευσε
632 1006 845 1060 Τραχινίων.
870 1007 925 1046 En
948 1007 1065 1058 igitur
1092 1006 1159 1045 tibi
1181 1006 1332 1054 Lamia,
1359 1006 1465 1044 urbis
1488 1008 1621 1058 praeci-

157 1084 242 1121 puae
268 1072 370 1122 apud
403 1072 598 1110 Malienses
623 1072 837 1119 conditrix,
868 1072 1162 1111 Trachiniorum
1194 1072 1336 1122 regina,
1358 1071 1422 1122 qui
1454 1071 1543 1108 olim
1580 1072 1618 1108 in

155 1135 349 1174 Thessalia
384 1137 537 1174 suerunt
564 1136 813 1175 Maliensibus
839 1136 1079 1175 contermini.
1112 1137 1168 1174 De
1195 1135 1308 1184 hujus
1337 1135 1501 1173 mulieris
1533 1144 1619 1173 ortu

154 1200 247 1237 nihil
267 1201 493 1251 Stephanus.
514 1201 587 1239 Sed
608 1202 826 1252 Neptunum
846 1201 984 1239 scimus
1005 1201 1041 1238 in
1058 1201 1250 1240 Thessalia
1267 1200 1459 1251 praecipue
1476 1201 1617 1238 cultum

155 1264 282 1311 fuisse,
296 1263 345 1301 ob
361 1264 544 1315 insignem
564 1278 746 1315 equarum
761 1265 1063 1303 Thessalicarum
1078 1265 1229 1310 samam,
1247 1265 1498 1315 maximeque,
1516 1265 1617 1315 quod

151 1341 211 1366 res
225 1328 306 1379 ipsa
324 1328 476 1380 probat,
493 1329 529 1366 in
548 1342 590 1366 ea
607 1329 811 1367 Thessaliae
831 1337 940 1380 parte
961 1342 1045 1379 quae
1065 1328 1112 1366 ad
1126 1341 1229 1366 mare
1250 1329 1383 1379 vergit.
1408 1330 1509 1376 Quid
1529 1344 1619 1381 ergo

151 1393 273 1444 aptius
309 1393 515 1445 excogitari
545 1393 672 1445 potuit
699 1406 812 1445 quam
836 1393 1002 1432 Lamiam
1032 1393 1130 1431 hanc
1159 1394 1336 1443 Neptuno
1367 1393 1480 1431 filiam
1509 1395 1621 1432 dari?

153 1458 300 1508 anue,
313 1466 430 1495 matre
461 1458 642 1509 Sibyllam
673 1471 754 1496 esse
779 1467 905 1496 natam
939 1458 1084 1496 nemini
1123 1457 1259 1495 mirum
1292 1457 1415 1496 videri
1448 1467 1618 1509 poterat,

151 1534 269 1571 quum
305 1523 501 1562 Thessalia
536 1536 708 1575 sagarum
743 1531 781 1561 et
816 1523 1030 1561 divinarum
1065 1522 1189 1574 patria
1222 1522 1338 1574 vulgo
1377 1523 1618 1570 crederetur3

151 1586 367 1625 Trachiniae
382 1596 509 1625 autem
531 1588 705 1625 mulieres
724 1587 835 1625 etiam
855 1588 954 1626 inter
971 1587 1169 1626 Thessalos
1189 1587 1343 1638 magicis
1363 1587 1506 1626 artibus
1522 1589 1619 1626 emi—

151 1660 296 1691 nerent.
336 1648 462 1690 Fuerit
489 1665 579 1702 ergo
610 1653 832 1703 Neptunus,
859 1651 1066 1691 Plutarcho
1102 1659 1282 1697 auctore,
1315 1651 1451 1689 Lamiae
1487 1660 1617 1701 pater:

149 1723 188 1751 at
215 1715 297 1765 quis
319 1715 665 1766 Sibyllae?Suidam
693 1716 754 1754 hic
781 1717 945 1754 indicem
974 1715 1172 1763 habemus,
1199 1715 1332 1765 quide
1359 1716 1505 1765 Sibylla
1525 1730 1619 1766 qua-

147 1778 233 1816 dam
264 1793 341 1817 non
368 1781 457 1819 satis
489 1781 664 1829 delinita,
685 1781 749 1819 sed
780 1781 839 1818 vel
866 1793 911 1818 eo
931 1780 1052 1831 magis
1078 1779 1306 1830 conjecturis
1325 1779 1513 1827 obnoxia,
1539 1780 1617 1818 haec

146 1840 287 1880 habet:
316 1842 470 1882 Σίὸυλλα
503 1842 715 1887 Ἀπόλλωνος
742 1844 800 1882 καὶ
835 1842 992 1894 Λαμείας
1026 1840 1126 1897 [sic].
1148 1845 1270 1882 Porro
1292 1843 1355 1881 vix
1384 1844 1458 1881 alia
1491 1853 1617 1895 potest

146 1905 225 1944 haec
252 1920 333 1945 esse
353 1921 466 1959 quam
503 1916 646 1948 nostra.
684 1908 814 1946 Lamia
846 1910 946 1946 enim
980 1907 1141 1958 Libyca,
1169 1908 1278 1956 cujus
1296 1907 1495 1945 historiam
1524 1908 1615 1946 alibi

147 1976 358 2021 tangemus,
377 1985 452 2010 non
467 1973 654 2024 Apollinis
669 1974 825 2020 amasia,
845 1973 909 2012 sed
920 1973 1027 2012 Jovis
1038 1960 1164 2024 pellex
1181 1972 1262 2012 suit.
1281 1972 1410 2011 Restat
1430 1982 1470 2011 ut
1488 1974 1615 2013 Lamia

144 2033 324 2072 Thessala
344 2036 588 2088 intelligatur,
610 2050 724 2088 quam
748 2051 792 2075 ex
815 2038 990 2088 Apolline
1008 2037 1190 2087 Sibyllam
1221 2038 1436 2088 peperisse,
1458 2051 1615 2088 prorsus

143 2108 434 2138 consentaneum
462 2110 531 2140 est.
562 2102 728 2140 Fuerunt
756 2115 868 2153 ergo,
897 2102 1059 2139 docente
1083 2101 1312 2148 Plutarcho,
1338 2102 1403 2151 qui
1431 2101 1612 2152 Sibyllam

144 2164 366 2215 Delphicam
389 2165 434 2201 iis
455 2164 696 2216 parentibus,
725 2178 769 2204 ea
789 2165 912 2216 patria
932 2174 1053 2202 ortam
1077 2165 1297 2212 crederent,
1321 2165 1562 2212 Thessalam,
1582 2167 1613 2204 si

144 2243 202 2267 res
222 2229 272 2266 ita
294 2242 332 2267 se
346 2228 514 2276 haberet,
534 2229 735 2267 dicendam
756 2231 1007 2280 potiusquam
1026 2229 1264 2280 Delphicam.
1281 2230 1420 2267 Verum
1437 2230 1510 2280 ipsi
1530 2243 1614 2267 rur-

144 2306 207 2331 sus
225 2292 389 2330 viderint
411 2294 605 2344 quomodo
626 2307 710 2332 cum
728 2293 908 2345 opinione
924 2307 990 2331 sua
1010 2293 1214 2331 conciliare
1238 2293 1356 2331 velint
1374 2294 1611 2344 Erythraeum

143 2371 307 2406 carmen,
328 2358 365 2395 in
387 2373 463 2410 quo
481 2359 625 2410 Sibylla
644 2359 857 2411 Apollinem
876 2359 1046 2405 fratrem,
1068 2358 1405 2409 nonpatrem,ja1n
1426 2358 1473 2396 ab
1494 2372 1610 2397 exor-

144 2422 208 2459 dio
226 2422 397 2470 canebat,
415 2432 452 2462 et
479 2424 517 2461 in
538 2424 692 2476 epilogo
712 2423 792 2474 ejus
817 2437 856 2462 se
876 2424 1020 2474 sagittis
1040 2423 1259 2462 confossum
1281 2423 1328 2461 iri
1351 2423 1581 2474 praedicebat
1598 2437 1607 2464 ε

143 2500 359 2538 quanquam
384 2488 596 2526 notavimus
619 2489 655 2527 iu
684 2488 845 2527 decursu
868 2488 1048 2527 carminis
1076 2488 1246 2526 eamdem
1267 2489 1435 2541 θυγατέρα
1455 2502 1609 2539 quoque

76 2572 79 2575 >
142 2552 200 2589 vel
220 2551 338 2590 τέκνον
357 2565 395 2590 se
410 2553 536 2591 (licere
555 2554 758 2604 Apollinis,
779 2554 936 2604 figurate
969 2563 1091 2591 tamen
1111 2562 1148 2592 et
1167 2552 1397 2605 improprie,
1421 2554 1607 2592 Pausania

142 2625 257 2665 teste,
279 2617 351 2655 loc.
381 2617 442 2656 cit.
467 2617 607 2669 Utique
629 2619 782 2657 traditio
800 2619 865 2656 illa
882 2618 929 2656 (le
956 2618 1085 2657 Lamia
1105 2618 1299 2665 Maliensi‚
1331 2619 1523 2670 Delphicae
1549 2619 1607 2657 Si-

142 2680 254 2732 byllae
276 2690 408 2730 matre,
430 2695 557 2720 ansam
576 2682 729 2721 videtur
750 2683 923 2734 Euripidi
943 2683 1104 2733 aliisque
1123 2682 1342 2734 praebuisse,
1365 2692 1405 2721 ut
1422 2683 1603 2734 Sibyllam

140 2745 309 2783 eamdem
328 2745 437 2798 longe
459 2747 529 2784 alia
549 2755 667 2785 matre
685 2756 807 2785 ortam
833 2749 1038 2798 lingerent,
1071 2747 1199 2785 Lamia
1230 2762 1366 2800 nempe
1391 2748 1603 2798 Libystide,

140 2822 225 2858 quae
243 2818 382 2860 praeter
399 2823 537 2848 nomen
557 2823 641 2848 cum
661 2811 839 2850 Thessala
861 2824 1062 2848 commune
1079 2810 1172 2848 nihil
1192 2810 1338 2850 habuit.
1365 2815 1490 2862 Atque
1512 2810 1599 2848 inde

139 2874 342 2911 Pausanias
363 2873 542 2924 Libycam
563 2874 742 2925 Sibyllam
764 2876 932 2926 Delphos
952 2874 1130 2923 adduxit,
1162 2876 1377 2914 Mermessia
1399 2889 1464 2914 sua
1487 2884 1599 2925 atque
