1686 3500
620 137 933 184 EXCURSUS
967 138 1045 183 Vl.
1334 153 1342 163 “
1479 137 1574 186 565

97 236 269 288 lnyllistas
288 243 444 287 nostros
462 228 726 291 exemplorum
752 237 931 276 similium
951 237 1194 277 multitudine
1213 251 1394 278 excusare
1407 267 1419 289 ‚
1441 246 1576 277 ancto-

99 302 209 340 ritate
225 300 433 341 defendere
445 315 490 341 ac
507 302 618 342 tueri.
638 304 867 354 Quanquam
889 303 953 341 nni
972 317 1017 342 ex
1045 304 1092 342 iis
1119 302 1248 342 oberit
1263 303 1449 355 forsitan,
1468 303 1573 354 qnod

99 379 176 405 non
197 375 272 404 tam
289 366 507 418 exemplum
521 366 570 405 ab
585 368 669 406 aliis
683 369 874 419 acceperit
891 381 1004 419 quam
1020 368 1101 420 ipse
1115 367 1277 408 dederit.
1298 368 1462 408 Videtur
1474 368 1574 406 enim

97 437 234 468 auctor
257 430 438 487 Sibyllini
470 430 558 469 libri
593 432 659 480 111,
690 435 709 480 S
738 445 760 477 2
788 440 826 470 et
851 437 887 480 l„
912 433 1058 484 primus
1077 445 1215 471 novam
1237 432 1337 472 viam
1358 433 1575 486 ingressus,

95 495 247 547 signum
268 496 456 534 secuturis
469 496 672 542 extulisse,
692 510 757 535 seu
775 496 945 545 Judaeis,
966 510 1031 535 seu
1047 496 1286 544 Christianis,
1302 497 1496 536 imitandae
1518 497 1580 536 vel

98 560 228 610 potius
247 559 497 598 ementiendae
516 561 755 611 gentilitatis,
775 568 819 600 ut
838 561 921 612 ipsa
948 560 987 598 in
1007 574 1046 599 se
1066 560 1240 599 converti
1261 574 1377 612 seque
1396 562 1473 601 suis
1497 575 1578 600 ma-

96 623 209 661 nibus
225 623 404 675 jugulare
422 623 637 672 vider-etum
660 626 731 674 vel,
751 625 781 663 si
807 625 923 675 magis
953 624 1097 676 placet,
1127 625 1231 662 fraus
1250 623 1313 662 illu
1340 625 1411 663 snit
1435 625 1578 676 Troja-

94 700 234 725 uorum
253 688 403 726 Graeeas
423 687 579 725 exuvias
603 689 859 736 induentium,
884 702 961 740 quo
991 688 1110 726 tutius
1135 688 1172 725 in
1196 688 1392 727 consertos
1413 688 1581 729 hostium

94 764 239 790 cuneos
257 751 518 803 irrumperent
537 767 546 791 ε

250 816 442 864 Mutemns
461 817 615 868 clypeos
630 846 641 864 ‚
661 819 913 869 Danaumque
932 817 1094 868 insignia
1114 816 1227 855 nobis

252 883 454 931 Aptemns.
476 881 615 930 Dolus,
632 896 678 920 an
701 882 840 930 virtus,
860 882 947 933 quis
965 882 1004 919 in
1026 882 1135 920 hoste
1150 879 1346 933 requirat?

251 945 368 983 Arma
385 943 535 982 dabunt
559 945 661 996 ipsi.·

92 1009 170 1048 Nos
189 1016 333 1059 tamen,
354 1008 498 1059 quibus
515 1010 637 1047 virtus
656 1009 775 1061 magis
803 1022 917 1060 quam
938 1008 1049 1047 dolus
1070 1009 1216 1061 placet,
1240 1008 1494 1048 irasceremur
1510 1008 1575 1047 isti

94 1073 335 1112 falsariorum
351 1074 453 1121 duci,
472 1074 544 1113 nisi
565 1075 598 1113 ei
620 1074 832 1126 singulares
855 1074 1030 1125 quaedam
1052 1088 1176 1113 eausae
1203 1075 1551 1126 patrocinarentur.

143 1141 323 1179 Omnium
334 1140 436 1178 enim
448 1140 513 1191 qui
528 1140 772 1191 apocryphos
788 1139 908 1178 libros
921 1140 1023 1178 salsis
1035 1139 1258 1178 nominibus
1275 1139 1576 1189 decoraverunt,

91 1204 122 1242 is
143 1205 305 1242 maxime
325 1204 474 1242 veniam
497 1205 654 1243 meritus
676 1213 754 1254 est,
785 1205 852 1257 qui
871 1219 949 1243 non
966 1219 1100 1243 verum
1121 1204 1278 1256 aliquod
1298 1218 1438 1244 nomen
1462 1218 1576 1244 usur-

93 1269 215 1320 pavit,
231 1268 296 1307 sed
324 1269 482 1319 salsum,
501 1282 544 1308 ac
573 1269 670 1307 nulli
691 1269 915 1321 proprium,
934 1269 1013 1308 sive
1034 1267 1082 1309 ἐκ
1102 1271 1264 1322 proprio
1294 1281 1498 1308 commune
1518 1268 1578 1307 sa-

89 1342 215 1382 ctum,
239 1334 337 1371 sicut
361 1333 458 1371 illud
480 1334 552 1372 suit
576 1334 755 1384 Sibyllae,
782 1334 830 1372 de
856 1347 934 1384 qno
967 1343 1095 1372 monet
1124 1335 1247 1372 Varro
1274 1333 1376 1382 apud
1406 1333 1514 1372 Luct.
1536 1335 1577 1379 1.

90 1412 177 1450 cap.
197 1399 236 1448 6,
256 1399 328 1438 loc,
349 1411 450 1450 saepe
469 1398 558 1438 cit.:
578 1417 592 1434 α
610 1399 714 1450 quod
735 1412 868 1437 omnes
885 1399 1064 1451 [feminae]
1080 1407 1182 1437 vates
1202 1397 1357 1449 Sibyllae
1373 1398 1448 1437 sint
1467 1412 1488 1437 a
1510 1412 1576 1438 ve-
1611 1444 1613 1447 ι

89 1462 265 1502 uteribus
288 1472 533 1515 nuncupatae.
549 1481 565 1498 υ
593 1465 671 1503 lmo
695 1478 773 1502 non
794 1477 926 1502 omnes
957 1465 1142 1511 fortasse,
1167 1463 1233 1502 sed
1260 1472 1452 1515 quotquot
1472 1463 1575 1502 anti-

87 1529 226 1580 quitati
242 1529 332 1567 visae
348 1538 437 1567 sunt
450 1543 497 1568 eo
514 1530 669 1568 nomine
684 1529 821 1581 dignae,
836 1528 984 1568 levibus
995 1543 1095 1581 saepe
1108 1529 1157 1567 de
1170 1529 1293 1567 causis
1307 1537 1372 1567 aut
1387 1526 1573 1566 inanibus.

88 1595 295 1644 Quumque
311 1592 392 1645 jam
416 1601 504 1632 ante
528 1593 734 1645 Sibyllistae
760 1595 880 1632 nostri
910 1602 1082 1646 tempora
1117 1594 1254 1631 multas
1284 1592 1407 1631 Graeei
1441 1592 1575 1630 finxis-

86 1666 171 1696 sent
187 1659 350 1709 Sibyllas
364 1671 466 1708 suas,
483 1658 690 1710 Phrygiam
704 1687 714 1705 ,
732 1659 981 1709 Erythraeam,
1002 1659 1234 1705 Cumanam,
1254 1658 1437 1706 Samiam,
1455 1657 1570 1714 alias3

81 1722 162 1774 jam
191 1724 379 1762 nescimus
404 1731 592 1774 quantum
622 1723 719 1762 illud
743 1723 889 1762 crimen
911 1723 1057 1763 Judaeis
1083 1724 1219 1771 suerit,
1243 1722 1430 1774 Sibyllam
1459 1722 1571 1761 aliam

91 1787 326 1838 lirysswaeam
357 1796 529 1826 veterum
562 1789 792 1839 Eryfflraeae,
823 1790 953 1827 falsam
979 1790 1081 1827 salsae
1108 1802 1323 1841 opponere.
1355 1789 1571 1828 Praesertim

85 1866 203 1903 quum
238 1852 276 1889 in
301 1852 375 1890 line
399 1853 578 1891 carminis
608 1854 692 1891 licta
714 1854 778 1892 illa
804 1853 950 1905 Sibylla
979 1868 1117 1893 nomen
1143 1853 1217 1892 sibi
1244 1853 1455 1905 Erythraeae
1478 1853 1574 1891 salso

88 1919 218 1956 «latum
239 1918 322 1969 ipsa
343 1918 594 1965 detrectaret,
615 1919 882 1971 originemque
901 1919 1092 1958 diversam
1113 1928 1358 1971 agnosceret,
1393 1927 1572 1970 tanquam

87 1982 283 2034 Babylone
304 1991 387 2021 orta
407 1996 472 2021 seu
495 1983 690 2034 prosecta,
711 1984 778 2032 ΙΙΙ,
800 1997 834 2023 ν.
853 1985 942 2031 808,
962 1997 1070 2036 sqq.:

245 2047 369 2088 Ταῦτά
389 2062 444 2087 σοι
465 2046 645 2101 Ἀσσυρίης
664 2047 875 2088 Βαὸυλώνια
899 2048 1020 2102 τείχεα
1039 2047 1158 2102 μακρὰ

245 2112 492 2167 Οἷστρομανὴς
509 2114 748 2167 προλιποῦσα.
766 2143 776 2154 .
792 2144 803 2154 .

243 2178 314 2217 Καὶ
333 2177 499 2217 καλέουσι
519 2178 635 2232 βροτοί
655 2194 698 2230 με
715 2180 793 2218 καθ’
811 2179 973 2219 Ἑλλάδα
993 2179 1158 2231 πατρίδος
1173 2177 1282 2225 ἄλλης

250 2242 313 2288 ἘΞ
331 2242 500 2296 Ἐρυθρῆς
519 2250 698 2296 γεγαυῖαν.

83 2308 301 2347 Chaldaeum
319 2322 411 2359 ergo
425 2322 465 2346 se
483 2309 610 2360 potins
628 2322 742 2360 qnam
764 2309 1001 2360 Erythraeam
1019 2318 1083 2347 aut
1103 2310 1276 2347 Graecam
1298 2305 1570 2358 profitebatur.

87 2375 167 2411 lmo
182 2373 384 2412 Juda'icam
404 2374 590 2425 originem
604 2374 762 2413 minime
783 2373 1067 2422 dissimulabat,
1084 2386 1132 2412 ex
1147 2372 1355 2412 Abrahami
1376 2370 1498 2423 patria
1514 2384 1577 2408 or-

85 2447 161 2477 tam
181 2451 222 2476 se
239 2451 421 2486 monens,
440 2438 496 2478 ib.
519 2452 555 2479 v.
580 2439 670 2487 218,
691 2452 774 2491 sqq.
796 2452 805 2479 :

242 2501 350 2541 Ἔστι
369 2502 513 2548 πόλις..
531 2502 640 2543 ,κατὰ
659 2503 780 2556 γθονὸς
797 2502 873 2558 Οὒρ
894 2503 1105 2552 Χαλδαίων,

245 2561 348 2613 Ἐξ
324 2583 365 2615 ης
382 2583 440 2619 μοι
459 2567 554 2620 γένος
574 2568 661 2608 ἐστί.

86 2632 197 2672 Unde
217 2632 345 2685 apud
337 2647 439 2685 ipsos
458 2635 641 2685 profanos
659 2633 873 2674 Clialda'icae
889 2634 970 2673 sive
986 2633 1159 2673 Juda'ioee
1176 2633 1332 2684 Sibyllae
1350 2632 1447 2671 sama
1463 2644 1576 2684 ‚quae

88 2699 192 2738 nulla
221 2709 332 2738 antea
358 2699 507 2752 suen-,at
538 2715 584 2740 ex
618 2701 693 2740 hoc
719 2701 887 2739 omnine
907 2700 1001 2739 oriri
1027 2714 1070 2739 ac
1096 2699 1261 2739 diffundi
1288 2699 1426 2751 coepit3
1458 2706 1579 2749 utque

87 2764 159 2802 sibi
190 2765 319 2817 plures
348 2765 618 2817 paucioresve
646 2766 698 2804 ita
726 2765 872 2805 Jmlaeis
902 2779 1016 2804 unam
1037 2766 1151 2804 fuisse
1176 2764 1360 2816 Sibyllam
1386 2776 1580 2815 agnovere

84 2831 269 2880 gentiles,
307 2831 892 2883 Pausnmtsmpmms,1¹110‹·...‚
923 2845 1011 2882 cap.
1043 2844 1103 2879 η,
1131 2831 1203 2869 loe.
1225 2843 1325 2882 saepe
1354 2830 1419 2868 «it.
1441 2825 1580 2882 ’Παρὰ
