1752 3495
681 180 983 225 EXCURSUS
1021 183 1065 225 l.-
1536 180 1595 223 15

140 285 212 322 huc
242 283 531 326 confluxerunt,
563 289 699 328 nempe
731 274 944 318 ’Λπόλλωνος
969 275 1030 314 καὶ
1061 276 1215 328 Λαμιίας
1245 276 1351 333 [lege
1372 276 1538 328 Λαμίας,
1559 286 1597 314 et

140 347 270 387 confer
300 361 369 386 nos
390 345 506 391 infra,
526 355 614 393 cap.
645 341 718 392 5],
748 339 836 378 κατὰ
859 340 896 378 δέ
924 355 1022 389 τινας,
1046 339 1323 392 Ἀριστοκράτους
1350 341 1408 381 καὶ
1437 339 1597 386 Ὑδώλης

138 413 288 463 [ignota
310 410 484 457 nomina,
515 406 582 445 sed
605 404 746 450 Ὑδώλη
765 406 854 442 satis
884 414 986 443 recte
1015 405 1051 442 in
1081 404 1290 456 nympham
1308 405 1458 460 caditl,
1487 406 1535 449 ὡς
1561 404 1598 443 δὲ

138 475 250 521 ἄλλοι,
272 472 498 528 Κριναγόρου.
517 469 697 508 Ultimum
720 468 820 521 apud
841 467 996 506 Suidam
1019 467 1173 505 additur
1191 467 1296 518 quod
1317 467 1394 517 jam
1409 469 1599 507 diximus:

137 541 182 583 ὡς
202 537 237 577 δὲ
252 537 474 590 ‘'Epist-mmm
500 532 682 586 Θεοδώρου
694 562 705 583 ,
721 531 844 584 quod,
865 540 906 569 ut
924 531 1041 583 magis
1054 532 1245 583 vulgatum
1259 560 1269 579 ,
1296 530 1453 570 sortasse
1472 532 1598 584 primo

139 605 223 641 loco
245 611 324 640 erat
353 597 595 651 ponendum3
616 605 732 647 atque
759 595 797 633 id
823 608 966 633 nomen
984 595 1077 632 alias
1099 595 1203 646 apud
1225 594 1400 632 eumdem
1419 597 1599 642 recurrit,

137 681 176 706 v.
198 664 391 718 Ἥροφίλα,
423 661 488 700 sed
518 661 572 699 ibi
601 660 649 699 de
676 659 829 711 Sibyllae
849 658 1117 710 Tarquiniauae
1135 667 1270 710 patre:
1300 658 1397 697 adeo
1417 660 1598 711 compila-

140 740 220 778 tor,
240 743 287 767 an
311 727 383 766 sibi
403 734 572 769 constet,
598 737 735 776 parum
766 730 889 762 curat.

190 795 287 832 Mira
306 792 354 830 de
375 790 488 841 hujus
510 789 668 827 infantia
688 796 894 826 narrantur
912 801 922 825 ι
940 787 1085 837 quippe
1115 787 1181 825 vix
1209 787 1340 825 matris
1366 788 1453 826 alvo
1471 801 1599 839 egres-

138 872 229 905 sam,
244 857 369 896 statim
389 856 554 893 locutam
573 867 669 902 esse,
691 865 819 890 rerum
841 851 994 889 nomina
1012 851 1359 902 pei-calluisse,imo
1380 865 1508 891 versus
1535 855 1602 890 su-

137 923 255 969 disse,
281 929 318 959 et
342 933 462 971 parvo
484 927 654 970 tempore
676 918 868 968 injustam
890 915 1058 953 mulieris
1074 915 1214 953 adultae
1233 916 1393 954 formam
1414 917 1601 956 crevisse:

136 1000 219 1036 quae
238 984 338 1023 unde
358 991 532 1034 sumpta,
555 981 744 1020 nescimus
765 996 776 1028 ;
797 988 1008 1017 memorata
1028 988 1151 1017 tamen
1165 992 1187 1017 a
1204 980 1310 1029 gravi
1327 989 1485 1019 auctore
1500 982 1603 1020 inve-

138 1050 282 1098 nimus,
312 1048 464 1086 Hermia
480 1075 491 1094 ‚
511 1046 558 1084 ad
592 1045 760 1084 Platonis
783 1043 1006 1092 Phaedrum,
1029 1042 1092 1081 lib.
1119 1043 1181 1092 11,
1203 1044 1288 1081 loco
1313 1044 1391 1096 jam
1419 1045 1570 1082 laudato
1589 1056 1599 1084 ε

138 1111 286 1162 Λέγουσι
303 1110 338 1149 δὲ
355 1110 460 1153 αὐτὴν
472 1109 568 1153 εὐθὺς
587 1110 819 1162 προελθοῦσαν
835 1113 1013 1160 προειπεῖν
1033 1106 1066 1152 ἐξ
1081 1106 1246 1157 ὀνόματος
1266 1106 1409 1154 ἕκαστα,
1420 1108 1478 1146 καὶ
1494 1108 1603 1158 ἔμμι·

137 1192 202 1229 τρα
217 1174 439 1228 φθέγξασθαι,
454 1174 512 1212 καὶ
532 1175 566 1212 ἐν
587 1177 711 1226 βραχεῖ
729 1171 844 1226 χρόνῳ
861 1172 990 1210 τέλειον
1008 1164 1096 1213 εἶδος
1116 1170 1296 1223 ἀνθρώπου
1311 1171 1442 1210 λαὸεῑν.
1462 1172 1601 1211 Eadem

140 1255 244 1292 paene
263 1249 301 1278 et
330 1239 498 1277 indidem
525 1239 660 1290 petita,
686 1237 875 1276 similibus
909 1236 1039 1274 verbis
1063 1237 1249 1287 expressit
1274 1237 1484 1276 Scholiasta
1513 1238 1602 1276 Pla-

139 1306 237 1344 tonis
259 1305 306 1343 ad
328 1305 365 1344 h.
381 1305 454 1344 loc.
479 1303 640 1343 Multum
659 1316 749 1340 vero
771 1301 1055 1352 Neoplatonicis
1071 1301 1255 1351 placuisse
1278 1301 1373 1340 illud
1391 1301 1438 1340 de
1457 1302 1602 1352 Sibylla

137 1377 392 1406 commentum
413 1368 501 1405 hinc
519 1381 762 1418 auguramur,
784 1366 887 1417 quod
910 1374 997 1417 post
1027 1366 1239 1413 llermiam,
1255 1374 1293 1404 et
1313 1380 1360 1404 ex
1380 1367 1499 1418 ipsius
1519 1367 1600 1404 for-

140 1443 235 1472 tasse
254 1434 342 1480 fide,
369 1433 429 1471 bis
450 1432 582 1471 eodem
606 1434 772 1484 respexit
798 1433 956 1471 Proclus
978 1432 1014 1468 in
1039 1431 1155 1479 Tim„
1177 1431 1244 1469 lib.
1266 1432 1338 1476 IV,
1363 1446 1399 1483 p.
1422 1433 1522 1480 288,
1537 1432 1599 1473 ed.

137 1498 314 1538 Schneid.
331 1512 341 1538 ι
365 1499 410 1537 Αἱ
427 1496 492 1551 γὰρ
507 1496 780 1536 Ἀπολλωνισικαὶ
801 1495 968 1549 ψυχαὶ....
991 1494 1092 1533 αὐταὶ
1108 1495 1230 1538 ἑαυτὰς
1250 1495 1466 1547 ἐκφαίνουσιν
1485 1496 1544 1549 ἀφ’
1562 1490 1603 1543 ἧς

136 1562 259 1610 ἥκουσι
274 1562 414 1610 τάξεως,
431 1561 549 1613 ὥσπερ
563 1561 620 1599 καὶ
641 1564 663 1608 ἡ
691 1561 846 1600 Σίῧυλλα
866 1559 943 1598 κατ’
964 1559 1070 1605 αὐτὴν
1087 1560 1150 1605 τὴν
1175 1559 1367 1607 ἀποκύησιν
1387 1560 1602 1613 χρησμῳδή·

137 1625 310 1673 uocaset
335 1626 403 1665 lib.
435 1628 482 1674 V,
510 1640 548 1677 p.
567 1639 636 1676 791
668 1642 679 1668 ς
702 1618 785 1663 Ei&
804 1623 870 1677 γάρ
898 1639 952 1662 τοι
978 1623 1135 1662 Σίὸυλλα
1153 1625 1367 1676 προελθοῦσα
1389 1625 1435 1668 εἰς
1455 1626 1526 1677 φῶς
1542 1625 1602 1662 καὶ

136 1690 198 1737 τὴν
221 1689 314 1735 τάξιν
329 1691 465 1739 ἑαυτῆς,
481 1689 544 1727 καὶ
561 1691 606 1732 ὡς
625 1690 662 1727 ἐκ
681 1691 765 1726 θεῶν
787 1687 865 1734 ἥκει
880 1687 1083 1734 δεδήλωκεν.
1106 1687 1191 1737 Εἰμὶ
1209 1688 1238 1725 δ’
1260 1686 1328 1738 ἐγὼ
1351 1687 1440 1737 μέση
1461 1703 1497 1726 τε
1517 1690 1602 1726 θεῶν

138 1755 281 1792 εἰποῦσα
314 1752 403 1804 μέση
423 1756 453 1791 τ’
473 1753 675 1807 ἀνθρώπιον.
702 1753 840 1792 Confer
859 1752 1030 1791 eumdem
1060 1752 1169 1799 ibid„
1200 1767 1237 1804 p.
1260 1766 1347 1803 792.
1366 1754 1459 1800 Qnae
1486 1755 1600 1805 paulo

114 1818 245 1856 ‘aliter
263 1828 300 1857 et
319 1819 417 1856 ultra
441 1819 594 1856 modum
614 1826 841 1869 exaggerata
873 1826 1003 1855 narrat
1030 1818 1177 1856 Nicctas
1202 1819 1410 1865 Choniata,
1436 1817 1500 1857 lib.
1522 1819 1598 1867 111,

140 1896 176 1932 p.
196 1883 285 1933 577‚
303 1883 364 1919 ed.
385 1884 507 1922 Bonn.
531 1898 539 1920 :
563 1882 663 1921 ΚαΟὰ
681 1882 742 1920 καὶ
759 1881 837 1934 περὶ
858 1881 1035 1930 Σιὸύλλης
1054 1883 1157 1934 φασὶν
1170 1910 1181 1927 ‚
1203 1884 1249 1926 ὡς
1266 1882 1340 1933 ἅμα
1358 1885 1420 1929 τῆς
1435 1881 1599 1936 μητρῴας

137 1946 257 1993 νηδύος
279 1945 429 1998 ἐξέθορε,
454 1947 512 1984 καὶ
542 1945 615 1997 ἅμα
642 1946 720 1997 περὶ
742 1949 804 1993 τῆς
823 1950 883 1984 τοῦ
908 1947 1035 1991 παντὸς
1056 1946 1251 2000 ἐφιλοσόφει
1279 1947 1501 1996 συστάσεως,
1534 1948 1599 1986 ubi

137 2010 243 2049 vides
265 2010 531 2062 philosopham
553 2023 574 2049 e
596 2011 743 2061 poetria
766 2012 914 2055 factam,
937 2011 1097 2048 notabili
1118 2012 1306 2062 prosectu.

190 2076 339 2114 Mireris
356 2076 471 2127 igitur
490 2084 563 2113 tam
592 2075 758 2129 nobilem
782 2083 934 2125 tamque
952 2075 1092 2113 claram
1117 2076 1314 2114 mulierem
1341 2076 1434 2115 nibil
1454 2077 1601 2129 insigne

140 2149 217 2177 tota
234 2141 310 2178 vita
330 2140 480 2186 fecisse,
498 2140 570 2177 nisi
592 2140 717 2178 futura
740 2139 970 2190 praedixisse.
992 2140 1032 2179 ld
1050 2140 1202 2191 quidem
1228 2154 1305 2178 non
1326 2153 1401 2178 uno
1425 2140 1522 2189 loco,
1535 2141 1600 2179 sed

141 2206 177 2241 in
196 2205 353 2242 diversis
374 2213 559 2242 terrarum
576 2205 668 2252 oris,
688 2204 999 2255 Quandoquidem
1014 2206 1171 2256 Delphis
1189 2205 1369 2243 cecinisse
1387 2206 1602 2257 vulgo'cre·

138 2268 310 2316 debatur,
325 2269 528 2319 multisque
547 2269 630 2307 aliis
647 2269 684 2306 in
698 2269 791 2307 Asiae
808 2269 1038 2320 Graeciaeque
1055 2268 1229 2316 urbibus,
1243 2269 1274 2306 si
1289 2270 1484 2308 Pausaniae
1497 2270 1601 2317 fides,

138 2342 174 2370 et
191 2333 342 2380 Cumis,
360 2333 391 2371 si
416 2334 610 2372 Aristoteli
638 2346 752 2385 supra
781 2334 908 2372 citato.
939 2334 1011 2372 Sed
1042 2334 1080 2372 in
1102 2334 1176 2372 illis
1206 2342 1262 2371 tot
1281 2334 1526 2384 discursibus,
1552 2335 1600 2373 de

140 2398 277 2448 quibus
292 2398 402 2449 plura
422 2411 491 2436 nos
507 2412 592 2449 cap.
607 2411 663 2448 sq.
677 2426 686 2444 ,
703 2411 780 2436 non
797 2398 933 2436 accidit
953 2399 1006 2436 illi
1023 2399 1124 2449 quod
1145 2398 1336 2449 plerisque
1357 2400 1599 2451 peregrinan-

141 2462 249 2509 tibus,
269 2471 311 2500 ut
334 2476 380 2500 ex
400 2463 525 2500 multis
542 2462 741 2500 itineribus
756 2463 872 2500 multa
894 2464 1079 2501 narranda
1099 2476 1226 2500 secum
1247 2464 1417 2502 referret.

189 2528 228 2564 Si
247 2529 497 2576 Constantino
519 2528 741 2578 imperatori
766 2527 921 2573 credas,
945 2541 1008 2565 seu
1030 2528 1159 2579 potius
1180 2527 1344 2566 Eusebio
1366 2528 1406 2565 in
1426 2528 1600 2567 oratione

139 2592 183 2629 ad
205 2594 384 2638 Sanc-tos,
407 2592 566 2631 canebat
583 2593 664 2644 ipsa
688 2591 885 2643 Ery'thraea
913 2603 1078 2631 teneram
1108 2606 1147 2630 se
1174 2593 1301 2630 adhuc
1320 2601 1356 2630 et
1386 2593 1541 2631 invitam
1561 2592 1597 2630 in

141 2658 281 2708 templo
305 2658 474 2709 Apollini
493 2666 748 2696 consecratam
768 2672 787 2695 a
813 2657 1031 2708 parentibus
1060 2657 1190 2703 fuisse,
1219 2666 1334 2708 atque
1356 2657 1408 2695 ibi
1428 2656 1598 2695 diadema

141 2731 318 2770 gestasse,
341 2722 531 2773 tripodem
560 2722 760 2771 ambiisse,
781 2723 937 2760 oraculo
959 2723 1211 2769 ministrasse,
1234 2720 1336 2772 quod
1359 2730 1481 2759 tamen
1508 2721 1600 2759 Del-

143 2786 260 2835 phicae
278 2801 341 2825 seu
355 2787 548 2826 Thebanae
561 2787 714 2838 Sibyllae
735 2787 850 2838 magis
867 2800 980 2837 quam
996 2786 1201 2837 Erythraeae
1214 2785 1418 2824 convenire
1434 2785 1598 2833 videtur,

140 2850 225 2899 ipso
239 2865 345 2901 paene
366 2852 507 2890 fatente
520 2861 683 2898 oratore,
699 2866 816 2903 quum
838 2852 942 2890 addit
959 2867 966 2889 :
981 2851 1079 2890 Κατὰ
1095 2851 1137 2890 τὰ
1154 2851 1240 2889 αὐτὰ
1263 2856 1331 2894 τοῖς
1349 2848 1599 2904 ἱστορουμένοις
