1752 3495
588 305 598 312 .
651 263 956 308 EXCURSUS
991 263 1069 308 111.
1169 326 1172 331 Ι
1226 252 1230 257 ’
1333 289 1342 304 ·
1403 225 1411 236 ·
1484 262 1576 306 213

119 390 131 403 ..
149 369 218 407 cite
235 379 244 403 ε
267 376 334 401 nos
352 367 546 410 sumptum
568 359 705 406 sacris,
722 372 791 396 nos
808 367 1036 410 apparatum
1065 357 1277 402 sacrificiis,
1296 370 1365 395 nos
1384 357 1482 408 agris
1501 370 1580 395 nm-

120 453 132 467 «
148 428 308 470 barvaliu
328 425 551 464 indicemus.
569 439 584 456 υ
610 424 702 462 Post
723 422 803 461 haec
822 421 1050 473 interrogati
1078 420 1252 472 plerique
1283 430 1475 459 senatores
1494 434 1582 458 sen-

121 494 277 534 ·‹tentias
311 491 504 535 dixerunt,
539 501 633 538 quas
654 488 810 538 longum
844 497 900 526 est
929 488 1137 525 innectere.
1167 484 1312 523 Deinde
1340 485 1421 523 aliis
1449 499 1580 524 manus

120 553 447 610 «porrigentibus,
467 551 551 589 aliis
568 551 727 602 pedibus
748 552 784 589 in
804 551 1011 589 sententias
1032 548 1232 598 euntibus,
1254 547 1445 598 plerisque
1463 548 1580 588 verbo

121 644 133 657 1.
148 615 478 663 consentientibus,
509 615 707 652 conditum
728 623 784 652 est
807 623 961 653 senatus
985 613 1213 651 consultum.
1245 612 1342 650 Itum
1368 619 1425 650 est
1443 611 1581 651 deinde

122 686 188 725 aad
209 682 408 734 templum,
428 679 589 730 inspecti
610 678 715 725 libri,
736 687 809 730 etc.
825 696 841 712 ι»
1480 684 1484 688 ·

381 882 493 921 CAP.
525 880 626 919 Xlll.
648 883 706 919 De
725 882 829 918 modo
849 879 1022 918 libmrum
1039 859 1307 918 adeu'ndorum.

172 1001 314 1040 Factum
333 1009 400 1043 eo,
419 1009 496 1046 quo
528 996 694 1034 diximus
708 1025 718 1042 ‚
743 995 858 1033 modo
880 1003 1035 1033 senatus
1053 994 1267 1033 consultum
1295 1007 1363 1045 per
1381 994 1581 1044 magistra-

127 1076 177 1104 tus
191 1061 340 1103 XVviris
360 1059 531 1098 mandari
550 1060 740 1110 oportuit,
762 1068 877 1109 atque
899 1072 962 1096 eos
985 1067 1063 1096 tum
1085 1058 1236 1096 demmn
1257 1058 1305 1096 ad
1324 1057 1580 1108 inspiciendos

127 1129 228 1167 libros
246 1123 427 1163 converti.
457 1122 570 1169 Quod
588 1136 666 1173 quo
687 1123 763 1160 ritu
783 1131 820 1160 et
840 1122 979 1173 quibus
999 1122 1227 1160 caerimoniis
1246 1123 1373 1168 lieret,
1396 1135 1444 1159 ex
1467 1122 1580 1160 allatn

127 1204 225 1243 supra
240 1188 408 1226 oratione
434 1186 537 1237 Ulpii
557 1185 702 1236 Syllani
729 1187 911 1237 colligere
928 1194 1006 1229 cst,
1031 1199 1075 1223 ac
1091 1186 1255 1237 primum
1271 1199 1315 1223 ex
1336 1186 1394 1223 his
1423 1185 1576 1224 verbis:

128 1255 248 1306 «Agite
269 1254 397 1304 igitur,
423 1251 653 1296 Pontifices,
677 1264 752 1300 qua
775 1250 883 1301 puri,
907 1264 981 1300 qua
1004 1250 1135 1287 mnndi
1151 1278 1160 1296 ,
1181 1263 1255 1300 qua
1277 1249 1501 1299 saneti,1qua
1520 1262 1583 1287 ve-

129 1339 140 1354 «
155 1320 231 1357 stitu
250 1317 456 1366 animisque
477 1315 593 1352 sacris
606 1315 812 1360 commodi,
832 1315 1016 1364 templum
1033 1313 1241 1360 ascendite,
1255 1329 1270 1346 υ
1289 1312 1428 1363 quibus
1444 1313 1507 1350 illa
1524 1326 1584 1351 re·

129 1382 297 1433 spondent
322 1379 436 1431 paulo
462 1378 561 1416 infra
585 1378 633 1415 ab
655 1378 838 1416 historico
859 1378 982 1428 posita
1000 1391 1008 1414 :
1028 1396 1041 1409 ι
1061 1378 1156 1415 Itum
1176 1385 1232 1414 cst
1261 1375 1399 1414 deinde
1420 1375 1467 1413 ad
1489 1386 1584 1414 tem-

131 1447 259 1497 =plum.
288 1462 303 1478 n
325 1444 425 1494 Ergo
446 1443 592 1481 solenni
628 1442 794 1493 quadam
829 1455 971 1493 pompa
989 1441 1131 1482 XVviri
1152 1440 1200 1479 ad
1229 1441 1346 1479 aedem
1371 1440 1582 1479 Palatinam

132 1508 384 1561 procedebant,
403 1520 492 1545 cum
510 1507 691 1557 magistro
719 1520 790 1544 suo
809 1505 986 1544 videlieet
1008 1519 1051 1543 ac
1081 1506 1278 1551 ministris,
1299 1505 1430 1543 habitu
1451 1518 1583 1543 omnes

133 1574 247 1612 festivo
265 1586 343 1619 scu,
365 1571 603 1622 quodpaulo
625 1570 847 1608 insolentius
870 1570 922 1607 ait
943 1570 1128 1620 Vopiscus
1141 1597 1151 1616 ,
1170 1569 1285 1608 sacris
1305 1569 1524 1617 commodo,
1543 1568 1582 1607 id

132 1636 259 1688 est‚qui
273 1649 347 1674 rem
362 1635 530 1674 divinam
549 1635 712 1673 deceret.
726 1634 859 1672 Albam
877 1647 959 1672 eam
976 1633 1089 1672 fuisse
1107 1641 1231 1684 togam
1252 1633 1343 1671 nihil
1363 1633 1581 1671 dubitamus

133 1714 204 1738 cum
218 1701 335 1738 laurea
351 1699 674 1752 corona,qnalem
693 1698 730 1735 in
751 1698 904 1736 theatris
923 1711 1055 1749 gerere
1066 1698 1238 1735 XVviros
1257 1711 1373 1748 supra
1390 1697 1580 1743 diximus;

92 1753 95 1756 .
134 1767 269 1803 sortasse
294 1778 378 1802 cum
400 1763 545 1802 occabo
569 1764 649 1801 sive
675 1777 833 1809 occavo,
867 1763 971 1813 qnod
992 1763 1162 1811 armillae,
1183 1761 1293 1813 juxta
1323 1762 1552 1813 llcsychium
1569 1790 1579 1808 ,

133 1842 232 1879 genus
251 1828 315 1866 suit
334 1827 560 1879 quibusdam
581 1827 802 1865 sacerdotiis
823 1828 1040 1877 proprium.
1062 1827 1175 1865 Certe
1194 1827 1231 1863 in
1249 1827 1497 1877 inscriptione
1515 1839 1578 1864 su-

134 1907 189 1944 pra
208 1894 311 1931 citata
338 1893 465 1943 (Orell.
489 1892 631 1944 2263),
663 1892 849 1942 rescripto
880 1893 1120 1931 XVvirorum
1151 1891 1376 1930 conceditur
1399 1891 1579 1929 Cumanis

133 1956 333 2007 quibusdam
353 1957 498 2008 Magnae
521 1957 652 1995 Matris
679 1955 940 1993 sacerdotibus
967 1970 1057 1994 usus
1084 1970 1237 1994 coronae
1255 1964 1293 1993 et
1313 1956 1462 2002 occavi3
1488 1956 1577 1993 etin

134 2021 196 2058 alio
214 2021 328 2071 elogio
345 2021 471 2071 (Orell.
490 2020 607 2071 2322)
626 2020 803 2058 laudatur
820 2021 866 2066 Q.
885 2021 1086 2067 Sammins,
1109 2019 1372 2071 Lugdunensis
1388 2020 1579 2067 sacerdos,

135 2084 175 2122 ab
186 2085 329 2123 XVviris
348 2085 493 2123 occabo
513 2093 550 2123 et
569 2098 711 2123 corona
728 2093 945 2122 exornatus.
964 2084 1121 2122 Cortina
1141 2085 1178 2122 in
1198 2097 1240 2121 ea
1260 2097 1400 2135 pompa
1418 2082 1584 2134 proferri

135 2148 268 2196 debuit,
293 2149 394 2199 quod
422 2150 494 2187 suit
524 2149 674 2199 collegii
706 2148 902 2188 XVviralis
925 2149 1092 2199 insigne,
1121 2157 1214 2186 teste
1239 2148 1374 2187 Servio
1406 2147 1503 2185 infra
1522 2148 1580 2185 ci·

136 2212 254 2261 tando,
275 2227 356 2250 curn
375 2213 542 2263 delphini
559 2213 722 2264 imagine
741 2212 787 2250 ad
810 2213 983 2263 Delphici
1004 2213 1149 2250 oraculi
1174 2212 1396 2250 memoriam
1417 2225 1516 2262 :qua
1534 2211 1580 2249 de

136 2288 168 2312 re
181 2276 298 2313 confer
310 2277 503 2323 nos'insra,
517 2289 603 2328 pag.
620 2290 706 2315 220.
717 2277 920 2328 'l'emplum
935 2277 1064 2327 itaque
1078 2276 1236 2327 ingressi
1250 2275 1477 2322 sacerdotes,
1488 2274 1580 2313 sub-

135 2339 234 2376 selliis
248 2341 429 2385 laureatis,
446 2342 483 2379 id
502 2350 571 2392 est,
592 2342 647 2379 uti
663 2354 805 2388 remur,
825 2342 954 2378 laurea
974 2355 1116 2379 corona
1135 2340 1346 2392 insignibus
1362 2340 1581 2387 considunt,

136 2403 223 2441 unde
247 2405 375 2456 Ulpius
400 2407 437 2444 in
467 2407 597 2445 eadem
625 2408 799 2445 oratione
830 2422 837 2444 :
868 2425 882 2441 n
904 2406 1090 2445 Subsellia
1122 2408 1289 2446 laureata
1315 2406 1578 2446 constituite.-

137 2467 397 2518 Expromnntur
415 2485 543 2510 coram
569 2472 640 2519 his,
659 2486 724 2510 sen
743 2472 868 2523 potius
882 2471 1135 2519 effodiuntur,
1156 2485 1223 2523 per
1243 2472 1500 2510 ministrorum
1519 2470 1581 2508 vi-

136 2530 253 2570 delicet
274 2548 417 2584 manus,
436 2537 550 2575 foruli
568 2537 708 2588 quibus
729 2536 817 2575 libri
838 2537 1098 2584 continentur,
1113 2546 1227 2587 atque
1243 2537 1282 2574 in
1301 2536 1464 2574 medium
1481 2535 1583 2574 defe-

138 2604 266 2635 runtur.
286 2599 379 2636 'l'um
398 2601 576 2652 magister
590 2602 799 2652 XVvirum,
815 2601 872 2638 vel
891 2601 956 2651 qui
973 2615 1043 2652 pro
1058 2601 1240 2652 magistro
1258 2600 1446 2652 praesidet,
1463 2600 1580 2638 libros

137 2657 224 2706 ipsos
243 2662 295 2698 vel
316 2663 470 2711 librum,
493 2667 524 2702 si
545 2679 643 2703 unus
663 2666 752 2712 suit,
771 2679 816 2702 ex
839 2678 925 2702 arca
946 2666 1215 2716 depromptum
1237 2665 1428 2714 attollunt,
1446 2673 1483 2703 et
1501 2664 1582 2715 qui-

137 2721 224 2768 dem,
244 2735 279 2762 ut
296 2726 429 2766 ibidem
450 2730 718 2775 admonemur,
738 2748 752 2764 «
770 2729 902 2767 velatis
922 2729 1116 2777 manibus,
1132 2747 1148 2764 »
1167 2731 1287 2780 qnod,
1309 2739 1350 2768 ut
1363 2743 1463 2767 nunc
1476 2727 1577 2780 apud
1632 2719 1638 2725 ¹

138 2799 216 2837 nos,
250 2792 295 2827 iia
321 2793 406 2831 olim
442 2796 543 2845 apud
565 2797 720 2847 gentiles
754 2797 924 2834 maximae
957 2797 1211 2834 venerationis
1245 2796 1398 2834 habitus
1426 2795 1496 2833 fuit
1521 2807 1578 2832 ΓΕΒ

137 2861 244 2889 sacras
272 2858 565 2898 attr‹.·ctantibus.
