1686 3500
669 261 671 263 ,
714 220 1012 266 EXCURSUS
1040 222 1095 267 V.
1417 261 1425 272 ,
1526 220 1617 265 359

158 319 424 364 philometoris
443 332 566 358 aevum
583 318 656 358 nisi
678 318 726 356 de
743 317 909 370 AEgypto
933 325 1020 368 post
1040 330 1225 369 aerumnas
1241 318 1499 371 requiescente
1515 331 1623 357 men-
1660 318 1662 320 ’

158 389 208 427 tio
224 394 332 425 antea
353 386 450 423 facta
468 385 725 432 esset?Quam
747 382 979 421 mentionem
999 381 1038 419 in
1060 381 1132 420 hoc
1153 391 1296 422 tantum
1312 384 1413 424 tertii
1431 382 1519 423 libri
1536 382 1622 422 loco

158 453 292 490 factam
318 449 556 500 invenimus,
579 457 620 486 ut
638 433 826 500 nusquam
848 448 925 486 alio
947 446 1086 499 respici
1106 448 1288 498 potuerit.

208 515 378 563 Etenim,
394 513 423 552 si
445 514 560 566 paulo
585 513 803 565 diligentius
832 512 1004 551 attendas
1018 542 1028 561 ‚
1045 512 1086 550 in
1107 511 1273 551 secunda
1299 520 1337 550 et
1356 522 1492 565 quarta
1514 522 1624 566 parte

155 581 251 619 mala
276 581 346 618 ista
372 580 535 630 AEgypto
557 578 865 631 praedicebantur
888 591 967 616 non
994 586 1173 628 tanquam
1193 577 1304 614 finem
1321 576 1501 616 habitura
1519 588 1555 617 et
1585 579 1624 616 iu

154 645 318 697 quietem
340 657 384 681 ac
422 656 554 694 pacem
592 643 781 691 desitura,
821 642 887 681 sed
924 651 1106 693 tanquam
1141 640 1282 693 praevia
1318 652 1461 692 maguae
1495 653 1621 679 rerum

155 710 322 747 omnium
351 708 627 746 conversioni:
655 708 778 746 statim
807 720 947 758 nempe
975 715 1064 758 post
1094 719 1138 744 ea
1167 703 1419 743 nuntiabatur
1445 704 1624 744 Romanae

157 773 336 826 potentiae
354 773 500 821 exitus,
518 786 552 811 v.
589 786 674 823 191,
705 786 806 823 sqq„
829 780 865 810 et
885 771 1116 810 idololatriae
1136 770 1268 808 saltem
1288 770 1326 808 in
1353 770 1512 821 AEgypto
1527 769 1625 822 finis,

155 838 294 889 v.616,
308 851 390 889 sqq.
420 837 593 884 Quorum
621 837 714 875 nihil
743 837 924 876 accidisse
949 835 1020 875 sub
1041 835 1301 876 Philometore
1331 841 1494 873 constat.
1513 833 1626 873 Vide-

155 913 214 941 tur
231 915 322 953 ergo
336 901 450 953 hujus
480 902 612 940 mediae
631 902 748 954 partis
769 910 903 953 poeta,
923 901 1097 953 quisquis
1120 901 1217 951 suit,
1237 912 1356 951 quum
1380 899 1626 951 prophetiam

153 975 289 1006 eventu
327 966 457 1004 falsam
487 967 651 1015 videret,
694 967 887 1018 corrigere
915 967 1036 1019 ipsam
1071 965 1262 1016 voluisse,
1295 964 1496 1017 interjecto
1513 963 1627 1003 simili
1680 987 1684 991 ·

153 1032 303 1083 quidem
318 1045 362 1070 ac
381 1031 428 1070 de
446 1031 577 1070 eadem
596 1046 650 1078 re,
675 1033 737 1071 sed
762 1033 872 1070 aliter
890 1032 1087 1072 desinente
1105 1030 1289 1068 vaticinio
1303 1059 1314 1078 ‚
1338 1039 1379 1068 ut
1397 1029 1540 1068 additis
1561 1029 1627 1067 tri-

153 1097 222 1134 bus
247 1096 317 1144 illis
340 1097 508 1143 voculis,
535 1096 594 1135 καὶ
622 1096 700 1136 τότε
721 1096 861 1149 παύσῃ,
883 1097 1082 1151 imminuta
1101 1095 1289 1147 Sibyllina
1316 1095 1409 1134 fides
1439 1095 1626 1146 qualiter-

152 1176 314 1217 cumque
333 1162 614 1201 restitueretur.
1615 1211 1618 1214 ἦ

206 1227 352 1265 Arenim
390 1228 547 1265 sortasse
575 1228 701 1279 potuit
730 1228 963 1279 reliquarum
998 1228 1165 1279 partium
1195 1235 1330 1265 auctor
1363 1226 1446 1278 ipse
1473 1238 1627 1265 carmen

152 1305 258 1329 suum
286 1291 542 1343 interpolare,
579 1301 615 1330 et
639 1292 735 1331 falso
755 1293 939 1331 vaticinio
971 1301 1060 1344 post
1084 1299 1264 1331 eventum
1296 1290 1456 1336 mederi,
1489 1303 1628 1343 nempe

154 1366 396 1409 posteaquam
418 1366 558 1395 eventu
587 1357 770 1410 deceptus
789 1358 941 1406 fuisset,
972 1358 1050 1396 imo
1079 1371 1173 1395 vero
1207 1357 1403 1409 aliquanto
1432 1364 1520 1408 post
1546 1358 1628 1394 An-

153 1421 267 1459 tiochi
290 1432 466 1470 mortem,
483 1423 571 1472 quia
591 1423 783 1461 incussum
806 1437 851 1460 eo
871 1424 1023 1461 vivente
1043 1431 1227 1461 terrorem
1250 1422 1363 1460 etiarn
1389 1429 1540 1460 mortuo
1561 1420 1627 1459 diu

152 1485 383 1536 superfuisse
399 1486 614 1525 notavimus
629 1501 760 1539 supra,
773 1501 857 1539 pag.
874 1489 961 1539 319.
985 1488 1077 1527 Esto
1095 1503 1103 1527 ς
1121 1487 1187 1526 sed
1206 1488 1269 1525 vix
1286 1487 1360 1526 hoc
1378 1486 1627 1538 excogitasset

154 1559 262 1602 poeta
285 1552 454 1590 carmine
482 1552 654 1590 nondum
685 1553 846 1600 emisso,
870 1567 989 1604 quum
1012 1553 1159 1591 facilius
1185 1561 1283 1591 esset
1314 1552 1459 1604 aliquid
1482 1551 1626 1602 scripto

150 1616 351 1655 detrahere
368 1630 481 1668 quam
510 1626 565 1655 tot
593 1619 819 1656 intercalare
841 1632 971 1657 versus
999 1633 1007 1655 ε
1037 1619 1173 1657 emisso
1201 1627 1353 1667 autem,
1387 1617 1453 1669 qui
1481 1616 1627 1655 facilius

152 1690 297 1731 poterat
316 1691 452 1720 auctor
475 1683 556 1734 ipse
583 1696 697 1734 quam
720 1684 815 1721 alius
840 1684 965 1735 quivis
997 1683 1184 1722 medelam
1215 1682 1436 1734 hujusmodi
1464 1682 1626 1720 afferre?

151 1744 272 1795 thue
289 1746 361 1784 hoc
382 1747 545 1785 voluerit
567 1747 825 1798 potueritque,
842 1756 880 1786 at
900 1762 948 1786 ne
968 1749 1021 1786 sic
1040 1748 1196 1799 quidem
1216 1748 1343 1786 omnia
1364 1747 1624 1795 satisfaciunt,

150 1819 186 1848 et
204 1809 359 1848 videtur-
373 1811 468 1849 alius
488 1821 620 1849 auctor
644 1812 872 1863 quaerendus
891 1813 1039 1864 aliquot
1058 1813 1187 1851 saltem
1208 1812 1316 1851 annis
1335 1811 1537 1864 posterior.

198 1875 303 1922 Nam,
323 1883 364 1912 ut
382 1875 495 1913 modo
515 1875 694 1923 diximus,
715 1877 835 1914 multo
856 1877 1033 1915 crebrior
1062 1878 1100 1915 in
1121 1877 1193 1915 hac
1218 1885 1327 1928 parte
1352 1888 1468 1928 quam
1494 1876 1532 1914 in
1553 1889 1622 1913 ce-

151 1940 235 1977 teris
271 1939 419 1978 duabus
448 1941 590 1979 mentio
626 1942 665 1979 lit
702 1942 983 1981 Romanorum:
1014 1950 1145 1993 aperte
1176 1940 1359 1992 quidemt
1376 1954 1411 1980 v.
1433 1941 1621 1987 350-362;

152 2016 186 2044 v,
219 2006 311 2052 3643
340 2019 377 2045 v.
404 2009 592 2054 luo-4143
612 2019 650 2045 v.
670 2006 863 2054 464-4703
895 2005 1092 2057 obliquius
1116 2014 1154 2044 et
1173 2005 1396 2053 obscurius,
1418 2004 1470 2043 ita
1497 2013 1619 2043 tamen

152 2077 189 2106 ut
208 2069 268 2107 vix
286 2070 361 2107 alio
384 2070 520 2121 respici
539 2083 651 2121 posse
666 2070 764 2108 infra
786 2070 1084 2109 demonstraturi
1104 2071 1243 2118 simus,
1265 2084 1300 2109 v.
1325 2071 1515 2119 324-333,
1534 2071 1622 2109 382-

151 2134 239 2183 387,
261 2134 446 2179 388-400.
481 2135 553 2181 Qui
579 2148 712 2174 versus
737 2135 768 2172 si
795 2148 927 2173 omnes
954 2135 993 2173 in
1021 2149 1135 2174 unam
1157 2148 1342 2174 summam
1371 2135 1624 2187 colligantur,

151 2210 222 2235 non
241 2199 442 2250 pauciores
460 2207 549 2236 sunt
570 2212 684 2250 quam
705 2213 797 2238 xmx
814 2214 834 2237 e
852 2200 1046 2244 ducentis,
1068 2200 1106 2238 id
1125 2209 1196 2251 est,
1216 2200 1354 2251 singuli
1374 2213 1395 2238 e
1411 2200 1620 2250 quaternis.

149 2266 279 2314 Porro,
294 2267 466 2317 quamvis
478 2280 612 2318 magna
623 2266 701 2318 jam
719 2274 829 2313 esset,
841 2276 1025 2318 regnante
1040 2266 1302 2306 Philometore
1320 2275 1387 2305 aut
1401 2266 1484 2318 ejus
1502 2267 1619 2306 fratre

151 2329 365 2381 Physcone,
389 2330 488 2369 fama
509 2339 546 2368 et
567 2331 736 2382 potentia
765 2332 1041 2376 Romanorum3
1067 2344 1111 2369 ac
1141 2331 1230 2369 licet
1257 2330 1307 2369 de
1337 2343 1470 2369 eorum
1489 2338 1617 2369 vasta-

151 2393 313 2432 tionibus
327 2424 338 2441 ,
356 2409 442 2446 quse
461 2397 499 2432 in
519 2395 666 2433 Graecia
687 2395 895 2446 praesertim
914 2403 950 2432 et
966 2395 1185 2433 Macedonia
1201 2396 1310 2434 factae
1327 2389 1618 2446 fu'erant‚nemo

149 2458 184 2495 in
206 2459 369 2512 AEgypto
398 2460 615 2513 ignoraret,
631 2474 723 2512 quas
743 2469 779 2499 et
797 2461 835 2498 in
861 2460 1009 2499 duabus
1026 2461 1159 2499 ceteris
1174 2460 1351 2513 partibus
1371 2468 1501 2514 aperte
1516 2474 1618 2500 com-

150 2525 349 2563 memorari
380 2525 564 2574 vidimus5
587 2525 757 2563 nondum
778 2534 903 2564 tamen
924 2526 1085 2565 Romani
1119 2535 1192 2564 tam
1215 2539 1315 2578 saepe
1333 2527 1483 2579 AEgypti
1501 2525 1617 2566 rebus

149 2587 450 2635 intervenerant,
477 2599 521 2628 ut
542 2591 825 2630 Alexandrinus
845 2591 961 2630 homo
982 2591 1109 2642 (talem
1134 2592 1247 2630 fuisse
1271 2599 1444 2630 nostrum
1463 2601 1614 2644 poetam

150 2654 272 2691 omnia
312 2654 518 2707 declarant)
549 2670 670 2707 prope
702 2658 812 2695 unice
845 2656 892 2695 (le
923 2657 1102 2695 Romanis
1135 2665 1336 2709 satageret.
1376 2658 1484 2698 Adde
1511 2657 1617 2710 quod

149 2717 340 2756 etiamtum
362 2719 535 2758 Romana
564 2721 733 2771 potentia
754 2721 936 2772 AEgyptiis
956 2722 1040 2772 plus
1059 2721 1259 2772 profuerat
1274 2735 1388 2773 quam
1414 2721 1617 2770 obfuerat,

150 2789 213 2830 ut,
231 2784 395 2835 exempli
419 2798 555 2831 causa,
588 2798 706 2836 quum
740 2786 910 2837 ipsorum
935 2786 1055 2824 minis·
1071 2794 1226 2825 coactus
1251 2795 1333 2825 erat
1357 2787 1569 2825 Antiochus
1594 2788 1638 2824 a'

149 2846 312 2884 secunda
330 2849 574 2899 expeditione
588 2850 730 2888 invitus
745 2850 985 2901 fremensque
1005 2850 1199 2890 desistere.
1216 2851 1262 2889 Et
1275 2851 1347 2890 sub
1367 2852 1429 2890 illa
1443 2859 1616 2902 tempora

148 2910 217 2959 ipsi
237 2911 360 2953 Jttdaei
380 2913 563 2965 adversus
590 2915 773 2965 Syrorum
795 2928 925 2966 regum
948 2915 1187 2965 tyrannidem
1214 2915 1397 2954 auxilium
1420 2915 1614 2954 Romano,-
