1686 3500
625 171 944 219 EXCURSUS·
966 173 1042 217 vt.
1475 174 1566 218 477

91 287 166 325 que
189 271 447 324 flagitantibus
467 269 571 310 ultor
585 270 754 320 advenit,
773 278 812 308 et
836 278 916 308 tum
942 270 1094 309 demum
1113 269 1361 322 adjudicium
1378 263 1571 323 prot-edin

93 350 208 385 nunc,
231 336 278 375 ad
298 335 497 375 hodiernae
517 332 721 387 the'ologiae
749 342 914 373 mentem
928 363 940 385 ,
955 334 993 372 in
1010 334 1084 372 line
1100 335 1354 386 generationis
1371 335 1570 375 hominnm

91 401 386 453 corruptissimae
399 430 409 449 ,
448 400 556 438 nullo
588 399 829 451 praecedente
844 398 1040 450 justorum
1067 411 1206 450 regno,
1242 399 1358 450 judex
1393 401 1571 441 vivorum

92 474 414 517 mortuorumque
430 464 478 503 de
497 463 590 502 caelo
607 464 817 502 descendit.
837 464 1021 510 Quaenam
1039 463 1156 514 igitur
1177 463 1224 502 sit
1242 463 1290 502 de
1312 478 1356 503 ea
1378 479 1422 504 re
1444 466 1573 518 Sibyl-

93 529 159 567 lini
187 529 373 581 cujusque
390 527 480 566 libri
499 528 701 576 sententia,
722 527 927 579 diligenter
943 527 1056 566 nobis
1079 527 1349 579 inquirendum
1366 539 1434 569 est.

145 593 263 632 Libro
282 595 328 642 V,
349 591 597 645 regnantibus
613 592 759 639 adhuc,
778 600 818 630 ut
835 592 1002 640 videtur,
1022 592 1240 640 Antoninis,
1259 606 1293 632 v.
1316 598 1379 644 49,
1400 607 1469 645 sq..
1485 605 1572 647 post

89 657 212 696 varias
230 656 462 696 calamitates
480 656 518 694 in
539 655 704 707 AEgypto
724 655 937 707 ceterisque
958 655 1202 707 regionibus,
1225 668 1262 695 v.
1289 656 1353 703 53,
1379 669 1479 708 sqq.,
1504 671 1571 696 rex

90 722 245 774 quidam
272 736 319 760 ex
343 722 500 762 Oriente
528 721 685 759 veniens
709 720 824 771 (Nero
848 734 987 771 nempe
1007 720 1262 759 Antichristus
1290 733 1311 758 e
1330 722 1484 760 Parthia
1504 736 1570 760 re-

89 787 202 837 dux),
223 786 480 824 Romanorum
507 785 631 824 victor
645 816 654 833 ,
675 785 848 836 potentia
869 793 907 823 et
926 784 1105 837 superbia
1127 784 1329 833 efferatus,
1351 786 1498 825 accedit
1524 787 1571 825 ad

90 850 225 890 urbem
245 860 413 889 sanctam
433 850 749 902 expugnandam,
770 863 806 889 v.
829 850 917 897 105,
938 863 1025 902 sqq.
1047 863 1056 887 ε

249 916 340 954 Ἀλλ’
357 914 438 954 ὅταν
459 915 544 969 ὕψος
561 915 626 968 ἔχῃ
646 915 813 968 κρατερὸν
831 915 890 954 καὶ
908 915 1036 967 τάρὸος
1057 915 1159 963 ἀηδὲς
1171 946 1182 964 ,

246 977 348 1025 Ἥξει
368 980 397 1018 δ’
416 973 459 1018 αὗ
479 979 647 1033 μακάρων
664 979 788 1018 ἐθέλων
804 980 906 1018 πόλιν
921 978 1147 1024 ἐξαλαπάξαι.

91 1046 191 1097 Ergo
222 1054 311 1095 tunc
337 1045 409 1083 erit
441 1044 533 1083 urbs
562 1045 689 1096 aliqua
726 1045 928 1083 beatorum
956 1045 1194 1096 (Judaeorum
1236 1043 1452 1095 videlicet),
1489 1044 1571 1096 ipsa

89 1123 226 1161 nempe
250 1109 340 1148 urbs·
363 1110 647 1160 Hierosolyma,
671 1124 746 1147 non
763 1111 887 1161 qualis
904 1109 974 1148 sub
989 1109 1249 1147 Romanorum
1270 1108 1476 1147 foedissima
1495 1122 1573 1147 ser-

89 1176 206 1214 vitute
226 1174 560 1227 pollutajacuerat
580 1182 617 1213 et
638 1175 856 1226 profanata,
875 1174 942 1213 sed
964 1174 1160 1221 restituta,
1180 1174 1572 1226 reparata,etjustis,

89 1241 126 1278 id
141 1249 211 1289 est,
228 1241 389 1287 Judaeis,
406 1241 542 1291 priscis
559 1241 696 1279 incolis
714 1241 806 1292 suis,
823 1240 985 1280 reddita.
997 1243 1029 1279 A
1045 1253 1137 1291 quo,
1152 1252 1341 1289 rogamus,
1361 1238 1399 1276 id
1417 1238 1571 1284 factum,

90 1306 162 1345 nisi
182 1320 203 1344 a
226 1306 376 1352 Messia,
393 1307 452 1344 vel
482 1305 564 1357 ejus
592 1306 880 1357 auspiciisi’etsi
905 1306 1060 1344 Messias
1088 1318 1109 1343 a
1134 1313 1264 1342 nostro
1285 1305 1474 1356 scriptore
1495 1318 1572 1343 non

89 1372 216 1409 statim
240 1371 458 1417 inducitur,
488 1371 554 1410 sed
581 1373 696 1423 paulo
718 1371 860 1418 serius,
887 1381 966 1409 tum
993 1384 1111 1422 quum
1133 1369 1223 1408 urbs
1252 1370 1315 1408 illa
1341 1370 1500 1421 coeperit
1525 1369 1573 1408 ab

88 1436 198 1474 hoste
220 1436 456 1476 Antichristo
477 1437 717 1489 oppugnari,
739 1451 777 1476 v.
807 1450 892 1484 107,
913 1450 996 1488 sqq.
1017 1451 1026 1473 ι

248 1501 360 1539 Κάκεῖ
381 1516 433 1545 τις
448 1502 561 1539 θεόθεν
583 1501 744 1554 σθεναρὸς
766 1499 928 1553 βασιλεὺς
944 1499 1152 1553 ἐκπεμφθεὶς

249 1564 387 1607 Πάντας
405 1566 477 1603 ὀλεῖ
499 1566 652 1617 βασιλεῖς
668 1565 838 1617 μεγάλους
855 1567 915 1603 καὶ
937 1565 1064 1618 ἄνδρας
1082 1565 1256 1617 ἀρίστους.

90 1629 252 1668 Attende
281 1629 395 1667 modo
415 1645 423 1667 τ
449 1629 552 1668 vides
580 1644 686 1681 reges
716 1639 753 1668 et
774 1630 968 1682 principes·
983 1660 993 1678 ,
1013 1629 1242 1669 Antichristi
1267 1642 1404 1680 nempe
1423 1629 1572 1676 socios,

88 1694 189 1733 inter
217 1694 359 1732 Messiae
383 1694 512 1732 hostes
543 1695 812 1742 nuinerari3et
830 1695 956 1732 statim
981 1695 1140 1732 venitin
1168 1702 1333 1731 mentem
1359 1695 1573 1744 conjuratio

87 1774 217 1812 regum
235 1760 419 1799 adversus
434 1761 607 1799 Messium
623 1775 708 1812 quae
725 1762 938 1813 antiquitus
954 1761 1133 1812 praedicta
1149 1769 1242 1806 erat,
1264 1761 1400 1800 Psalm.
1416 1775 1450 1808 2,
1468 1775 1502 1801 v.
1524 1775 1570 1800 a:

84 1825 328 1865 ..Astiterunt
349 1839 453 1876 reges
483 1834 589 1864 terrae
621 1834 657 1864 et
680 1826 874 1877 principes
899 1834 1161 1864 convenerunt
1186 1825 1222 1862 in
1250 1838 1367 1864 unum
1388 1827 1572 1865 adversus

88 1910 103 1926 n
124 1890 330 1930 Dominum
372 1900 410 1929 et
444 1890 627 1929 adversus
651 1891 847 1930 Christum
875 1891 1000 1942 ejus».
1038 1891 1188 1938 Quibus
1224 1905 1317 1942 ergo
1348 1891 1571 1942 debellatis,
1610 1939 1613 1942 Ι

87 1956 212 1994 statim
229 1955 313 1994 linis
331 1969 457 1993 rerum
480 1957 735 1994 humanarum
756 1970 776 1994 a
798 1956 994 2007 Sibyllista
1011 1954 1269 2007 portenditur,
1293 1969 1326 1994 v.
1349 1969 1421 2007 ¹09
1441 1975 1449 1998 :

247 2014 327 2060 Εἶθ’
342 2019 434 2059 οὕτω
457 2020 553 2063 τέλος
567 2018 707 2059 ἔσσεται
727 2019 867 2074 ἄφθιτον
890 2019 1124 2074 ἀνθρώποισι,
1420 2014 1422 2016 ,

87 2099 175 2134 seu,
195 2086 300 2137 quod
321 2086 460 2123 nostris
481 2084 638 2123 auribus
660 2088 777 2137 magis
799 2086 923 2138 placet
944 2102 951 2124 :

248 2144 329 2190 Εἶθ’
343 2150 450 2195 οὕτως
467 2149 565 2189 ἔσται
581 2149 677 2194 τέλος
696 2150 839 2205 ἄφθιτον
859 2150 1094 2204 ἀνθρώποισι,

91 2217 162 2253 nisi
184 2217 292 2254 malis
313 2216 501 2256 Lactantii
523 2216 710 2254 diversam
733 2217 825 2254 satis
840 2216 1042 2255 lectionem
1063 2232 1071 2255 ε

250 2276 322 2321 Εἶθ’
338 2282 429 2320 οὕτω
444 2281 542 2325 τέλος
558 2280 669 2320 ἔσσετ’
685 2280 746 2319 ὑπ’
761 2281 920 2335 Ἀφθίτου
943 2281 1188 2336 ἀνθρώποισιν.

89 2347 164 2386 Sed
198 2348 331 2399 utique
361 2348 471 2386 [inem
496 2347 761 2385 tantummodo
777 2347 981 2399 impiorum
1008 2349 1276 2400 intelligimus,
1311 2361 1447 2389 eorum
1465 2351 1574 2390 vide·

88 2414 177 2451 licet
195 2414 262 2465 qui
281 2427 302 2451 a
323 2414 457 2452 Messia
491 2412 668 2451 debellati
701 2413 866 2464 suerint3
890 2421 928 2452 et
949 2422 1028 2451 tum
1050 2414 1288 2466 inceptui-am
1301 2414 1494 2467 justorum
1522 2416 1574 2456 fe·

91 2479 290 2527 licitatem,
316 2493 430 2530 quam
460 2479 586 2517 multis
609 2478 954 2527 describitNoster,
970 2493 1011 2520 v.
1036 2481 1128 2529 246,
1143 2493 1226 2533 sqq.
1249 2496 1257 2520 ε

249 2544 341 2583 Ἀλλ’
359 2544 489 2583 ὁπόταν
509 2543 639 2597 Περσὶς
655 2546 699 2596 γῆ
716 2543 907 2597 ἀπόσχοιτο
923 2544 1114 2596 πτολέμοιο
1125 2574 1135 2593 ,

248 2611 383 2661 Λοιμοῧ
399 2624 450 2658 τε,
467 2611 640 2661 στοναχῆς
658 2624 694 2647 τε
707 2639 717 2656 ,

66 2715 71 2719 ,
91 2687 229 2726 nempe
245 2687 363 2725 quum
385 2674 572 2712 tumultus
586 2674 717 2712 illatus
731 2687 751 2711 e
769 2675 971 2713 Persarum
996 2684 1110 2729 terra,
1131 2674 1169 2714 id
1184 2684 1255 2725 est,
1276 2675 1325 2715 ab
1339 2677 1574 2717 Antichristo

92 2752 138 2776 ex
157 2739 317 2778 Perside
333 2739 526 2786 veniente,
543 2738 762 2793 cessaverit.
781 2740 893 2777 'runc
911 2739 1011 2777 enim
1035 2753 1171 2778 novam
1193 2740 1415 2781 Judaeorum
1443 2742 1573 2781 civita·

95 2813 167 2841 tem
189 2804 376 2842 orituram
401 2805 630 2843 vaticinatur
647 2803 811 2842 Noster:
1589 2795 1595 2801 ⁶

623 2868 708 2907 To'z'
724 2870 863 2908 ἔσσεται
877 2869 992 2920 ἤματι
1012 2871 1116 2924 κείνῳ
