1686 3500
131 199 222 244 344
511 200 587 244 AD
620 200 967 246 SIBYLLINOS
993 199 1208 246 LIBROS

127 305 229 334 metu
247 297 444 348 ruptisque
463 297 578 336 frenis
591 299 843 350 exspatiatum
860 312 950 340 esse.
965 296 1062 337 Hinc
1081 296 1192 335 nobis
1213 297 1359 344 elucet,
1377 298 1480 348 quod
1492 299 1588 339 dixi..

125 366 231 408 mus,
247 361 420 402 diversos
454 362 692 402 diversorum
721 373 918 403 auctorum
947 362 1044 401 duos
1066 361 1152 400 ilios
1179 375 1261 401 esse
1286 361 1396 401 fetus.
1424 363 1588 404 velimus

127 437 240 476 ergo,
262 433 350 476 post
366 425 537 464 tacunam
567 440 653 478 quae
671 435 727 465 est
745 413 793 464 in¹
805 425 976 463 versibus
994 425 1084 472 213,
1100 437 1195 475 sqq„
1221 424 1391 475 priorem
1413 424 1501 463 libri
1519 440 1586 465 oc-

72 482 80 490 “
128 488 206 526 tavi
220 496 366 540 partem
385 502 451 529 seu
467 490 596 541 potius
615 499 790 529 octavum
806 489 948 528 librum
967 488 1109 536 claudi,
1126 497 1169 527 ut
1189 501 1312 526 novus
1328 487 1439 536 liber,
1454 502 1590 543 nempe

127 551 263 591 ordine
282 565 427 598 nonus,
447 553 606 605 incipiat
625 553 672 591 ab
691 552 962 602 acrostichide,
983 566 1020 591 v.
1047 566 1135 600 217.

160 622 162 625 '
177 617 286 656 Nunc
305 629 399 656 vero
417 619 560 670 prioris
579 617 689 667 hujus
704 614 882 655 carminis
894 647 906 668 ,
923 617 954 655 si
969 630 991 654 a
1007 615 1255 668 sequentibus
1275 624 1485 667 separetur,
1503 626 1591 656 aetas

125 679 226 718 haud
261 694 360 732 aegre
380 690 503 733 patet,
536 682 666 733 scripti
691 694 831 734 nempe
863 680 935 720 sub
964 681 1161 721 Antonino
1188 681 1283 728 Pio,
1310 694 1427 731 quum
1462 694 1590 721 recens

123 743 250 784 adhuc
270 755 369 785 esset
390 746 570 785 Hadriani
591 745 792 794 memoria,
819 758 1027 797 recensque
1047 739 1194 792 luctus,
1226 757 1263 783 v.
1302 745 1366 795 59,
1390 757 1494 796 sqq.;
1520 759 1589 784 nec

124 817 250 848 tamen
277 812 401 849 statim
426 819 511 862 post
530 811 609 861 ejus
637 820 826 850 mortem:
847 823 936 848 nam
957 819 995 849 et
1027 810 1242 849 Antoninus
1271 823 1387 848 senex
1415 819 1589 859 vocatur,

121 873 274 926 πρέσίυς
293 874 378 923 ἐών,
402 875 479 926 (qui
502 874 561 913 vix
579 875 633 913 ita
654 875 784 913 vocari
803 883 968 927 poterat,
987 888 1109 913 annos
1129 875 1274 926 quippe
1293 883 1405 913 natus
1425 875 1487 913 vix
1507 889 1567 913 mv
1580 906 1589 923 ,

123 946 202 976 tum
223 952 339 991 quum
359 938 405 976 ad
428 939 629 990 imperium
654 948 807 978 evectus
830 939 922 991 est),
940 947 979 977 et
997 939 1098 977 idem
1123 939 1186 977 diu
1207 945 1433 989 regnaturus
1449 939 1590 989 proedi-

124 1003 237 1054 citur,
268 1002 434 1052 ibidem,
459 1016 498 1043 v.
514 1004 564 1042 68
586 1019 595 1042 :

283 1067 347 1112 Εἰς
366 1068 445 1118 μὲν,
465 1066 617 1121 πρὲσὸυς
634 1067 710 1118 ἐὼν,
730 1067 917 1122 σκήπτρων
935 1067 992 1106 ἐπὶ
1011 1066 1122 1106 πουλὺ
1140 1066 1334 1120 κρατήσει,

123 1130 225 1169 unde
242 1131 394 1183 colligas
423 1132 507 1183 ipso
523 1131 604 1183 jam
631 1132 865 1183 aiiquamdiu
902 1132 1061 1183 sceptris
1089 1132 1214 1183 potito
1234 1131 1314 1169 haec
1335 1144 1416 1170 esse
1436 1131 1590 1183 scripta.

126 1197 313 1235 Praeterea
334 1204 409 1234 tres
426 1196 610 1234 Antonini
627 1196 738 1234 simul
755 1196 978 1248 imperaturi
998 1204 1199 1243 canuntur,
1213 1200 1303 1248 τρεῖς
1318 1194 1470 1248 ἄρξουσι,
1482 1209 1515 1233 ν.
1530 1198 1591 1247 65,

120 1257 224 1310 quod
243 1260 380 1298 Nostro
396 1259 611 1298 in·mentem
632 1261 764 1298 venire
778 1274 853 1298 non
868 1261 1006 1312 potuit,
1025 1261 1248 1312 prinsquam
1270 1260 1312 1299 L.
1333 1261 1454 1299 Verus
1470 1261 1591 1299 Caesm·

118 1322 166 1360 ad
183 1323 419 1362 consulatum
446 1333 599 1362 evectus
626 1324 769 1372 suisset,
786 1338 888 1363 anno
903 1333 990 1376 post
1009 1324 1204 1363 Christum
1224 1324 1313 1372 154,
1331 1324 1514 1362 Antonini
1536 1326 1592 1364 Pii

120 1386 268 1426 decimo
281 1397 411 1434 sexto;
427 1402 539 1440 quem
555 1402 696 1427 annum
717 1398 783 1427 aut
801 1403 916 1427 unum
941 1402 961 1427 e
980 1389 1155 1441 proxime
1169 1387 1430 1440 sequentibus,
1450 1390 1592 1428 scilicet

126 1454 196 1492 155
224 1463 289 1492 aut
313 1454 401 1504 156,
428 1454 594 1493 libenter
618 1455 705 1493 huic
731 1455 892 1494 carmini
922 1456 1256 1507 assignaverimus.
1275 1457 1401 1507 Atque
1428 1456 1493 1494 ilio
1516 1456 1594 1494 fere

123 1527 295 1570 tempore
318 1518 428 1558 divus
449 1520 623 1560 Justinus
643 1519 869 1571 Apologiam
894 1533 1001 1559 suam
1023 1521 1191 1571 priorem
1213 1519 1337 1558 tribus
1359 1520 1592 1572 principibus

121 1584 358 1624 inscribebat
384 1600 393 1624 :
418 1585 653 1639 Αὐτοκράτορι
681 1585 778 1639 Τίτῳ
802 1584 915 1639 Αἰλίῳ
936 1584 1102 1639 Ἀδριανῷ
1134 1585 1325 1639 Ἀντωνίνῳ
1352 1585 1496 1625 Εὖσεὸεῖ
1527 1588 1592 1625 Σε-

66 1668 71 1671 ·
120 1647 253 1701 ὃαστῷ,
268 1646 423 1702 Καίσαρι
436 1648 669 1703 Οὗηρισσίμῳ
681 1651 744 1702 υἱῷ
763 1649 969 1704 Φιλοσόφῳ,
983 1649 1041 1688 καὶ
1058 1649 1196 1703 Amat-sq>
1213 1649 1404 1704 Φιλοσόφῳ
1419 1650 1592 1704 Καίσαρος

120 1711 220 1765 φύσει
254 1713 317 1765 υἱῷ
349 1712 409 1753 καὶ
428 1713 604 1759 Εὗσεὸοῦς
633 1714 823 1767 εἰσποιητῷ
855 1713 1014 1767 (confer
1036 1714 1084 1752 de
1116 1715 1181 1752 illo
1204 1715 1346 1766 triplici
1371 1715 1409 1753 in
1430 1716 1591 1767 speciem

120 1776 339 1828 principatu
359 1777 475 1816 Guill.
494 1777 740 1817 Dindorfium
759 1778 806 1815 ad
830 1778 1002 1825 Aristid„
1017 1786 1046 1818 t.
1071 1779 1134 1825 ΙΙΙ,
1154 1791 1241 1829 pag.
1257 1792 1341 1827 va,
1357 1779 1453 1830 sq.);
1469 1780 1598 1830 itaque

121 1841 214 1879 nihil
244 1841 406 1891 mirum,
426 1842 459 1880 si
484 1851 630 1893 partem
651 1841 749 1880 hanc
778 1843 903 1881 octavi
926 1841 1014 1881 libri
1039 1842 1192 1885 videtur
1219 1843 1412 1895 ignorasse
1443 1854 1592 1883 sanctus

123 1907 251 1954 Pater,
272 1907 320 1944 ad
337 1920 449 1958 quam
475 1908 581 1945 nulio
602 1920 758 1946 suorum
777 1921 936 1960 operum
960 1908 1044 1946 loeo
1072 1908 1252 1959 respexit.

173 1973 284 2011 Certe
298 1980 387 2009 ante
406 1972 465 2011 Pii
480 1981 637 2011 mortem
651 1973 733 2010 haec
751 1974 892 2024 scripta
909 1986 990 2011 esse
1005 1985 1157 2011 necesse
1173 1982 1242 2021 est,
1257 1974 1438 2024 quoniam
1457 1973 1597 2013 dicitur

122 2035 204 2088 ipse
229 2036 366 2075 multas
389 2050 502 2088 opes,
534 2037 874 2089 muitaspecunias
907 2036 1012 2075 domi
1032 2050 1114 2076 esse
1146 2038 1384 2087 inclusurus,
1412 2052 1505 2090 quas
1532 2053 1592 2077 ve-

122 2100 251 2139 niente
270 2101 503 2140 Antichristo
530 2101 715 2141 effundat.
736 2105 862 2153 Atque
883 2102 946 2141 hic
965 2102 1128 2140 omnino
1154 2103 1363 2141 notandum
1383 2112 1461 2155 est,
1490 2105 1589 2155 quod

121 2165 240 2204 fusius
261 2165 300 2203 in
331 2167 507 2205 Excursu
530 2167 580 2206 Vl
614 2166 955 2215 demonstrabitur,
977 2167 1091 2217 vulgo
1112 2174 1265 2218 recepta
1295 2168 1478 2218 opinione
1510 2178 1591 2220 post

124 2240 201 2270 tres
214 2230 429 2269 Antoninos
449 2239 707 2282 exspectatum
729 2232 845 2270 fuisse
863 2232 974 2269 finem
995 2244 1138 2281 rerum,
1156 2231 1261 2282 quod
1277 2232 1515 2283 apertissime
1529 2232 1590 2271 de-

124 2295 290 2334 claratur
308 2295 346 2333 in
376 2295 442 2333 illo
462 2295 547 2346 ipso
563 2308 679 2346 supra
693 2295 812 2334 citato
827 2295 926 2340 ioco,
948 2309 983 2333 v.
1004 2295 1053 2333 65
1073 2309 1081 2332 ε

281 2359 353 2399 Τὸν
376 2359 465 2411 μέτα
485 2365 574 2414 τρεῖς
593 2360 733 2414 ἄρξουσι
748 2359 972 2399 πανύστατον.
987 2355 1085 2412 ἦμαρ
1101 2360 1253 2413 ἔχοντες,

125 2433 162 2463 et
181 2425 322 2476 passim
338 2425 377 2462 in
401 2426 568 2476 reliquis,
594 2439 632 2465 v.
657 2427 721 2473 73,
746 2438 852 2476 sqq.;
877 2439 944 2477 9¹›
967 2427 1160 2476 sqq.;‚131
1179 2453 1189 2468 ‚
1216 2438 1297 2476 sq.;
1325 2428 1412 2474 137,
1431 2439 1487 2477 sq.

178 2489 221 2527 ld
239 2488 393 2539 quidem
413 2488 465 2527 ita
482 2498 708 2527 eventurum
725 2489 952 2535 credebant,
974 2497 1015 2527 ut
1030 2489 1136 2540 prius
1152 2488 1320 2527 Romana
1339 2503 1399 2528 res
1415 2489 1588 2528 concide-

126 2560 183 2591 ret
201 2565 269 2604 per
286 2553 561 2592 Antichristum
589 2553 783 2592 Neronem
801 2567 848 2592 ex
872 2553 962 2592 Asia
986 2553 1220 2600 rediturum,
1243 2553 1341 2591 sicut
1371 2553 1511 2592 dictum
1536 2562 1588 2591 est

126 2616 227 2656 libro
246 2618 307 2665 lv,
325 2632 362 2657 v,
388 2619 474 2667 134,
496 2632 595 2670 sqq.,
614 2628 652 2658 et
670 2620 809 2672 saepius
831 2620 869 2657 iu
891 2619 963 2656 hoc
982 2618 1084 2656 libro
1107 2619 1309 2670 repetitur,
1329 2632 1366 2658 v.
1395 2633 1458 2669 70,
1484 2631 1589 2670 sqq-⁶,

127 2683 193 2730 88,
210 2695 315 2733 sqq.;
339 2683 424 2728 145,
443 2696 526 2734 sqq.

178 2746 311 2786 Nullus
345 2759 438 2783 vero
470 2746 677 2798 Sibyliinus
696 2746 793 2785 liber
810 2747 980 2797 apertius
1005 2745 1052 2784 de
1075 2760 1117 2785 ea
1148 2761 1191 2785 re
1224 2747 1452 2786 vaticinatur
1477 2759 1593 2798 quam

124 2811 186 2849 hic
210 2819 352 2858 noster,
378 2824 495 2861 quum
522 2820 560 2850 et
589 2825 788 2850 numerum
816 2811 940 2864 ipsum
966 2811 1239 2863 imperatorum
1261 2811 1451 2864 designet,
1472 2826 1506 2850 v.
1523 2810 1591 2857 65λ
1635 2816 1645 2824 “

128 2876 215 2923 ι3ι,
238 2876 329 2924 138„
341 2883 379 2914 et
394 2889 535 2914 annum
555 2876 685 2928 ipsum.
698 2890 775 2928 quo
797 2877 913 2916 Roma
933 2877 1105 2931 peritura
1121 2876 1192 2925 sit,
1214 2890 1250 2916 v.
1274 2878 1359 2925 248,
1385 2890 1488 2928 sqq,
1520 2889 1592 2914 an«.
