1686 3500
627 164 932 212 EXCURSUS
968 167 1070 211 vn.
1402 175 1409 185 “
1493 168 1585 216 383

120 267 210 296 aetas
227 264 308 296 tuto
326 256 453 297 adhuc
480 257 630 297 definiri
654 259 836 311 potuerit.
867 261 949 300 Hoc
977 273 1068 298 vero
1087 259 1309 300 difficillime
1333 263 1480 314 assequi
1500 263 1590 302 licet

121 322 158 358 in
185 321 292 359 malis
313 323 459 374 poetis,
479 335 642 373 quorum
662 323 770 361 color
797 337 905 375 paene
925 323 1056 362 unicus
1076 332 1134 362 est
1158 324 1287 363 colore
1314 326 1417 364 omni
1441 340 1587 367 carere.

121 385 224 425 Nihil
256 399 348 438 ergo
370 387 481 426 valde
507 387 646 426 mit-um
670 389 701 427 si
725 397 854 426 nostra
883 388 1069 438 Sibyllina
1095 389 1234 440 poesis,
1267 403 1352 441 quae
1384 398 1462 429 tota
1487 405 1593 443 paene

119 449 387 488 Alexandrinis
418 449 598 502 ingeniis,
621 450 684 490 sed
716 450 875 490 rudibus
903 465 947 490 ac
974 451 1218 503 vulgaribus,
1241 453 1391 491 exculta
1409 463 1493 505 est,
1522 469 1593 506 per

119 513 288 564 quinque
307 514 385 552 sere
410 514 546 552 saecula
564 514 697 553 eadem
717 523 782 554 aut
800 515 863 553 vix
882 529 904 554 a
920 529 959 553 se
978 515 1128 555 diversa
1147 516 1306 565 mansit,
1327 530 1454 555 rerum
1476 518 1592 569 magis

119 587 157 615 et
176 579 400 629 opinionum
420 593 532 631 quam
552 581 739 618 orationis
756 581 884 632 specie
901 580 1166 620 discernenda.
1187 583 1264 621 Nec
1278 591 1402 620 tamen
1419 582 1594 622 dissimu-

120 642 240 680 lamus
268 643 306 681 id
332 644 437 695 quod
460 643 539 694 jam
557 645 722 682 confessi
743 657 899 689 sumus,
920 645 1080 696 propius
1109 644 1402 695 inspicientibus
1421 646 1593 697 dignosci

120 720 231 756 posse
247 707 346 745 inter
364 708 427 746 illa
450 708 620 746 carmina
646 708 823 747 dictionis
840 709 954 747 etiam
975 709 1177 747 discrimen
1199 722 1285 747 :eas
1308 723 1444 761 nempe
1467 720 1594 760 partes

118 784 203 821 quae
221 771 287 809 diu
307 782 395 810 ante
415 781 560 811 ceteras
580 781 617 812 et
635 782 722 811 ante
744 782 914 811 nostram
935 787 1047 811 aeram
1067 773 1221 825 scriptae
1241 782 1348 820 suut,
1371 774 1497 812 minus
1515 788 1595 814 esse

119 835 337 882 meudosas;
358 837 583 875 deterrimos
596 837 674 875 sere
692 839 776 876 illos
806 838 924 876 libros
952 838 1017 889 qui
1040 838 1236 875 novissimi
1263 837 1510 888 prodierunt3
1528 839 1596 889 qui

119 900 231 937 medii
261 909 432 952 tempore
446 932 456 949 ,
478 901 632 939 eosdem
662 903 834 940 oratione
855 911 891 940 ct
922 912 1044 940 metro
1066 901 1210 940 medios
1231 902 1365 954 videri.
1384 903 1472 945 llaec
1501 916 1600 940 vere·

118 978 194 1001 non
213 965 262 1003 ita
283 978 433 1017 semper
452 966 617 1014 elucent,
634 974 676 1004 nt
691 980 768 1004 non
783 966 989 1005 discrimen
1010 965 1111 1003 istud
1126 974 1192 1004 aut
1208 965 1351 1017 ambigi
1368 966 1593 1017 aliquando,

117 1037 181 1066 aut
206 1029 323 1067 indoli
340 1029 589 1069 scribentium
617 1031 739 1081 parit(
745 1045 761 1069 r
790 1031 974 1082 imputari
995 1030 1117 1082 possit
1138 1044 1181 1068 ac
1202 1039 1237 1068 t<
1242 1043 1381 1081 mpori
1402 1030 1481 1069 Soli
1500 1043 1596 1081 qua-

118 1100 206 1130 tuor
222 1093 345 1132 ultimi
364 1093 451 1132 libri
465 1103 538 1131 tam
558 1087 671 1145 longe
684 1095 783 1133 insi-a
800 1104 905 1133 (etet
908 1108 950 1133 os
969 1094 1186 1144 subsidunt,
1199 1104 1239 1133 ut
1256 1095 1470 1133 necessario
1482 1095 1559 1133 ab
1550 1095 1598 1134 tis

116 1170 163 1194 se
157 1158 340 1208 „nugandi
361 1158 577 1197 vidtnntur.

169 1222 301 1272 ltaque
318 1236 436 1273 quum
458 1222 622 1273 primum
639 1223 902 1262 statuissemus
923 1222 963 1261 in
984 1223 1056 1262 hac
1082 1223 1308 1262 tractatione
1324 1221 1442 1261 libros
1460 1222 1595 1275 singu-

116 1285 171 1322 los
187 1285 323 1324 ordine
343 1299 541 1324 recensere
563 1294 778 1338 temporum
791 1317 801 1334 ,
818 1295 962 1325 mutato
978 1287 1117 1325 deinde
1133 1288 1309 1333 consilio,
1329 1287 1531 1325 maluimus
1544 1287 1601 1325 de

118 1350 305 1388 universis
333 1351 445 1389 simul
465 1351 675 1401 disserere,
702 1352 875 1402 sepositis
897 1361 1041 1390 tantum
1065 1361 1103 1391 et
1125 1353 1164 1390 in
1186 1353 1378 1404 singulare
1400 1360 1515 1403 caput
1529 1365 1594 1390 re-

110 1413 222 1465 jectis
245 1428 329 1465 quae
348 1414 455 1452 libris
475 1423 644 1465 quatuor
664 1415 806 1453 ultimis
824 1416 981 1466 propria
999 1423 1097 1454 sunt.
1114 1416 1209 1462 Quae
1224 1428 1318 1453 vero
1333 1414 1381 1453 ad
1400 1415 1593 1467 antiquio-

116 1491 176 1516 res
192 1478 279 1516 libri
294 1479 345 1517 Ill
361 1488 488 1530 partes
509 1480 714 1529 pertinent,
733 1480 823 1530 quia
841 1488 950 1517 aetate
966 1480 1084 1530 magis
1101 1493 1214 1531 quam
1235 1480 1365 1518 colore
1385 1479 1588 1526 disserunt,

114 1543 251 1580 ceteris
266 1543 406 1593 passim
427 1542 614 1591 admixta,
633 1558 710 1581 non
729 1544 839 1582 aliter
860 1558 973 1595 quam
995 1545 1175 1583 asterisco
1194 1544 1426 1584 notabimus.
1456 1545 1495 1583 ¹n
1523 1544 1590 1582 illo

114 1615 240 1644 autem
268 1607 392 1657 spatio
412 1608 627 1646 emetiendo
645 1616 760 1659 atque
780 1609 817 1646 in
840 1621 926 1646 suas
947 1617 1071 1659 partes
1091 1607 1374 1655 distribuendo,
1394 1608 1514 1659 ipsum
1534 1621 1592 1646 re·

115 1670 321 1708 tinebimus
339 1673 553 1723 argumenti
568 1672 687 1710 nostri
707 1672 951 1724 divisionem,
974 1680 1017 1710 ut
1035 1673 1199 1724 primum
1221 1672 1268 1711 de
1282 1672 1433 1711 (licendi
1448 1672 1589 1722 forma,

115 1744 246 1785 postea
263 1727 561 1774 deversilic'andi
583 1736 917 1787 t·atione‚denique
931 1735 1075 1788 aliquid
1095 1736 1142 1774 dc
1160 1736 1590 1789 poetica,quaecumqne

115 1799 187 1837 fuit
207 1799 245 1837 in
269 1799 495 1851 Sibyllistis,
517 1810 597 1839 arte
617 1801 802 1840 dicamus,

644 2057 755 2098 CAP.
774 2058 801 2097 l.
821 2060 878 2096 De
894 2059 1058 2098 dialecto.

166 2197 357 2236 Dialectus
375 2196 652 2248 Sibyllinorum
671 2197 884 2236 carminum
908 2197 1017 2249 epica
1034 2205 1112 2246 est,
1135 2210 1308 2249 magnam
1330 2197 1476 2236 scilicet
1501 2210 1593 2250 pm·-
1623 2187 1627 2193 Δ

114 2269 187 2300 tem
207 2261 356 2309 ionica,
377 2261 549 2312 quaedam
568 2270 690 2300 tamen
718 2275 739 2300 e
764 2262 901 2300 ceteris
926 2262 1097 2300 dialectis
1118 2271 1251 2300 mutuo
1280 2261 1498 2313 accipiens,
1524 2262 1584 2300 vel
1632 2258 1636 2264 ’

113 2326 224 2363 metri
238 2339 351 2363 cnusu
363 2355 375 2374 ,
396 2325 456 2363 vel
476 2326 627 2364 aurium
642 2326 781 2376 gratia,
795 2327 856 2365 vel
874 2326 957 2364 solo
974 2326 1175 2377 scriptoris
1193 2322 1367 2365 arbitrIO.

169 2404 182 2427 ι
193 2390 212 2409 ⁰
230 2391 286 2429 Ex
306 2390 495 2429 atticismo
509 2391 687 2442 vulgares
703 2390 886 2442 quasdam
902 2390 1184 2429 contractiones
1198 2390 1326 2438 habet,
1339 2389 1442 2442 apud
1458 2390 1583 2442 ipsum

112 2455 320 2492 Homerum
339 2468 417 2493 non
436 2456 547 2494 valde
567 2468 672 2494 raras
700 2470 710 2493 ε
740 2456 872 2502 ἀληθῆ,
904 2455 947 2502 V,
967 2469 1008 2503 7;
1040 2454 1152 2504 ἄστη,
1182 2456 1274 2504 vll,
1298 2457 1362 2503 35,
1378 2463 1454 2496 etc.
1470 2455 1595 2493 Adde·

111 2520 392 2559 conti-actiones
408 2534 428 2558 e
444 2521 630 2571 particula
652 2519 710 2559 καί
729 2521 938 2560 oiiundas:
963 2520 1158 2571 κᾶστησαν,
1179 2521 1269 2560 ΗΓ.
1257 2526 1390 2571 4993
1410 2518 1525 2567 κῆνοιξ
1530 2535 1585 2564 αν,

112 2585 186 2624 lll*
190 2585 525 2637 {inoffi-timenem,
540 2587 705 2624 Prooem
719 2586 760 2634 6,
775 2594 812 2623 et
826 2585 918 2623 'tllas
932 2584 1276 2631 1nfra1efetcnd‘ts,
1292 2584 1592 2635 qmbnsstnnlts

111 2649 176 2687 vix
196 2650 291 2687 ullas
310 2649 411 2700 apud
434 2651 640 2688 Homerum
661 2650 853 2687 inveneris
874 2658 1013 2700 praeter
1033 2650 1221 2687 solemnes
1245 2649 1352 2687 illas:
1372 2648 1493 2699 κάγώ,
1515 2650 1594 2687 xvh.

111 2719 185 2760 κεῖ,
209 2713 361 2758 κάκεῖνος
379 2723 416 2752 et
433 2712 514 2754 κᾶν.
538 2714 650 2761 Quod
673 2727 766 2751 vero
787 2714 941 2752 minime
962 2714 1205 2753 Homericum
1226 2721 1358 2760 sonat,
1382 2713 1585 2753 feminino·
1614 2742 1616 2745 v

114 2791 197 2814 rum
220 2777 361 2815 ultimae
381 2778 524 2828 longae,
553 2792 638 2829 quae
661 2777 763 2830 apud
787 2779 896 2817 lonas
917 2793 986 2829 per
1003 2794 1044 2826 η,
1065 2779 1168 2830 apud
1187 2778 1371 2829 Sibyllam
1391 2778 1591 2816 interdum.

113 2841 228 2880 attico
258 2856 363 2881 more
382 2857 452 2894 per
480 2859 501 2881 α
524 2844 755 2891 efferuntur,
778 2851 818 2881 ut
840 2843 964 2896 μωρά,
985 2844 1033 2892 V,
1063 2845 1159 2895 3073
1180 2843 1304 2897 νεκρά,
1324 2843 1367 2894 V,
1405 2845 1501 2890 3103
1525 2858 1586 2895 γε·
