1752 3495
177 205 238 250 68
364 255 366 257 ,
542 201 625 268 AD
657 201 998 247 StssYLLtNOS
1036 202 1237 247 LlBROS

160 317 182 335 -ι
196 300 306 353 juxta
324 299 427 352 ripas
446 298 567 336 amnis
587 298 764 344 Anienis,
785 297 894 348 eujus
913 299 951 336 in
972 300 1122 351 gurgite
1138 298 1380 337 simulacrum
1396 299 1480 351 ejus
1494 301 1634 340 inven-

171 382 186 399 -
203 373 282 402 tum
297 375 377 402 esse
391 362 545 410 dicitur,
561 370 692 399 tenens
708 361 747 399 in
764 374 879 400 manu
893 362 1049 409 librum,
1065 361 1173 413 cujus
1189 371 1308 400 sortes
1327 364 1487 402 Senatus
1506 364 1544 401 in
1558 364 1634 402 Ca-

172 426 374 479 ·pitolium
399 425 676 464 transtulerit.»
696 425 772 463 Nec
792 425 983 464 diversum
1015 433 1069 463 est
1102 426 1205 476 quod
1229 426 1331 478 apud
1351 426 1550 466 Tibullum
1578 429 1632 466 le-

168 492 282 542 gitur,
305 490 369 529 lib.
391 490 450 536 11,
471 489 563 541 eleg.
587 489 624 538 5,
646 502 684 529 v.
703 489 768 538 69,
791 502 845 540 sq.
868 503 876 527 :

323 556 493 605 Quaeque
509 554 654 592 Aniena
671 565 798 591 sacras
817 554 959 593 Tiburs
974 567 1043 604 per
1062 554 1218 592 flumina
1238 563 1359 592 sortes

303 668 306 670 v
426 619 596 658 Portarit
611 646 621 664 ,
642 618 745 656 sicco
766 619 1044 669 pertuleritque
1063 619 1163 660 sinu.

165 685 319 736 Quippe
335 691 373 722 et
386 683 460 721 ltoc
477 683 576 720 inter
594 682 666 719 alia
686 690 878 720 mutuatus
898 690 953 719 est
972 696 993 720 a
1010 686 1254 733 grammatico
1275 692 1385 734 poeta
1398 712 1407 729 ,
1423 684 1496 721 nisi
1510 685 1630 734 quod,

163 761 342 787 concessa
362 748 479 786 Musis
499 745 696 792 facultate,
715 754 910 796 acceptam
931 746 1097 783 fabulam
1120 747 1290 792 ornavit,
1325 747 1431 785 auxit
1446 776 1456 794 ,
1489 749 1630 798 ampli-

164 813 301 852 ficavit.
319 814 404 852 Non
423 811 519 849 enim
537 810 613 860 jam
635 809 788 860 Sibyllae
802 810 1064 856 simulacrum,
1086 811 1150 848 sed
1172 811 1252 861 ipsa
1268 810 1413 861 Sibylla
1434 825 1503 862 per
1513 826 1628 863 aquas

162 877 376 922 devehitur,
405 874 634 924 additurque
663 873 766 924 quod
789 873 931 919 Varro,
957 874 1086 911 saltem
1117 874 1219 924 apud
1252 875 1514 921 Lactantium,
1550 890 1626 913 non

160 943 322 988 dixerat,
341 939 480 976 librum
502 938 539 975 in
560 938 640 988 ejus
661 951 775 975 manu
796 939 1007 988 perstitisse
1032 952 1111 976 non
1133 939 1363 977 ineolumem
1395 940 1510 978 modo
1525 970 1536 989 ,
1560 942 1626 979 sed

160 1006 287 1054 etiam,
307 1016 384 1055 quo
402 1003 520 1054 magis
540 1003 694 1051 mirere,
715 1002 870 1041 siccum.

210 1068 323 1115 Quod
348 1067 377 1105 si
398 1080 476 1104 rem
499 1065 545 1103 ad
576 1065 764 1115 liquidum
789 1065 1000 1116 perducere
1026 1067 1216 1114 volueris,
1241 1067 1428 1119 intelliges
1455 1069 1625 1120 profecto

158 1134 273 1172 fuisse
292 1132 393 1170 illam
415 1132 574 1169 Senatus
599 1129 792 1177 fraudem,
814 1143 877 1167 seu
899 1130 1118 1180 politicum,
1145 1139 1186 1168 ut
1209 1131 1328 1168 hodie
1353 1141 1509 1180 vocant,
1530 1147 1623 1171 con-

158 1192 280 1237 silium
295 1226 305 1244 ,
341 1196 387 1233 ad
420 1194 669 1232 imitationem
705 1194 907 1244 Tarquinii
942 1195 1040 1244 regis
1073 1195 1328 1245 excogitatum
1343 1224 1353 1242 ‚
1392 1205 1434 1234 ut
1468 1199 1622 1236 oracula

156 1262 280 1312 aliqua
297 1288 308 1306 ,
340 1259 507 1311 patriciae
539 1257 639 1295 haud
672 1256 789 1296 dubie
821 1271 945 1295 causae
970 1257 1149 1306 faventia,
1182 1258 1337 1310 publice
1367 1271 1621 1301 sacrarentur.

155 1325 286 1374 Itaque
306 1331 476 1374 repertos
499 1329 675 1372 tauquam
707 1322 891 1359 miraculo
913 1322 1030 1361 libros
1049 1323 1212 1362 Senatus
1236 1324 1274 1361 in
1304 1326 1531 1376 Capitolium
1550 1327 1618 1365 de-

154 1389 244 1427 ferri
257 1388 388 1439 jussit,
408 1386 536 1437 ibique
553 1400 636 1424 cum
655 1385 852 1437 Sibyllinis
872 1386 1032 1437 deponi,
1054 1395 1090 1424 et
1111 1401 1131 1425 a
1148 1387 1274 1429 Xviris
1293 1389 1497 1436 custodiri;
1516 1392 1619 1441 quod

151 1463 189 1492 et
210 1455 245 1492 in
276 1453 357 1491 aliis
378 1451 607 1502 quibusdam
640 1451 804 1489 fatidicis
831 1451 938 1489 libris
963 1452 1210 1504 (Marciorum
1238 1466 1375 1504 nempe
1396 1454 1554 1492 fratrum
1584 1465 1619 1494 et

149 1518 284 1570 Begois
314 1516 530 1568 nymphae),
571 1515 733 1553 diversis
776 1515 1015 1567 temporibus
1058 1517 1198 1554 factum
1245 1517 1540 1556 monstrabimus
1580 1520 1617 1557 in

152 1584 244 1622 Exc.
262 1583 328 1628 ltt,
344 1595 429 1632 cap.
454 1582 491 1620 5.

203 1648 333 1697 Neque
360 1645 515 1683 omnino
545 1657 684 1695 negare
706 1645 868 1682 velimus
894 1645 1139 1683 simulacrum
1169 1645 1324 1696 aliquod
1354 1648 1522 1686 mulieris
1551 1658 1617 1687 aut

147 1711 343 1763 Nymphae,
364 1710 402 1746 in
426 1708 558 1746 Tiberi
578 1708 695 1746 fluvio
715 1709 925 1755 inventum,
944 1722 1072 1746 ansam
1095 1709 1183 1746 huie
1199 1710 1336 1748 sabulae
1356 1711 1516 1759 dedisse,
1540 1714 1616 1752 Pa-

146 1786 314 1826 tresque,
331 1786 415 1824 quae
435 1773 586 1810 illorum
606 1773 674 1810 fuit
688 1773 841 1810 solertia
856 1803 865 1821 ,
886 1773 1082 1810 fortuitam
1114 1774 1355 1812 occasionem
1376 1775 1413 1813 in
1438 1775 1614 1827 publicos

145 1854 234 1879 usus
252 1839 417 1877 vertisse.
438 1838 486 1877 Ut
509 1846 633 1875 tamen
649 1837 744 1875 illud
762 1839 910 1888 signum
931 1837 1101 1876 Tiburtis
1121 1851 1202 1876 esse
1221 1839 1376 1889 Sibyllae
1392 1841 1612 1891 fingeretur,

148 1912 264 1954 utque
290 1902 412 1939 statim
431 1899 468 1938 id
493 1900 606 1950 vulgo
624 1900 853 1948 crederetur,
876 1909 914 1938 et
937 1900 1117 1939 Albuneae
1138 1893 1276 1940 nomen
1299 1903 1348 1940 ita
1370 1904 1479 1942 facile
1502 1906 1611 1943 inva-

145 1967 312 2008 lesceret,
332 1975 485 2001 necesse
500 1962 571 2000 suit
586 1962 752 2013 aliquam
768 1962 968 2001 Tiburtem
985 1963 1167 2014 Sibyllam
1185 1966 1257 2003 sub
1277 1967 1344 2004 illo
1364 1969 1517 2007 nomine
1530 1969 1611 2020 jam

145 2037 256 2066 antea
275 2027 464 2078 cognitam
486 2025 599 2064 fuisse
621 2035 659 2064 et
676 2026 801 2076 prisca
828 2027 885 2065 vel
907 2028 1164 2067 Romanorum
1183 2032 1241 2067 vel
1265 2040 1367 2069 certe
1385 2032 1612 2071 Tiburtino·

144 2109 230 2133 rum
247 2093 491 2131 veneratione
510 2091 663 2130 cultam.
684 2092 805 2129 Porro
825 2105 959 2142 quum,
987 2094 1024 2130 in
1047 2107 1088 2131 re
1107 2093 1267 2132 obscura
1286 2104 1323 2133 et
1339 2109 1383 2134 ex
1405 2097 1518 2135 unico
1533 2099 1613 2136 fere

143 2159 326 2197 Varronis
346 2156 563 2195 testimonio
588 2156 795 2207 pendente,
824 2170 900 2194 non
929 2158 1039 2195 aliter
1069 2172 1180 2208 quam
1209 2159 1439 2210 conjecturis
1466 2162 1610 2213 aliquid

143 2223 293 2274 assequi
313 2222 448 2268 liceat3
478 2234 674 2271 quumque
698 2220 745 2257 de
763 2220 924 2259 Tiburte
945 2220 1090 2272 Sibylla
1113 2223 1228 2260 altum
1248 2225 1324 2271 sit,'
1344 2234 1481 2275 praeter
1505 2226 1611 2265 locos

144 2301 259 2339 supra
286 2288 439 2332 citatos,
460 2285 576 2322 totius
596 2285 832 2335 antiquitatis
855 2285 1072 2334 silentium3
1101 2301 1240 2325 nomen
1268 2289 1398 2327 saltem
1429 2282 1609 2329 Albuneae

142 2364 354 2405 quaeramus
368 2358 534 2401 oportet,
553 2349 700 2399 quoties
715 2358 751 2386 et
767 2362 844 2400 quo
861 2363 973 2387 sensu
989 2351 1037 2387 sit
1058 2351 1105 2388 ab
1125 2354 1347 2391 auctoribus
1367 2364 1606 2405 usurpatum.

142 2418 205 2465 Bis
227 2415 322 2453 illud
347 2414 448 2466 apud
481 2423 614 2465 poetas
642 2427 768 2464 neque
796 2414 886 2452 alibi
913 2415 1144 2464 invenimus;
1177 2431 1220 2455 ae
1246 2419 1359 2456 semel
1388 2420 1541 2470 quidem
1567 2421 1606 2458 in

140 2480 288 2531 Virgilii
313 2479 396 2517 loco
416 2492 493 2516 non
513 2477 694 2515 incelebri
710 2478 757 2516 de
779 2478 897 2517 Fauni
916 2468 1120 2532 or'acuto'a
1150 2483 1284 2520 Latino
1307 2496 1394 2534 rege
1413 2485 1604 2534 consulto,

141 2544 227 2585 AEn.
248 2545 334 2590 Vll,
356 2557 391 2581 v.
415 2544 477 2592 61,
503 2555 586 2592 sqq.
609 2555 618 2581 τ
897 2582 900 2586 ,

300 2612 348 2647 At
366 2620 432 2645 rex
451 2607 635 2645 sollicitus
658 2607 835 2644 monstris
850 2609 1005 2645 oracula
1026 2608 1159 2659 Fauni,

298 2671 454 2711 Fatidici
474 2671 671 2722 genitoris,
690 2671 794 2719 adit,
819 2672 1001 2723 lucosque
1020 2673 1090 2710 sub
1110 2675 1181 2712 alta

294 2737 468 2775 Consulit
489 2735 660 2773 Albunea
675 2767 685 2782 ,
707 2749 905 2774 nemorum
929 2749 1014 2787 quae
1031 2738 1193 2776 maxima
1213 2751 1321 2776 sacro

292 2805 411 2840 Fonte
432 2809 561 2849 sonat,
588 2814 800 2852 saevamque
823 2801 977 2838 exhalat
999 2814 1118 2853 opaca
1139 2802 1353 2854 mephitim.

291 2867 385 2905 llinc
407 2866 507 2904 ltalae
525 2874 672 2916 gentes,
694 2865 894 2916 omnisque
915 2866 1104 2905 OEnotria
1125 2868 1257 2918 tellus,
