1752 3495
563 239 856 286 EXCURSUS
894 239 944 283 11.
1379 244 1466 288 117

28 337 166 383 tulerit,
195 335 304 374 adeat
326 348 401 373 non
438 334 609 385 plenam,
635 333 700 371 sed
726 334 917 384 copiosam
946 345 1075 371 eorum
1103 335 1270 386 syllogen
1289 336 1328 373 in
1351 338 1473 388 Opso-

26 404 95 457 poei
115 400 214 440 libro
233 401 297 452 qui
319 399 433 450 vulgo
453 397 645 450 Sibyllinis
662 398 710 436 ab
727 399 808 450 ipso
822 398 932 436 editis
953 398 1100 436 annecti
1115 399 1229 448 solet,
1248 400 1319 439 hoc
1336 402 1469 442 titulo:

26 488 39 502 .
57 466 212 507 Oraculn
248 464 399 502 metrica
433 463 558 509 Jovis,
585 463 788 514 Apollinis,
818 464 999 509 Hecates,
1035 462 1226 514 Serapidis
1256 473 1292 501 et
1312 465 1470 504 aliorum

25 552 39 567 «
58 532 209 569 deorum
231 536 266 566 et
284 536 423 574 vatum,
450 542 469 564 n
491 529 635 567 Joannc
655 529 847 578 Opsopoeo
865 527 1035 574 collecta,
1053 528 1218 579 Parisiis,
1246 518 1357 578 ¹599)
1380 529 1438 568 8⁰.
1458 548 1473 564 ι

24 599 109 636 Item
154 591 484 644 pseudo-Orphica
517 600 554 629 et
587 591 979 643 pseudo-Zoroastren
1016 591 1247 641 fragmenta,
1290 605 1470 630 nonnun-

23 672 126 712 quam
166 671 185 695 a
219 656 356 694 sanctis
393 656 569 694 Ecclesiae
610 655 800 705 patribus,
841 657 976 706 saepius
1011 669 1099 693 vero
1129 669 1150 693 a
1191 656 1470 706 Neoplatonicis

24 723 184 767 laudata,
215 729 251 759 et
281 720 435 771 quidem
469 721 692 771 plerumque
711 720 790 758 sine
810 728 1009 758 auctorum
1030 720 1204 769 nomine,
1226 719 1345 770 λόγια,
1371 719 1470 758 unde

22 785 217 838 aliqnando
248 798 334 822 curn
366 784 560 835 Sibyllinis
591 784 775 822 confundi
807 794 1039 836 potuerunt,
1073 798 1120 823 ne
1150 785 1234 835 quis
1262 784 1361 836 apud
1402 797 1471 823 nos

21 859 182 904 quaerat:
213 858 300 887 sunt
327 850 425 887 enim
454 849 607 887 aliunde
631 849 812 900 petenda,
843 849 1008 899 Orphica
1030 862 1164 900 nempe
1190 862 1234 886 ex
1266 850 1470 887 Hei-manni

20 915 188 968 praeclara
219 913 405 960 editione,
439 905 541 964 Lips.
575 913 693 959 1805;
726 914 948 952 zoroastren
985 926 1078 950 vero
1097 927 1149 965 ‘ex
1185 913 1356 951 obsoleta
1390 912 1468 964 jam

20 994 81 1018 nec
99 978 184 1016 satis
205 977 377 1029 integra,
409 978 561 1016 minime
590 986 712 1015 tamen
738 976 1028 1024 contemnenda,
1059 978 1210 1016 Patricii
1233 977 1468 1024 collectione,

20 1043 113 1082 haud
144 1042 253 1081 semel
279 1055 430 1090 recusa,
457 1043 601 1094 optime
631 1056 722 1080 vero
751 1042 937 1081 ,Iohannis
966 1042 1101 1093 Clerici
1133 1043 1234 1081 curis
1261 1041 1307 1080 ad
1330 1041 1467 1080 calcem

19 1109 143 1147 Thom.
168 1108 321 1147 Stanleii
336 1136 346 1155 ,
366 1108 458 1146 Hist.
482 1107 616 1159 philos.
640 1107 797 1157 orient„
818 1109 934 1148 Amst.
964 1108 1072 1157 1690,
1090 1105 1206 1145 in-80.
