1752 3495
182 219 274 265 290
757 217 1052 263 APPENDlX

180 314 276 351 inter
296 311 413 362 ipsius
429 310 540 350 Bedae
558 323 688 362 opera,
713 320 800 351 tom.
823 312 873 358 n,
898 312 956 350 ed.
978 311 1086 350 Basil.
1114 310 1209 348 1563
1223 338 1233 358 ,
1249 320 1348 351 extr.
1363 327 1373 359 ;
1387 313 1452 351 scd
1468 315 1578 356 etiam
1597 321 1633 358 in

178 376 447 427 Sibyllinorum
463 374 693 413 editionibus
712 375 909 428 Opsopoei‚
936 388 973 425 p.
992 375 1080 421 515,
1100 387 1198 425 sqq.,
1216 383 1253 413 et
1270 375 1422 424 Galloei,
1444 385 1467 415 t.
1489 379 1533 426 ll,
1554 393 1632 431 post

140 473 147 480 .
179 440 282 491 praes.
305 440 366 478 Sic
386 452 475 476 vero
499 438 653 488 incipit:

228 522 242 538 ιι
262 503 414 553 Sibyllae
433 502 660 553 generaliter
679 514 808 538 omnes
829 500 976 538 feminae
993 500 1175 539 dicuntur
1191 502 1462 553 prophetantes
1481 505 1581 557 [liaeo
1598 521 1632 548 et

175 588 189 601 ..
211 569 390 619 pleraque
411 568 508 604 infra
532 566 578 604 de
597 566 770 616 Sibyllis,
794 578 814 603 e
842 565 1035 603 Lactantio
1063 564 1175 604 ducta
1210 575 1315 614 sunt,
1342 568 1427 606 licet
1459 570 1633 624 pleraque

173 651 189 665 ι
211 631 455 682 a‹lulterata],
479 644 561 682 qua:
579 630 742 668 divinam
760 629 992 667 voluntatem
1014 627 1142 681 [codd.
1165 629 1216 668 ob
1239 625 1313 670 di‘v.
1336 631 1428 683 voh]
1455 633 1631 687 interpre-

173 714 185 727 ιι
209 696 278 733 tari
296 704 332 733 et
349 702 506 732 ventura
526 693 770 744 pronuntiare
792 691 978 731 solebant.
1005 693 1181 731 Tradunt
1201 688 1323 731 autem
1346 693 1549 735 doctissimi
1568 714 1629 737 au.

171 779 186 793 -
208 769 349 806 cmx-es,
373 760 505 806 decem
527 758 638 794 fuisse
666 756 853 807 Sibyllas,
882 770 1044 807 (piarum
1076 758 1197 808 prima
1220 758 1363 804 Pcrsis3
1381 760 1545 799 secunda
1568 763 1629 802 Li-

170 842 185 857 «
205 823 321 874 byca3
351 822 480 867 tertia,
516 820 726 871 Delphica,
755 833 839 871 quae
870 828 958 857 ante
991 821 1159 872 Trojana
1191 820 1289 859 bella
1323 822 1525 861 vaticinata
1557 837 1629 874 θεὶς

171 907 184 919 ··
206 897 338 938 quarta
352 887 514 929 Cumaea,
541 884 577 920 in
601 884 707 921 Italia
723 899 733 930 3
752 884 885 934 quinta
906 884 1102 934 Erythraea
1127 885 1163 922 in
1190 884 1399 935 Babylonia
1419 895 1517 932 orta,
1537 889 1629 930 dieta

170 970 184 986 ι
212 950 402 1000 Erytliraea
419 948 465 986 ab
483 948 602 985 insula
626 948 661 986 in
687 961 760 999 qua
779 947 861 998 ejus
875 948 974 985 dicta
995 956 1082 985 sunt
1100 948 1267 986 carmina
1282 963 1292 995 ;
1310 958 1429 998 sexta,
1448 952 1628 1005 Samiam,

169 1034 183 1049 a
203 1029 221 1052 a
239 1016 352 1053 Samo
373 1013 525 1051 flumine
545 1013 810 1050 Beneventano
828 1011 996 1062 [mii-um,
1010 1012 1075 1049 sed
1091 1012 1151 1050 alii
1174 1013 1316 1064 legunt,
1334 1028 1353 1051 a
1373 1016 1486 1053 Samo
1500 1016 1626 1073 insula]

168 1097 183 1113 ι
202 1088 354 1124 vorata3
377 1078 535 1128 septima
551 1076 756 1114 Amaltliaea
777 1076 834 1114 vel
853 1077 1043 1123 Cumana;
1065 1086 1198 1115 octava
1217 1078 1518 1129 llellespontica;
1537 1095 1627 1121 nona

169 1161 184 1176 ι
206 1142 390 1193 Plu-ygia3
418 1142 563 1179 decima
591 1139 792 1178 Tiburtina
813 1153 955 1191 graece,
981 1141 1154 1179 Albunea
1184 1142 1298 1180 latine
1325 1152 1503 1195 vocatur3
1531 1146 1628 1197 cujus

168 1225 184 1240 a
205 1206 435 1243 carminibus
458 1205 585 1256 [codd.
608 1218 655 1242 ex
674 1205 783 1255 cujus
801 1203 934 1257 carim]
961 1207 1079 1243 multa
1096 1206 1143 1244 de
1166 1208 1247 1244 Deo
1269 1216 1306 1245 ct
1325 1208 1478 1246 Christo
1496 1211 1626 1262 scripta

169 1289 183 1302 ·
203 1271 460 1308 continentur.
488 1269 572 1306 Fuit
598 1269 715 1319 igitur
732 1269 811 1306 haec
836 1268 982 1320 Sibylla
1000 1269 1202 1308 priamidis
1221 1268 1307 1323 [sie]
1329 1272 1426 1322 regis
1450 1272 1538 1320 lilia,
1559 1284 1624 1314 etc.

167 1353 183 1369 ι
206 1335 409 1373 Audientes
433 1334 549 1384 igitur
575 1333 710 1370 samam
733 1332 813 1382 ejus
833 1332 1016 1380 Romani,
1037 1334 1163 1371 statim
1185 1335 1458 1373 mundaverunt
1478 1337 1515 1374 in
1540 1352 1626 1376 cou-

168 1419 183 1433 ιι
204 1408 335 1450 spectu
358 1407 588 1436 senatorum.
618 1398 812 1435 Mittentes
835 1410 926 1448 ergo
950 1405 1148 1435 senatores
1173 1398 1315 1449 legatos
1345 1399 1392 1436 ad
1414 1414 1511 1449 eam,
1541 1401 1626 1440 sect·-
1649 1410 1651 1412 '

167 1482 182 1497 a·
204 1463 423 1514 runtipsam
441 1475 527 1499 cum
549 1474 684 1511 magno
703 1461 848 1499 honore
869 1462 1005 1499 deduci
1025 1462 1201 1511 Romam,
1223 1472 1313 1511 etc.,
1335 1473 1434 1503 etc...
1451 1483 1467 1499 ι.

220 1529 276 1567 lbi
291 1527 501 1565 maliet-illa
515 1526 702 1563 somnium
724 1526 979 1575 quorumdam
995 1536 1215 1565 senatorum
1234 1528 1515 1579 interpretatur,
1536 1532 1626 1571 visos

165 1606 302 1643 nempe
318 1592 354 1629 in
375 1591 519 1629 somnis
544 1603 680 1627 novem
698 1591 812 1637 soles,
834 1603 929 1641 quos
948 1591 1028 1641 ipsa
1049 1605 1187 1629 novem
1209 1592 1410 1631 hominum
1430 1597 1622 1645 generatio·

163 1670 231 1695 nes
249 1668 330 1694 esse
347 1655 471 1705 docet,
489 1662 603 1704 atque
623 1653 709 1690 inde
725 1655 853 1703 paucis
872 1654 1045 1704 praedicit
1061 1655 1151 1706 quid
1172 1656 1209 1693 in
1226 1670 1376 1707 quaque
1397 1660 1625 1707 generatione

163 1728 388 1759 eventurum
408 1720 466 1764 sit,
480 1718 610 1756 multis
624 1717 820 1767 Sibyllinis
841 1718 1060 1769 fragmentis
1080 1719 1310 1758 intermixtis
1329 1734 1349 1758 e
1366 1722 1545 1760 Lactantii
1562 1723 1625 1761 side

166 1783 374 1823 secundum
401 1791 570 1820 veterem
599 1781 750 1819 latinam
777 1782 1145 1832 interpretationem.
1175 1784 1223 1821 Et
1249 1784 1286 1821 in
1315 1794 1452 1835 quarta
1483 1787 1623 1836 quidem

167 1847 412 1900 generatione
427 1846 566 1884 Christi
582 1846 785 1883 adventum
804 1846 1049 1893 vaticinatur;
1072 1847 1107 1884 in
1131 1860 1233 1885 nona
1253 1848 1364 1885 finem
1389 1849 1545 1888 Romani
1565 1851 1625 1888 im-

166 1912 278 1964 perii,
303 1919 484 1949 venturos
503 1924 523 1948 e
539 1910 647 1960 Syria
665 1909 761 1947 duos
779 1922 884 1960 reges
907 1910 1020 1960 (cons.
1045 1910 1147 1949 Lact.
1170 1910 1238 1950 lib.
1259 1912 1344 1958 vll,
1363 1925 1448 1963 cap.
1471 1915 1528 1963 16,
1547 1915 1623 1963 sq.),

167 1977 305 2015 deinde
324 1989 450 2026 regem
486 1987 661 2024 magnum
681 1983 719 2011 et
740 1974 845 2025 pium
876 1975 1008 2012 urbem
1033 1984 1199 2012 sanctam
1220 1976 1504 2023 aedificaturum,
1529 1978 1624 2027 cujus

168 2056 303 2080 nomen
323 2055 341 2078 a
359 2041 389 2079 C
410 2041 516 2078 litera
539 2040 779 2090 incepturum
802 2039 849 2076 sit
872 2036 1193 2093 [Constantinum]
1209 2070 1218 2087 ,
1241 2051 1278 2079 et
1297 2050 1382 2092 post
1397 2042 1501 2080 illum
1522 2043 1622 2092 igno-

169 2116 225 2144 tos
244 2106 427 2158 quosdam
443 2118 564 2157 regeS,
583 2104 749 2142 fortuitis
765 2103 962 2142 elementis
978 2095 1206 2156 designatos,
1219 2106 1267 2143 B.
1278 2108 1326 2146 A.
1339 2110 1366 2145 A
1379 2135 1388 2145 .
1400 2112 1431 2146 A
1442 2136 1450 2145 .
1463 2112 1489 2147 A
1503 2109 1562 2146 Αἰ.
1577 2108 1625 2154 L„

169 2171 295 2210 dubiis
312 2169 502 2218 omnibus,
519 2169 581 2208 sed
602 2170 639 2206 in
655 2168 793 2220 quibus
807 2182 948 2207 nomen
969 2170 1174 2221 praevalere
1194 2170 1346 2209 videtur
1363 2175 1619 2223 Augustorum.

168 2238 265 2276 Tum
284 2236 338 2274 sic
359 2236 481 2286 pergit
498 2248 506 2274 :

222 2320 236 2335 «
259 2301 303 2338 Et
325 2307 409 2351 post
425 2299 504 2335 liaee
519 2305 645 2347 surget
665 2310 729 2334 rex
745 2297 890 2335 Salicus
909 2296 957 2334 de
972 2297 1128 2336 Francia
1149 2311 1217 2349 per
1232 2300 1264 2338 K
1283 2303 1436 2338 nomine
1458 2298 1623 2353 [Karolus

168 2384 182 2399 ι.
203 2378 342 2415 nempe
361 2362 532 2414 Magnus]
550 2376 559 2399 ε
586 2362 666 2412 ipse
691 2361 764 2398 erit
784 2374 941 2412 magnus
960 2369 997 2399 et
1024 2362 1215 2412 piissimus
1230 2391 1240 2410 ‚
1270 2372 1402 2413 potens
1426 2373 1460 2401 et
1488 2363 1624 2401 miscri-

167 2449 183 2465 κ
205 2444 290 2468 cors
309 2438 346 2467 et
364 2429 504 2466 faciens
523 2426 708 2478 justitiam
730 2425 963 2477 pauperibus
972 2453 1088 2465 .....
1124 2427 1172 2465 Et
1191 2428 1317 2465 veniet
1346 2442 1410 2465 rex
1440 2438 1521 2479 post
1547 2440 1623 2465 eum

170 2514 184 2529 η
207 2508 274 2546 per
290 2494 321 2532 L
339 2494 492 2531 nomine
510 2491 743 2544 [Ludovicus
764 2488 885 2544 Pius],
909 2499 946 2528 et
970 2499 1054 2541 post
1073 2490 1147 2529 hoc
1164 2491 1335 2543 regnabit
1356 2493 1384 2532 L
1404 2490 1624 2545 [Lotharius]

171 2578 186 2593 «ι
207 2569 244 2597 et
271 2567 356 2610 post
382 2559 412 2597 L
433 2557 488 2575 '⁴⁴‘
507 2557 656 2609 [lacuna
676 2555 737 2594 hic
757 2564 814 2594 est
835 2569 1041 2607 paucorum
1064 2556 1276 2608 nominum]
1291 2586 1300 2604 ‚
1330 2566 1368 2596 ct
1396 2558 1442 2596 de
1462 2558 1503 2596 L.
1523 2570 1622 2606 egre-

170 2643 186 2659 «
207 2624 334 2662 dietur
360 2625 390 2662 A
424 2621 674 2677 [Arnulplius]
694 2630 732 2659 et
761 2621 841 2672 ipse
870 2624 899 2660 A
923 2621 996 2659 erit
1025 2621 1134 2658 nimis
1164 2620 1365 2659 bellicosus
1392 2632 1428 2659 et
1457 2621 1560 2658 sortis
1590 2619 1623 2654 in

170 2708 186 2724 a
207 2688 337 2741 praelio
346 2715 461 2726 .....
484 2687 583 2724 Tum
603 2694 780 2736 exsurget
799 2699 860 2723 rex
881 2698 949 2735 per
967 2685 998 2723 V
1015 2685 1170 2723 nomine
1191 2695 1228 2723 ct
1249 2700 1296 2723 ex
1317 2700 1391 2724 una
1416 2693 1520 2736 parte
1537 2683 1624 2723 Sali-

168 2773 183 2790 ι
201 2767 266 2792 cus
291 2762 328 2790 et
355 2751 427 2789 alia
454 2750 727 2801 Langobardus
748 2750 1017 2803 [Verengarius
1039 2762 1173 2801 nempe
1197 2765 1262 2789 seu
1289 2751 1534 2802 Berengarius
1553 2749 1620 2785 im-

163 2837 179 2852 «
199 2814 369 2870 perator]
382 2843 496 2854 .....
528 2815 634 2858 lirin
655 2814 789 2852 diebus.
811 2815 882 2852 illis
902 2814 1080 2866 procedet
1108 2829 1175 2853 rex
1202 2830 1271 2867 per
1292 2820 1325 2856 Ο
1342 2816 1492 2854 nomine
1513 2812 1619 2864 (Otho

163 2902 178 2918 ι
201 2882 385 2934 magnus),
403 2880 524 2918 eterit
545 2879 840 2929 potentissimus,
857 2887 941 2924 etc.,
967 2887 1005 2916 et
1025 2878 1070 2916 de
1087 2877 1173 2929 ipso
1194 2882 1377 2932 procedet
1396 2880 1490 2918 alius
1508 2881 1538 2918 Ο
1559 2890 1623 2928 po-
