1686 3500
130 290 223 335 492
508 289 588 333 AD
623 289 965 335 SIBYLLlNOS
1000 288 1212 332 LIBROS

128 384 294 436 scythiae
314 382 624 435 circumjacentes
652 383 814 432 indicat,
841 384 1032 423 communi
1055 384 1134 422 fere
1156 382 1428 423 hodiernorum
1458 387 1586 425 erudi-

129 457 254 487 torum
268 461 466 487 consensu.
481 447 851 500 Scythoeautemjam
862 463 881 487 n
896 447 1074 499 Cyaxaris
1093 447 1208 499 prisci
1221 448 1453 499 temporibus
1466 463 1588 500 coepe-

72 501 79 510 ⁸
129 513 266 550 runtin
285 512 406 551 Asiam
419 511 634 559 ebacchari,
654 513 815 553 Herodt.
836 512 948 560 lib.l,
967 517 986 560 5
1005 512 1074 551 105
1093 513 1183 562 (imo
1197 512 1313 563 paulo
1330 514 1588 562 ante,siEuse-

128 575 194 614 bio
214 575 308 614 fides
327 577 373 614 ad
404 576 521 615 Josiae
540 577 639 625 regis
657 590 796 615 annum
824 575 931 628 xm).
953 578 1027 624 Qui
1049 577 1135 614 licet
1154 583 1240 626 post
1257 589 1376 614 annos
1396 590 1534 614 novem
1552 587 1586 615 et

125 639 260 690 viginti
282 653 303 678 a
316 640 486 690 Cyaxare
498 648 536 678 et
549 639 668 678 Medis
685 653 730 679 ex
753 640 836 679 Asia
857 640 1057 691 superiore
1072 639 1168 691 pulsi
1189 639 1279 689 sint,
1300 639 1458 679 Herodt.
1477 639 1586 688 ibid„

126 703 142 754 §
167 706 250 749 106,
267 703 446 742 videntur
467 711 589 740 tamen
607 703 644 741 in
666 704 755 743 Asia
770 703 916 740 minore
934 711 1048 754 atque
1063 703 1101 741 in
1117 703 1227 753 Syria
1248 703 1447 750 mansisse,
1463 704 1590 755 palan-

127 776 182 806 tes
203 781 308 806 more
327 767 514 816 gentilitio
533 776 570 806 et
597 767 796 805 nomadem
816 767 930 804 vitam
961 775 1124 818 agentes.
1155 767 1195 805 ln
1221 766 1380 817 Lydiam
1405 776 1508 805 certe
1534 782 1590 805 re-

124 841 277 883 ceptos,
307 831 658 870 contradicentibus
683 831 868 882 Assyriis,
896 832 978 882 ipse
1003 839 1132 869 narrat
1161 830 1318 869 Herodt.
1339 830 1449 875 ibid..
1473 832 1494 881 §
1527 833 1587 878 73.

126 894 340 946 Bambycen
363 895 443 932 sive
462 895 685 945 Heliopolim
705 894 826 945 Syriae
842 907 911 932 suo
936 895 1046 933 etiam
1071 902 1242 945 tempore
1260 895 1398 945 Magog
1418 893 1466 932 ab
1487 894 1592 932 inco·

125 959 170 997 lis
186 959 260 998 dici
281 968 440 997 testatur
459 959 626 1005 Plinius,
653 959 747 997 nist.
765 966 846 998 nat.
867 961 913 1004 V,
933 957 956 1010 ξ
978 971 1022 1008 ¹9
1039 957 1140 1007 (olim
1165 958 1241 1006 23).
1260 958 1376 1009 Atqui
1406 971 1452 995 ex
1481 957 1589 1007 Syria

125 1022 234 1061 facile
253 1031 461 1074 potuerunt
478 1023 515 1060 in
534 1022 675 1060 vicinas
700 1030 829 1073 partes
851 1021 1076 1072 exspatiari,
1096 1021 1304 1072 praesertim
1328 1024 1363 1058 in
1383 1029 1501 1059 terras
1521 1034 1589 1058 nu-

125 1100 196 1137 per
211 1086 258 1124 ab
276 1087 453 1125 israelitis
483 1100 692 1137 possessas,
721 1095 797 1124 tum
821 1099 911 1123 vero
928 1086 1088 1137 captivis*
1120 1085 1269 1123 civibus
1290 1098 1398 1136 paene
1425 1098 1589 1136 vacuas;

124 1164 194 1188 nec
210 1151 369 1189 dubium
389 1151 442 1188 ita
456 1151 596 1188 sactum
616 1164 715 1198 esse,
729 1164 798 1188 nec
810 1150 924 1188 semel
945 1150 1125 1196 sortasse,
1141 1163 1211 1201 per
1230 1148 1338 1199 longa
1362 1149 1590 1200 captivitatis

125 1224 316 1266 tempora,
337 1214 438 1252 unde
456 1223 493 1251 et
513 1213 561 1251 ab
584 1214 675 1263 ipsis
695 1227 832 1250 nomen
856 1213 1100 1264 Scythopolis
1116 1212 1203 1250 urbi
1225 1212 1388 1250 Bethsan
1410 1212 1587 1259 adhaesit,

122 1292 203 1329 quae
221 1280 267 1315 ad
294 1277 433 1316 tribum
460 1278 632 1316 manasse
658 1277 905 1328 pertinuerat.
927 1278 1056 1323 Quare
1074 1277 1214 1314 multus
1232 1285 1288 1314 est
1310 1276 1500 1328 Ezechiel,
1515 1277 1588 1317 loc.

122 1344 201 1390 cit..
225 1342 272 1381 de
298 1342 450 1380 illorum
471 1341 707 1391 incursibus,
732 1349 939 1392 aperteque
966 1341 1137 1392 praedicit
1166 1340 1426 1378 imminentem
1452 1340 1496 1377 iis
1516 1341 1590 1377 cla-

123 1407 224 1454 dem,
241 1420 315 1458 qua
331 1416 419 1445 sunt
432 1420 450 1444 a
465 1405 845 1446 Nabuchodonosore
862 1406 1064 1457 prostrati,
1083 1418 1182 1442 anno
1201 1404 1279 1443 sere
1296 1413 1382 1442 ante
1395 1404 1484 1444 Chr.
1501 1404 1589 1449 573.

113 1472 216 1518 ‚Quae
244 1472 415 1522 quamvis
443 1471 582 1523 legenti
604 1471 724 1508 cuivis
744 1479 876 1522 aperta
893 1470 978 1517 sint,
995 1483 1070 1507 non
1090 1469 1285 1508 desierunt
1303 1478 1426 1506 tamen
1449 1468 1589 1517 Judaei,

123 1544 160 1574 et
179 1536 245 1587 qui
268 1549 355 1579 cum
389 1536 462 1573 illis
488 1534 713 1583 sentiebant,
740 1535 826 1586 Gog
846 1542 884 1573 et
905 1536 1042 1586 Magog
1062 1534 1108 1572 de
1128 1534 1361 1572 Antichristo
1393 1533 1589 1584 accipere,

121 1600 180 1638 vel
212 1600 344 1639 saltem
373 1600 606 1640 Antichristo
631 1612 677 1637 ex
705 1600 795 1638 Asia
810 1598 977 1637 venienti
996 1599 1119 1649 socios
1137 1598 1220 1636 illos
1236 1597 1500 1649 hyperboreos
1524 1598 1590 1634 ad·

115 1663 300 1716 jungere:
318 1678 430 1716 quam
451 1664 670 1716 opinionem
689 1663 884 1702 nonnullis
903 1663 1015 1701 etiam
1034 1663 1172 1701 sanctis
1201 1662 1379 1702 Patribus
1402 1661 1592 1713 placuisse

120 1738 266 1768 certum
281 1739 346 1776 est,
360 1729 567 1781 praesertim
581 1727 934 1781 propterinsignem
954 1727 1376 1779 Apocalypseos.locum
1389 1756 1399 1773 ‚
1419 1740 1504 1778 cap.
1523 1739 1586 1773 20,

121 1806 159 1834 v.
182 1807 223 1841 73
242 1806 416 1844 eamque,
435 1793 558 1831 medio
591 1805 670 1831 aevo
699 1801 902 1844 vergente,
929 1793 1119 1844 vulgatam
1151 1792 1349 1830 etiamtum
1375 1790 1489 1829 fuisse
1511 1803 1586 1827 non

120 1857 158 1895 in
188 1857 538 1909 Europatantum,
565 1856 631 1895 sed
660 1865 697 1895 et
727 1857 767 1895 in
797 1857 895 1896 Asiae
917 1855 1180 1895 remotissimis
1211 1855 1407 1907 partibus,
1431 1862 1589 1892 testatur

122 1921 260 1974 legatio
287 1935 308 1960 a
344 1922 516 1961 Tartaris
551 1922 598 1960 ad
633 1921 871 1960 Ludovicum
906 1935 1049 1960 nonum
1062 1952 1072 1971 ,
1106 1920 1239 1959 Galliae
1269 1933 1396 1972 regem
1410 1950 1420 1968 ,
1455 1919 1586 1967 missa,

121 1988 238 2025 Me'm.
260 1988 306 2024 de
325 1988 518 2033 Joinville,
541 1999 583 2038 p.
603 1986 700 2035 333,
720 1986 782 2025 ed.
809 1986 921 2024 Petit.

176 2055 221 2090 At
240 2050 352 2089 nobis
371 2051 595 2090 Christianis
617 2054 732 2090 totius
747 2051 794 2089 de
812 2049 1049 2090 Antichristo
1072 2049 1258 2088 doctrinae
1275 2048 1358 2087 fons
1376 2057 1432 2086 est
1449 2038 1588 2101 prima-

121 2115 200 2153 rius
217 2128 261 2154 ac
276 2115 492 2168 praecipuus
516 2114 594 2153 divi
617 2115 723 2155 Pauli
742 2115 849 2154 loeus
867 2128 982 2166 supra
1008 2109 1181 2153 laudatus
1197 2113 1244 2152 ad
1263 2113 1430 2153 Thessal.
1452 2126 1510 2165 ep.
1533 2112 1588 2161 ll,

120 2194 206 2232 cap.
239 2194 275 2230 2,
295 2193 333 2219 v.
356 2182 396 2228 3,
414 2194 499 2232 sqq.
522 2180 579 2219 lbi
599 2181 698 2218 enim
721 2179 830 2218 divus
860 2179 1064 2231 Apostolus
1081 2191 1201 2216 novos
1218 2178 1480 2224 Christianos,
1499 2190 1587 2228 pro-

122 2245 256 2296 pinqui
270 2244 404 2296 judicii
424 2253 526 2283 metu
548 2244 804 2296 perturbatos,
823 2258 870 2282 ne
883 2244 1040 2281 omnino
1061 2242 1194 2280 animis
1214 2242 1405 2289 deficiant,
1424 2243 1474 2280 ita
1494 2256 1587 2279 con-

123 2309 247 2346 firmat
265 2322 274 2349 :
291 2325 306 2342 ι
319 2310 374 2348 Ne
387 2309 473 2360 quis
490 2322 557 2347 vos
573 2309 728 2347 seducat
745 2309 822 2346 ullo
841 2308 975 2354 modo,
994 2308 1175 2359 quoniam
1194 2307 1266 2345 nisi
1284 2307 1432 2345 venerit
1449 2307 1588 2345 disces-

122 2392 137 2407 ·
154 2373 210 2412 sio
232 2374 414 2425 primum,
439 2383 476 2412 et
505 2374 692 2412 revelatus
724 2373 853 2411 suerit·
873 2372 990 2410 homo
1023 2374 1188 2423 peccati,
1221 2372 1317 2409 filins
1342 2370 1586 2422 perditionis,

121 2456 136 2472 a
153 2438 218 2489 qui
235 2439 458 2478 adversatur
475 2447 513 2476 et
528 2438 725 2477 extollitur
742 2450 858 2489 supra
875 2449 987 2475 omne
1007 2435 1111 2487 qu'od
1131 2435 1272 2473 dicitur
1288 2437 1388 2473 Deus
1406 2444 1472 2473 aut
1486 2434 1585 2486 quod

122 2505 288 2542 «colitur
304 2505 467 2557 (Daniel.
486 2517 568 2556 cap.
599 2518 638 2553 7,
659 2517 693 2542 v.
721 2504 788 2551 αὖ,
804 2516 890 2554 cap.
923 2516 979 2550 ιι,
1003 2515 1042 2540 v.
1064 2501 1145 2553 36),
1166 2502 1215 2539 ita
1233 2510 1273 2539 ut
1294 2502 1330 2539 in
1356 2501 1499 2551 templo
1519 2500 1585 2538 Dei

121 2587 136 2601 α
152 2568 292 2616 sedeat,
314 2568 519 2607 ostendens
541 2582 579 2606 se
601 2578 778 2619 tanquam
810 2567 857 2605 sit
889 2567 1012 2605 Deus.
1028 2595 1036 2604 .
1056 2566 1124 2605 ‚lit
1159 2573 1250 2603 tunc
1272 2564 1505 2603 revelabitur
1527 2563 1587 2601 ille

121 2633 329 2684 «iniquus,
354 2646 465 2682 quem
483 2632 668 2670 Dominus
689 2632 799 2671 Jesus
830 2630 1033 2669 interficiet
1061 2629 1194 2680 spiritu
1211 2629 1289 2667 oris
1309 2629 1367 2666 sui
1396 2628 1585 2680 [lsahloc.
1635 2648 1658 2665 .-

120 2715 135 2729 ·=
153 2710 268 2747 supra
288 2696 387 2747 cit.],
407 2704 444 2733 et
460 2696 630 2734 destruet
650 2682 903 2733 illustratione
926 2693 1108 2730 adventus
1123 2693 1182 2731 sui
1203 2706 1310 2743 eum3
1328 2693 1434 2744 cujus
1454 2700 1507 2729 est
1523 2690 1588 2729 ad-

120 2780 135 2794 ·-
152 2770 288 2798 ventus
308 2759 515 2798 secundum
532 2760 794 2811 operationem
813 2760 983 2805 Satanae,
1012 2757 1049 2795 in
1070 2757 1173 2795 omni
1203 2757 1343 2795 virtute
1366 2765 1401 2794 et
1419 2756 1532 2807 signis
1552 2763 1586 2791 et

121 2842 136 2856 ·
151 2824 337 2876 prodigiis
358 2824 605 2862 mendacibus
621 2854 631 2872 ,
650 2833 687 2862 et
710 2825 746 2862 in
767 2825 869 2862 omni
887 2823 1109 2862 seductione
1126 2822 1338 2873 iniquitatis
1360 2822 1405 2859 iis
1420 2821 1484 2872 qui
1504 2832 1586 2871 per-

121 2907 136 2922 «
152 2898 267 2939 eunt,
292 2902 337 2926 eo
358 2889 460 2941 quod
482 2889 703 2927 charitatem
723 2888 891 2927 veritatis
911 2901 987 2925 non
1016 2895 1244 2937 receperunt
1265 2896 1304 2924 ut
1321 2886 1413 2924 salvi
1444 2886 1589 2922 fierent-

122 2972 136 2986 a
155 2952 243 2991 ldeo
267 2953 388 2990 mittet
413 2953 488 2991 illis
522 2953 622 2991 Deus
652 2953 914 3003 operationem
935 2952 1089 3000 erroris,
1117 2959 1155 2988 ut
1183 2950 1339 2988 credant
1374 2948 1584 2997 mendacio,
