1686 3500
140 231 234 278 456
522 229 605 276 AD
637 229 988 276 SIBYLLlNOS
1021 227 1228 275 LIBROS

297 331 414 383 Μοῖρα
435 328 623 382 βιαζομίνη
633 358 644 377 ,
660 328 736 369 τεὸν
749 328 881 381 οὕνομα
896 329 1114 383 πληρώσασα
1125 358 1136 380 ,
1353 366 1355 371 ,

138 407 271 434 rursus
289 402 417 433 antem
437 395 502 433 vix
521 393 673 433 diversa
698 395 876 442 recurrit,
899 394 963 432 lib.
981 393 1091 444 Xffl,
1108 406 1142 432 v.
1170 391 1260 443 ¹⁸69·
1275 405 1357 444 sqq.
1373 406 1384 433 τ

107 445 114 454 ·
294 461 417 499 Ταῦτα
437 457 474 497 δέ
489 458 524 497 τ’
535 457 718 498 ἐκτέταται
730 489 741 508 ,
761 459 862 498 ὅσσον
878 457 916 496 δι’
929 472 982 496 τοι
1000 455 1130 507 οὔνομα
1149 454 1295 508 Ῥώμης

293 523 516 577 Εἰναρῖθμως
534 523 600 569 ἕξει
615 552 626 570 ,
643 523 887 579 ψηφιζομένοιο
900 522 1038 575 χρόνοιο
1053 551 1064 570 ,

292 589 487 634 Τοσούτους
504 589 741 636 λυκάὸαντας,
761 606 794 628 κ.
816 605 848 628 τ.
864 590 898 627 λ.

136 654 264 692 Porro
281 667 400 704 quum
425 667 547 692 annus
564 653 695 692 Romae
713 666 905 699 cmxzvm,
921 652 984 703 qui
1004 652 1044 689 in
1064 664 1206 690 annum
1222 652 1380 704 Septimi
1397 654 1528 693 Severi
1547 669 1606 694 se-

132 716 302 756 cundum
324 717 446 765 cadit,
471 717 571 768 jam,
598 731 715 769 quum
742 718 820 755 haec
854 716 925 754 sub
956 716 1132 755 Odenato
1159 716 1434 766 scriberentur,
1461 719 1607 770 pridem

130 781 282 833 elapsus
313 790 435 830 essct,
472 795 623 820 necesse
650 790 750 828 erat,
779 794 827 819 ne
851 780 1027 832 Sibyllini
1049 780 1193 818 oraculi
1224 781 1315 819 {idos
1338 783 1494 821 omnino
1519 798 1611 823 con-

134 846 361 894 velleretur,
376 847 480 885 fastis
507 847 685 886 Romanis
703 859 822 883 annos
842 846 943 884 demi
959 846 1089 884 saltem
1115 859 1230 883 Lxxx.
1258 846 1429 899 Dempsit
1450 849 1604 893 Noster,

134 910 291 962 inajoris
317 911 462 950 [iduciae
485 923 616 957 cansa,
647 923 768 948 annos
787 923 833 947 cv
855 926 863 948 :
891 919 1007 961 atque
1037 910 1108 955 ita,
1129 908 1159 947 si
1184 908 1307 948 bonus
1336 921 1437 951 vates
1460 913 1609 960 fuisset,

133 991 312 1017 casurum
343 986 425 1016 erat
456 977 581 1015 Romae
616 975 776 1014 exitium
807 976 843 1013 in
875 989 1014 1013 anuum
1043 974 1183 1014 Christi
1222 975 1342 1027 1053,
1381 977 1608 1016 Diocletiani

135 1043 324 1082 decimum
355 1051 527 1092 sextum3
548 1042 603 1080 sin
625 1042 762 1089 minus,
787 1040 878 1078 nihil
897 1041 970 1078 hoc
993 1049 1097 1079 certe
1126 1042 1343 1080 nociturum
1370 1050 1450 1080 erat
1474 1052 1608 1093 poetae,

136 1108 286 1159 sepulto
303 1107 449 1156 jamdiu
472 1115 705 1157 eventusque
724 1118 871 1144 securo.
902 1106 982 1143 Hoc
1007 1115 1063 1144 est
1082 1105 1340 1158 chronologiae
1362 1119 1480 1157 genus
1507 1107 1605 1144 vati-

136 1170 348 1210 cinantibus
366 1171 561 1222 frequens,
577 1180 615 1210 et
635 1172 726 1223 ipsis
740 1170 892 1222 quidem
908 1178 1045 1220 tutum,
1063 1179 1303 1223 posterorum
1321 1180 1444 1210 autem
1461 1171 1608 1221 judicio

137 1238 302 1288 ineptum
320 1248 364 1274 ac
382 1235 597 1274 ridiculum.

400 1449 531 1488 PARS
555 1448 805 1488 SECUNDA
832 1451 955 1487 SIVE
976 1449 1308 1488 DOGMATICA.

183 1577 358 1618 Emensis
378 1590 482 1616 nunc
495 1576 717 1616 omniafere
736 1590 821 1628 quae
841 1577 877 1615 in
895 1576 1091 1628 Sibyllinis
1111 1576 1158 1615 ad
1177 1590 1256 1615 reni
1287 1577 1508 1617 historicam
1527 1592 1610 1631 per·

132 1644 273 1692 tinent,
291 1644 454 1696 amplius
468 1651 572 1695 patet
588 1643 841 1691 curriculum,
855 1642 887 1681 si
901 1655 1154 1694 quaecumque
1169 1642 1207 1680 in
1221 1643 1265 1681 iis
1281 1642 1389 1682 libris
1401 1644 1447 1682 ad
1466 1644 1610 1684 theolo-

129 1710 230 1762 giam
244 1716 433 1761 spectant,
448 1721 695 1760 percurrere,
711 1721 755 1745 ae
769 1721 839 1760 per
852 1708 915 1746 illa
930 1707 1053 1761 spatia
1075 1708 1257 1746 lectorem
1274 1708 1407 1746 talium
1425 1709 1607 1761 cupidum

130 1788 267 1827 rapere
282 1774 480 1813 nobiscum
501 1774 673 1813 velimus.
689 1773 808 1813 Multa
831 1774 930 1812 enim
948 1773 1051 1825 apud
1074 1775 1234 1813 Nostros
1248 1783 1457 1813 occurrunt
1475 1784 1606 1813 notatu

129 1838 243 1891 digna
261 1839 309 1878 de
325 1839 567 1891 dogmatibus
582 1839 640 1877 vel
657 1839 693 1877 in
714 1838 886 1877 Ecclesia
904 1839 997 1876 olim
1015 1839 1074 1877 vel
1089 1838 1190 1876 inter
1204 1838 1472 1877 haereticorum
1488 1848 1609 1878 sectas

131 1905 318 1957 receptis;
347 1906 436 1943 item
455 1905 502 1942 ‹le
520 1903 747 1956 quibusdam
766 1903 926 1955 vulgatis
941 1904 1043 1955 apud
1067 1904 1250 1956 antiquos
1269 1888 1608 1943 Christianostra·

131 1969 365 2019 ditionibus,
382 1983 468 2021 quae
489 1969 605 2008 hodie
622 1969 682 2007 vel
703 1968 884 2008 interiere
902 1969 962 2007 vel
979 1982 1112 2020 parum
1134 1977 1235 2007 notae
1249 1979 1360 2016 sunt3
1382 1983 1453 2008 nec
1479 1969 1527 2008 de
1539 1970 1608 2008 do-

132 2036 254 2074 ctrina
273 2044 436 2085 tantum,
461 2034 526 2073 sed
546 2035 657 2073 etiam
679 2034 727 2073 de
748 2034 900 2085 liturgia
920 2042 1090 2073 veterum
1104 2063 1114 2080 ,
1135 2034 1207 2086 nisi
1226 2034 1332 2086 quod
1353 2035 1433 2073 haec
1455 2048 1611 2087 quoque

131 2102 373 2154 aliquatenus
387 2102 574 2140 doctrinae
589 2115 676 2153 pars
689 2109 759 2141 est.
775 2102 869 2148 Qnae
883 2101 1010 2138 onmia
1026 2109 1212 2151 quantum
1230 2101 1277 2139 ad
1295 2101 1497 2139 firmandas
1511 2115 1612 2139 com·

132 2165 391 2204 movendasve
417 2165 685 2217 theologorum
722 2166 925 2216 opiniones
951 2167 1126 2204 conferre
1155 2175 1332 2217 possent,
1365 2176 1611 2217 praesenserat

125 2230 358 2284 jampridem
383 2239 421 2270 et
451 2231 629 2269 innuerat
654 2240 789 2268 auctor
814 2244 1014 2282 anonymae
1057 2231 1296 2270 Praefationis
1321 2231 1368 2269 ad
1399 2231 1610 2282 Sibyllina,

130 2294 201 2332 sub
226 2296 444 2333 Justiniano
462 2295 633 2347 scriptae,
655 2296 702 2334 de
726 2309 803 2347 qua
824 2309 897 2334 nos
919 2296 1037 2333 multa
1057 2295 1094 2334 in
1117 2296 1211 2336 Exc.
1231 2297 1261 2340 1,
1280 2310 1364 2347 cap.
1392 2296 1448 2333 15.
1468 2295 1610 2335 Eadem

130 2373 192 2397 res
209 2359 468 2405 Blondellum‚
501 2360 624 2399 virum
656 2360 754 2398 inter
771 2359 988 2398 reformatae
1014 2360 1208 2411 religionis
1231 2359 1399 2398 fautores
1422 2359 1607 2398 doctrinae

131 2426 229 2464 fama
245 2425 599 2471 celebratissimum,
621 2425 795 2477 impulit,
817 2433 858 2463 ut
883 2425 930 2462 de
947 2425 1103 2475 Sibyllis
1129 2439 1172 2463 ac
1193 2425 1240 2464 de
1255 2424 1455 2476 Sibyllinis
1475 2427 1611 2463 carmi-

131 2489 245 2527 nibus
262 2490 402 2528 librum
425 2491 555 2528 ederet
570 2491 645 2528 hoc
670 2490 781 2528 titulo
799 2504 807 2527 :
831 2491 959 2526 Trm‘ee'
978 2492 1025 2527 de
1047 2492 1085 2527 la
1112 2493 1267 2527 cre‘ance
1296 2492 1362 2526 (les
1379 2490 1495 2527 Feres
1522 2500 1610 2526 tou-

132 2555 246 2592 chant
259 2557 380 2591 l’estae
397 2555 462 2591 des
471 2558 575 2592 ermes
588 2554 698 2605 aptes
718 2564 811 2592 cette
828 2559 902 2594 vie.
915 2556 961 2597 ,Ε
963 2564 977 2591 t
993 2557 1040 2592 de
1060 2557 1234 2603 l'originc
1254 2555 1303 2590 de
1326 2556 1364 2590 la
1377 2554 1504 2603 priere
1514 2567 1614 2603 pour

133 2622 185 2656 les
207 2629 318 2655 mores
344 2628 380 2655 ee
403 2620 452 2655 du
470 2624 706 2669 purgatoiw,
732 2621 757 2656 ὰ
774 2623 969 2656 t’occasion
999 2621 1045 2655 de
1069 2623 1231 2668 l'cscript
1255 2618 1419 2655 attribue·
1438 2632 1517 2655 aaa:
1547 2621 1608 2655 Si-

134 2684 251 2733 bylles
270 2684 338 2733 qui
349 2692 404 2720 est
424 2683 472 2719 ici
491 2685 678 2723 examinet
702 2686 781 2721 Par
799 2685 928 2720 David
947 2683 1116 2720 Blomlel.
1134 2684 1184 2720 Se
1206 2685 1307 2720 vend
1327 2683 1353 2719 ὰ
1375 2684 1582 2721 Clzarenton
1592 2711 1606 2730 ,

139 2750 251 2787 1632.
262 2747 336 2786 Sed
350 2746 565 2793 Blondello,
576 2747 701 2784 multis
715 2756 752 2784 et
762 2746 958 2785 acerrimis
970 2746 1240 2784 controversiis
1257 2745 1451 2793 distracto,
1464 2754 1610 2797 tempus

137 2812 306 2851 defuisse
324 2810 566 2857 arbitramur,
582 2824 659 2861 quo
678 2810 796 2849 libros
812 2819 976 2858 nostros,
996 2819 1096 2848 recte
1111 2811 1147 2848 in
1170 2823 1258 2849 suas
1279 2819 1404 2861 partes
1423 2810 1608 2848 distribu-

139 2887 210 2923 tos,
231 2874 454 2914 auctoribus
483 2888 654 2926 quosque
672 2875 747 2912 suis
773 2862 946 2913 redderet
965 2889 972 2912 :
1000 2874 1099 2913 unde
1116 2889 1201 2925 quae
1223 2874 1402 2912 adversus
1425 2875 1610 2925 Sibyllina

140 2942 307 2994 disputat
327 2953 404 2978 non
425 2939 515 2977 satis
540 2938 730 2977 interdum
752 2939 886 2977 validis
906 2939 1013 2977 fulcit
1034 2940 1277 2990 argumentis.
1297 2933 1409 2984 Nam,
1430 2952 1546 2990 quum
1563 2938 1608 2975 dc
