1686 3500
624 194 929 240 ssxcunsus
965 197 1045 241 ·v1.
1106 205 1146 241 μ
1341 175 1343 177 ’
1418 195 1426 206 “
1479 198 1569 243 537
1622 163 1627 238 s

250 291 447 345 Δεξάμενος
460 289 527 346 γὰρ
546 291 724 345 [ἕκαστον]
746 291 816 331 ἀπὸ
834 290 958 346 φλογὸς
970 292 1186 344 ἀκαμάτοιοῇ

247 355 390 396 Ἀλλοσ’
407 353 611 402 ἀποστήσας
628 353 762 409 πέμψει
780 355 836 393 διὰ
852 355 938 395 λαὸν
958 359 1080 396 ἑαυτοῦ

247 421 310 465 Εἷς
330 420 420 469 ζωὴν
437 420 556 474 ἑτέραν
577 419 636 460 καὶ
654 421 795 459 αἰώνιον
813 419 1036 462 ἀθανάτοισιν
1053 451 1064 472 ,

150 528 153 531 ,
250 485 406 540 Ἠλυσίῳ
428 484 554 538 πεδίῳ,
585 499 619 523 κ.
639 500 672 525 τ.
689 486 724 525 λ.

140 554 229 600 Quo
247 552 287 591 in
304 553 390 591 Ioco
407 551 534 591 statim
556 552 682 602 quivis
701 561 884 603 agnoscat
903 566 1020 592 unum
1041 566 1089 591 ex
1117 552 1317 592 erroribus
1345 566 1423 593 non
1440 555 1573 606 paucis

88 619 155 670 qui
175 618 266 657 olim
284 618 431 657 viventi
447 617 572 655 adhuc
592 616 818 656 doctissimo
840 618 924 656 viro
944 618 1103 669 Origeni
1121 618 1216 657 vitio
1234 617 1335 657 versi
1351 626 1458 666 sunt3
1476 633 1574 671 quo-

87 681 262 721 rumdam
283 691 407 720 tamen
425 691 644 719 sanctorum
659 683 817 721 Patrum
834 681 1040 733 suffragiis,
1056 682 1169 720 etiam
1186 691 1326 733 quarto
1341 681 1497 731 saecqu‚
1512 683 1572 721 vel
1596 693 1604 703 ·

86 747 329 799 comprobati
348 747 408 786 vel
437 747 611 795 tolerati;
642 747 707 786 sed
734 755 868 798 postea
888 747 1085 785 communi
1106 746 1360 786 Ecclesiarum
1385 760 1572 787 consensu

87 811 294 864 reprobati.
319 812 506 864 Origenes
527 811 626 851 enim
648 825 697 850 ne
720 811 861 850 divinae
882 811 1155 849 misericordiae
1177 810 1333 849 modum
1354 812 1471 850 ullum
1491 819 1574 850 sta-

87 885 227 925 tueret,
248 877 422 915 homines
445 877 561 915 etiam
581 885 754 916 extremo
768 876 917 925 judicio
937 876 1138 914 damnatos
1166 875 1215 914 ab
1242 876 1404 914 infernis
1421 876 1574 928 ignibus

85 941 295 993 aquuando
325 941 546 980 liberandos
574 941 858 993 excogitaverat
875 941 1025 992 (confer
1048 940 1136 979 adv.
1156 940 1256 980 Cels.
1279 940 1345 980 Iib.
1365 941 1428 989 IV,
1454 942 1477 992 §
1509 955 1572 988 10,

85 1008 160 1057 693
180 1007 220 1054 V,
239 1007 331 1054 §163
358 1007 465 1053 VIII,
485 1011 504 1054 ς
524 1021 589 1057 29,
616 1008 666 1044 30
681 1019 692 1058 ς
710 1007 811 1052 VIII,
832 1011 851 1054 ς
872 1005 943 1057 48,
965 1020 1028 1054 72,
1043 1014 1080 1044 ct
1101 1005 1149 1045 de
1169 1014 1249 1044 tota
1272 1019 1312 1044 re
1332 1007 1510 1044 Huetium
1533 1007 1570 1044 in

86 1072 351 1124 Origenianis)
369 1087 378 1117 ;
414 1086 484 1110 nee
515 1072 692 1110 homines
724 1071 863 1118 modo,
904 1071 987 1110 sed
1009 1072 1112 1123 ipsos
1147 1071 1362 1121 daemones,
1392 1072 1462 1110 etsi
1499 1071 1574 1110 hoc

86 1137 262 1175 ultimum
292 1150 368 1174 non
395 1144 470 1174 tam
492 1136 661 1188 propriis
682 1135 786 1187 apud
816 1135 941 1187 ipsum
971 1135 1099 1174 verbis
1124 1148 1346 1186 expressum
1367 1135 1573 1187 reperitur,

84 1214 200 1252 quam
220 1200 474 1252 conjectando
509 1214 556 1239 cx
586 1200 670 1251 ejus
702 1200 879 1251 scriptis,
906 1202 1116 1251 praesertim
1149 1199 1229 1253 περὶ
1258 1201 1401 1252 ἀρχῶν,
1435 1199 1501 1238 Iib.
1523 1201 1570 1249 .1,

86 1280 169 1318 cap.
188 1267 211 1304 6
224 1295 234 1314 ,
254 1265 385 1304 induci
409 1274 538 1317 potest
557 1279 565 1306 :
588 1278 678 1304 nam
697 1264 780 1316 ipse
796 1265 844 1304 de
863 1264 1102 1303 daemonibus
1124 1264 1280 1317 quidem
1301 1265 1442 1304 diserte
1462 1277 1574 1316 negu-

85 1332 141 1369 vit
161 1332 200 1369 in
220 1331 383 1383 epistola
403 1331 450 1368 ad
471 1330 752 1369 Atexandrinos
778 1331 922 1369 amicos
949 1344 1040 1369 suos
1074 1332 1133 1382 (ex
1152 1330 1469 1382 interpretatione
1491 1330 1573 1370 Ru-

86 1397 176 1445 fini,
204 1411 321 1449 quam
348 1397 445 1435 male
474 1397 661 1448 carpsisse
679 1396 835 1434 videtur
863 1396 1155 1449 Hieronymus),
1175 1396 1330 1448 Origen.
1359 1395 1423 1435 ed.
1453 1397 1572 1445 1733,

88 1471 115 1502 t.
138 1464 170 1510 I,
194 1475 282 1514 pag.
303 1462 341 1511 5,
366 1471 446 1500 not.
463 1462 659 1500 Acerrime
679 1471 802 1500 tamen
821 1461 896 1499 hoc
917 1470 1081 1512 utroque
1098 1462 1257 1501 crimine
1278 1461 1460 1500 adversus
1485 1475 1572 1499 eum

86 1527 323 1566 invehuntur
343 1527 473 1565 multis
495 1527 587 1565 Iocis
606 1526 868 1579 Epiphanius,
889 1527 1162 1578 Hieronymus,
1182 1526 1574 1579 Augustinus‚.quan-

86 1605 202 1644 quam
222 1591 286 1629 hic
303 1592 420 1643 magis
436 1605 566 1643 aeque,
585 1600 624 1629 et
641 1591 687 1630 de
705 1590 945 1630 daemonibus
968 1591 1124 1643 quidem
1139 1590 1394 1630 subdubitans
1415 1605 1461 1629 an
1481 1604 1572 1629 vere

86 1657 139 1695 ita
165 1656 548 1708 senseritOrigene53
565 1657 618 1695 ait
638 1656 755 1705 enim,
784 1657 831 1695 de
849 1657 928 1696 Civ.
948 1658 994 1695 D.
1011 1656 1081 1697 Iib.
1102 1657 1205 1705 XXI,
1225 1669 1312 1708 cap.
1342 1670 1386 1704 17
1407 1671 1416 1695 ε
1447 1673 1463 1690 ι
1479 1657 1573 1703 Quae

87 1741 102 1756 α
125 1722 315 1760 sententia
351 1723 382 1760 si
410 1724 615 1774 propterea
639 1721 742 1760 bona
763 1731 801 1760 et
832 1736 944 1768 vera,
978 1723 1069 1772 quia
1103 1721 1319 1760 misericors
1354 1729 1432 1769 est,
1464 1729 1571 1760 tanto

87 1805 101 1821 u
124 1787 198 1826 erit
225 1786 363 1825 melior
380 1795 418 1825 et
437 1787 566 1825 verior
589 1795 735 1838 quanto
758 1786 1047 1825 misericordior
1067 1785 1194 1824 suerit.
1215 1784 1458 1824 Extendatur
1479 1798 1572 1838 ergo

85 1870 101 1888 «ι
121 1866 164 1891 ac
192 1851 451 1903 profundatur
482 1851 566 1889 sons
592 1851 711 1903 hujus
743 1851 1015 1889 misericordiae
1042 1864 1164 1902 usquc
1198 1849 1248 1889 ad
1276 1849 1476 1888 damnatos
1503 1863 1571 1889 au-

86 1934 102 1952 «
122 1916 226 1969 gelos
237 1944 352 1957 .....
388 1915 476 1954 Non
503 1915 648 1954 audent
669 1925 793 1955 tamen
818 1929 859 1953 se
881 1916 1038 1954 ulterius
1065 1914 1282 1954 miserando
1302 1914 1504 1967 porrigere
1534 1923 1573 1953 et

86 2001 100 2018 «
121 1982 168 2021 ad
185 1982 453 2021 liberationem
470 1981 591 2034 ipsius
613 1994 768 2033 quoque
793 1980 937 2019 diaboIi
962 1981 1178 2032 pervenire.
1199 1984 1342 2019 Verum
1370 1980 1402 2018 si
1434 1980 1572 2032 aliquis

86 2066 102 2082 κ
122 2048 260 2093 audet,
291 2047 413 2085 vincit
442 2061 580 2098 nempe
611 2047 729 2091 istos:
751 2055 788 2085 et
820 2055 946 2085 tamen
978 2054 1083 2085 tanto
1112 2046 1308 2085 invenitur
1340 2059 1468 2085 errare
1503 2045 1572 2085 de-

87 2130 101 2145 «
129 2112 289 2151 formius
319 2121 356 2150 et
375 2121 511 2150 contra
535 2121 638 2150 recta
660 2112 730 2150 Dei
755 2111 871 2149 verba
892 2111 1124 2162 perversius,
1146 2119 1290 2162 quanto
1320 2110 1394 2150 sibi
1422 2110 1571 2150 videtur

87 2193 101 2209 α
120 2177 263 2213 sentire
289 2176 528 2213 clementius.
551 2193 565 2208 »ι
594 2175 812 2214 Notandum
833 2189 946 2226 quam
972 2175 1184 2226 prudenter
1215 2176 1274 2213 vir
1296 2184 1447 2224 sanctus
1478 2176 1571 2215 Ori-

86 2253 218 2289 genem
242 2239 375 2277 innuat
391 2239 561 2290 quidem,
583 2253 658 2277 non
680 2249 803 2278 tamen
824 2249 958 2291 aperte
978 2240 1161 2291 designet.
1179 2241 1323 2279 Confer
1338 2240 1492 2279 eosdem
1511 2255 1571 2279 cr-

87 2318 194 2343 rores
210 2305 366 2356 Origeni
389 2304 619 2343 tribuentem
642 2306 854 2357 Sulpicium
877 2306 1059 2344 Severum
1075 2335 1086 2354 ,
1114 2306 1210 2345 dial.
1234 2307 1272 2356 I,
1295 2307 1316 2356 §
1340 2308 1378 2354 3,
1399 2314 1437 2345 et
1457 2315 1571 2345 nota·

85 2370 162 2409 bile
182 2370 229 2409 ‹Ie
246 2369 404 2409 diabolo
423 2370 499 2408 divi
529 2371 687 2409 Martini
714 2370 926 2422 judicium,
949 2371 1051 2423 apud
1078 2372 1251 2409 eumdem
1277 2372 1315 2410 in
1337 2372 1419 2423 ejus
1447 2372 1567 2411 sancti

86 2436 178 2481 vita,
202 2439 220 2483 ς
239 2440 302 2480 24.
324 2435 486 2486 Utique,
507 2436 658 2486 rejectis
674 2449 761 2487 quae
778 2436 894 2475 dubia
911 2445 1016 2487 sunt,
1043 2446 1190 2475 certum
1219 2445 1274 2476 est
1293 2437 1341 2475 de
1367 2437 1494 2488 impiis
1521 2450 1569 2476 ex

85 2501 236 2538 inferno
255 2501 446 2552 supplicio
470 2500 678 2539 liberandis
702 2515 905 2553 perperam
933 2501 1095 2540 sensisse
1119 2502 1345 2552 Origenem,
1369 2502 1567 2540 inductum

87 2565 262 2604 videlicet
287 2565 326 2603 in
353 2579 524 2604 errorem
551 2567 609 2604 veI
634 2567 754 2605 nimia
781 2567 923 2605 divinae
949 2566 1146 2605 charitatis
1175 2568 1485 2619 praesumptione,
1507 2568 1566 2606 veI

86 2630 191 2680 quod
210 2630 329 2681 magis
344 2629 549 2675 credimus,
571 2630 779 2669 Platonicis
800 2640 838 2668 et
867 2631 1079 2670 Philonicis
1105 2633 1329 2670 commentis
1357 2632 1404 2670 de
1422 2633 1569 2670 anima-

86 2708 171 2732 rum
201 2695 336 2732 suturis
355 2703 441 2745 post
458 2704 618 2733 mortem
635 2696 807 2742 vicibus,
829 2710 924 2747 quas
945 2697 1042 2748 ipse,
1065 2711 1140 2748 prae
1160 2698 1274 2735 nimia
1295 2697 1480 2736 doctrinae
1501 2698 1567 2736 in-
1615 2721 1620 2728 ·

89 2759 352 2809 temperantia,
368 2772 454 2796 cum
469 2759 679 2797 christiana
695 2760 942 2812 philosophia
957 2761 1166 2799 conciliare
1181 2762 1321 2800 frustra
1335 2761 1561 2800 conabatur.

92 2823 308 2861 MultosiIIe
332 2838 375 2861 ac
396 2823 507 2861 nimis
529 2824 669 2870 multos
687 2825 908 2863 eruditione
926 2826 1078 2864 etfama
1098 2839 1164 2864 sna
1186 2827 1222 2864 in
1245 2825 1398 2864 eosdem
1417 2839 1565 2864 errores

90 2888 224 2936 traxit,
248 2902 411 2939 quorum
433 2902 594 2926 numero
616 2903 815 2928 accensere
839 2903 916 2929 non
940 2890 1159 2930 dubitamus
1193 2900 1401 2931 auctorem.
1418 2890 1564 2943 prima·-
