1752 3495
233 155 323 201 196
418 121 420 124 ’
604 151 1056 198 ΑῡειΒΥιιιΝοε
1092 152 1301 198 meaos

224 263 366 289 novum
385 249 630 294 dictatorem,
647 247 816 287 notabile
829 257 896 288 est.
916 248 1074 288 Volebat
1092 250 1208 300 igitur
1226 262 1332 288 suam
1347 250 1447 290 circa
1463 266 1522 292 res
1538 255 1675 300 divinas

223 313 486 352 auctoritatem
511 312 548 349 in
578 311 744 350 minimis
773 311 961 361 experiri?
984 312 1042 349 An
1072 312 1120 350 ad
1154 313 1357 351 movendas
1380 314 1579 365 religiones
1602 334 1671 361 non

222 379 303 416 sine
326 377 491 428 quadam
516 375 764 422 haesitatione,
785 375 955 426 pontifex
974 374 1055 426 ipse
1079 376 1276 426 maximus,
1303 378 1534 418 accedebat?
1550 383 1605 422 An
1626 388 1675 426 350

221 441 443 481 ostendebat
463 441 563 493 paris
595 453 681 479 cum
714 440 813 490 Sylla
844 439 1024 489 potentiae
1049 439 1341 478 moderatiorem
1361 442 1463 492 apud
1492 456 1531 481 se
1548 452 1672 487 usum?

217 507 326 546 Certe
342 519 387 544 ex
406 506 468 544 ilia
488 513 564 543 tam
593 504 723 545 timida
744 503 853 541 unius
872 503 1006 553 capitis
1033 502 1265 554 adjectione,
1285 505 1375 543 satis
1399 515 1503 558 patet
1523 522 1543 546 a
1569 511 1670 562 Syllae

218 569 454 622 temporibus
472 569 521 607 ad
542 569 725 607 Caesarem
745 566 837 605 nihil
858 566 1045 617 ejusmodi
1065 567 1178 606 fuisse
1198 577 1397 617 tentatum.
1417 571 1516 617 Quin
1534 581 1570 610 et
1590 575 1661 624 illa,

213 635 455 686 quantumvis
484 633 655 679 modica,
678 631 886 670 Caesariana
906 631 1055 669 novitas
1084 639 1211 670 utrum
1245 634 1515 684 praevaluerit,
1545 650 1667 689 necne,

215 700 317 738 docti
337 699 526 737 dubitant.

267 767 314 802 At
345 771 517 801 nontam
549 760 742 799 moderate
771 759 819 798 ab
848 759 929 812 ejus
964 759 1178 798 haeredibus
1205 769 1331 798 actum
1348 770 1425 808 est,
1443 763 1665 818 multumque

212 837 345 880 postea
365 828 484 865 crevit
497 825 568 864 sub
589 825 879 876 imperatoribus
900 824 1049 876 collegii
1065 838 1259 864 numerus.
1278 826 1431 878 Quippe
1455 827 1535 878 lege
1560 832 1664 882 regia,

212 902 255 930 ut
273 891 325 929 ait
344 891 416 929 Dio
435 902 548 940 supra
564 889 720 937 citatus,
738 895 904 939 potestas
925 889 1094 939 Augusto
1111 887 1200 926 data
1215 897 1311 938 erat,
1328 890 1541 929 sacerdotes
1558 904 1660 944 quot-

210 968 371 1006 cumque
394 954 533 1000 vellet,
562 952 674 991 etiam
702 960 808 990 extra
830 965 1031 990 numerum
1052 953 1310 990 constituendi
1332 968 1340 992 ε
1362 953 1492 1007 Ἱερέας
1508 971 1544 994 τε
1570 959 1659 998 αὐτὸν

209 1019 267 1058 καὶ
282 1018 366 1071 ὓπὲρ
380 1017 439 1057 τὸν
457 1016 711 1070 ἀριθμὸνζὸσους
728 1015 768 1054 ἂν
789 1015 842 1054 ἀεὶ
857 1014 1003 1068 ἐθελήσῃ
1022 1019 1261 1069 προαιρεῖσθαι
1277 1018 1374 1069 (lege
1388 1024 1660 1074 προσαιρεῖσθαι),

208 1084 320 1131 Quod
338 1091 481 1122 tantum
497 1081 560 1133 jus
574 1081 622 1119 ab
637 1095 683 1120 eo
702 1080 915 1132 neglectum
932 1088 997 1118 aut
1011 1081 1190 1118 onussum
1208 1082 1361 1121 minime
1378 1083 1522 1123 credas.
1541 1086 1660 1126 Exem-

206 1149 311 1201 plum
322 1156 448 1186 autem
463 1147 510 1185 ab
529 1147 613 1197 ipso
635 1147 846 1198 profectum
862 1146 899 1182 in
922 1153 1080 1192 tantum,
1098 1145 1223 1196 inquit
1242 1146 1582 1198 Di0,progressum
1595 1161 1656 1202 est,

207 1222 249 1251 ut
265 1213 311 1251 de
326 1225 484 1250 numero
503 1210 742 1249 sacerdotum
763 1209 858 1247 nihil
886 1209 1026 1248 deinde
1046 1223 1144 1261 opus
1166 1210 1215 1248 sit
1240 1212 1455 1250 accuratius
1474 1222 1630 1265 satagere
1659 1233 1666 1256 ε
1699 1214 1701 1216 ’

204 1276 321 1331 “Omp
338 1292 404 1316 που
421 1275 454 1321 ἐξ
465 1276 593 1314 ἐκείνου
608 1274 802 1328 παραδοθὲν
815 1275 848 1319 ἐς
865 1273 1022 1327 ἀόριστον
1039 1273 1228 1323 ἐπηυξήθη,
1243 1274 1333 1314 ὥστε
1346 1275 1455 1326 μηδὲν
1476 1278 1526 1316 ἔτι
1543 1282 1654 1333 χρῆναι

204 1342 282 1397 περὶ
302 1345 363 1381 τοῦ
378 1341 529 1388 πλήθους
545 1342 656 1379 αὐτῶν
684 1339 995 1392 ἀκριὲολογεῖσθαι,
1014 1341 1100 1378 liaec
1121 1340 1183 1378 ille
1203 1354 1213 1378 z
1233 1354 1276 1378 ac
1295 1341 1405 1380 nobis
1424 1343 1575 1394 quidem
1594 1360 1653 1385 ne-

203 1422 305 1446 cesse
342 1415 398 1445 est
431 1414 583 1445 cautum
612 1405 692 1456 ejus
711 1404 901 1443 silentium
939 1404 1092 1444 imitari.
1128 1405 1357 1457 Quanquam
1395 1418 1584 1459 putamus,
1616 1421 1651 1450 ut

203 1472 316 1523 vulgo
336 1471 416 1509 ficri
433 1471 544 1518 solet,
565 1469 734 1507 modesta
753 1469 860 1507 initia
882 1469 1010 1515 fuisse,
1033 1483 1103 1507 nec
1121 1470 1247 1507 'statim
1269 1471 1429 1517 multos,
1450 1473 1514 1510 sed
1534 1474 1650 1525 piures

203 1550 373 1588 semper,
398 1533 654 1573 crescentibus
671 1534 795 1580 annis,
821 1533 985 1571 additos.
1007 1535 1118 1573 Certe
1138 1542 1321 1572 summam
1342 1537 1491 1574 numeri
1509 1537 1649 1578 definire

199 1600 351 1639 videtur
371 1599 540 1650 Servius,
557 1598 630 1636 loc.
649 1611 763 1648 supra
785 1598 848 1636 cit.
865 1611 874 1635 t
895 1615 911 1630 «ι
930 1598 1026 1638 Nam
1045 1606 1081 1635 et
1100 1599 1307 1650 sexaginta,
1326 1600 1469 1651 inquit,
1494 1602 1648 1654 fuerunt3

200 1684 216 1699 «ι
235 1664 300 1703 sed
324 1664 504 1702 remansit
536 1664 572 1701 in
591 1663 648 1701 his
666 1662 1055 1714 quindecimvirorum
1075 1662 1306 1701 vocabulum
1322 1682 1352 1705 n,
1372 1665 1481 1705 Unde
1507 1669 1647 1706 Joannis

197 1728 293 1780 Lydi
306 1741 427 1773 error,
447 1727 494 1766 de
506 1726 708 1772 Mensibus,
727 1726 801 1766 loc,
818 1740 934 1778 supra
951 1726 1027 1775 cit.,
1045 1726 1228 1766 tradentis
1247 1728 1456 1767 custodiam
1476 1730 1644 1770 librorum

195 1795 316 1833 statim
334 1808 356 1833 a
371 1793 582 1845 Tarquinio
601 1793 776 1832 traditam
800 1805 881 1831 esse
903 1792 1099 1844 sexaginta
1129 1791 1296 1844 patriciis
1312 1823 1322 1842 ,
1349 1793 1516 1842 ἑξήκοντα
1539 1812 1645 1850 πατρο-

191 1859 280 1899 ικίων
305 1857 513 1910 συστήματι.

245 1923 342 1962 Illud
375 1935 468 1960 vero
498 1921 749 1960 certissimum
781 1929 850 1968 est,
880 1921 984 1973 quod
1005 1922 1159 1960 Servius
1189 1931 1292 1962 recte
1324 1924 1499 1972 notavit,
1521 1926 1575 1963 vel
1601 1927 1644 1964 sic

194 1994 307 2024 aucto
333 1997 505 2033 numero,
537 1997 675 2022 nomen
706 1996 855 2035 semper
885 1983 986 2022 idem
1019 1985 1210 2037 mansisse,
1234 2000 1371 2039 nempe
1388 1988 1641 2029 XVvirum.1d

197 2049 323 2088 omnia
357 2057 598 2086 monumenta
627 2056 836 2096 testantur;
868 2048 963 2087 adeo
993 2058 1033 2087 ut
1058 2050 1421 2107 subssonstantino,
1446 2061 1521 2092 tum
1540 2068 1642 2105 quum

196 2115 408 2159 necessario
422 2112 601 2152 numerus
615 2114 694 2165 jam
715 2115 978 2166 sexagenarius
994 2115 1173 2167 impietus
1192 2125 1273 2155 erat
1293 2116 1384 2171 (qui
1407 2119 1506 2156 enim
1526 2127 1642 2169 postea

195 2180 242 2218 ab
258 2178 551 2231 imperatoribus
564 2178 777 2218 christianis
791 2188 922 2218 auctus
938 2190 1033 2220 esset
1043 2183 1058 2219 Ρ
1068 2182 1097 2233 ),
1111 2181 1299 2220 Ausonius
1313 2182 1360 2221 de
1377 2182 1485 2221 libris
1501 2183 1640 2234 Sibylli-

195 2246 252 2282 nis
269 2243 392 2282 adhuc
409 2242 589 2282 scriberet
606 2243 647 2281 in
663 2244 829 2296 Gripho,
848 2258 884 2284 v.
903 2247 950 2292 87
976 2260 984 2282 :

350 2309 453 2355 Quos
485 2317 542 2346 ter
574 2308 776 2359 quinorum
811 2318 934 2349 servat
955 2311 1070 2349 tutela
1091 2311 1273 2352 virorum,

194 2373 243 2412 Et
261 2373 362 2411 idem
387 2373 498 2423 alibi,
520 2374 628 2425 epist.
648 2388 682 2423 7,
698 2387 738 2415 v.
771 2375 830 2425 15,
863 2375 1106 2432 tricenarium
1133 2390 1334 2415 numerum
1359 2378 1505 2430 poetice
1521 2377 1639 2417 ludens

194 2436 245 2474 ita
263 2436 435 2488 designat
455 2452 464 2474 ε

347 2501 485 2552 Bisque
503 2501 605 2540 viros
629 2515 805 2541 numeres
831 2503 897 2554 qui
925 2504 1000 2543 sata
1030 2505 1258 2557 Amphrysia
1289 2516 1453 2549 servant.

242 2565 417 2604 Ceterum
447 2567 533 2605 huic
562 2567 739 2619 collegio,
760 2568 856 2606 sicut
868 2570 1023 2618 ceteris,
1043 2571 1264 2620 magistrum
1292 2586 1400 2610 suum
1414 2603 1425 2624 ‚
1441 2585 1559 2623 eoque
1578 2569 1636 2607 ab·

191 2638 306 2677 sente,
322 2630 549 2681 collegarum
562 2645 678 2670 unum
697 2633 755 2671 vel
777 2633 906 2684 plures
920 2648 989 2685 pro
1005 2634 1183 2686 magistro
1200 2637 1299 2687 praes
1299 2637 1406 2687 uisse,
1420 2651 1495 2675 non
1510 2643 1563 2675 est
1577 2633 1637 2672 du·

190 2693 319 2740 bium;
336 2693 437 2733 unde
458 2695 613 2744 Plinius,
650 2695 717 2735 lib.
737 2697 892 2737 XXVIII
909 2727 919 2746 ,
943 2702 963 2745 S
996 2700 1031 2747 3,
1060 2700 1314 2751 precationem
1344 2710 1524 2741 memorat
1541 2717 1556 2732 α
1573 2710 1634 2750 qua

188 2776 202 2793 α
224 2758 321 2798 solet
355 2759 489 2809 praeirc
520 2760 863 2812 quindecimvirum
894 2762 1043 2815 collegii
1075 2765 1308 2816 magistcrn‚
1334 2779 1468 2818 nempe
1497 2775 1632 2803 carmen

187 2837 251 2862 seu
273 2824 451 2875 precandi
484 2824 683 2864 formulam
717 2825 764 2864 ab
787 2826 868 2880 ipso
894 2827 931 2866 in
952 2829 1066 2867 sacris
1089 2830 1305 2877 recitatam3
1332 2839 1369 2869 et
1396 2829 1496 2882 apud
1524 2827 1628 2867 Orcil.
