1686 3500
657 185 958 231 EXCURSUS
994 188 1071 232 vt.
1389 213 1397 223 ,
1507 191 1599 237 567

119 284 362 335 suspicamur
387 284 447 322 vel
479 277 578 322 lucri
604 295 737 332 causa,
770 291 819 321 ut¹
841 291 1015 322 auctores
1036 283 1222 323 librorum
1247 286 1298 334 V,
1321 286 1392 333 ΙΙΙ,
1425 287 1448 337 §
1470 287 1507 335 3,
1526 287 1606 327 ΧΙ-

118 350 221 398 XIV,
251 350 310 389 vel
341 350 485 389 erroris
505 348 745 402 propagandi
773 347 920 397 studio,
936 356 977 387 ut
992 350 1059 401 qui
1080 349 1198 389 libros
1215 350 1266 390 VI
1285 359 1325 389 et
1351 351 1420 390 vn
1437 354 1604 391 conscri-

118 413 216 464 psit3
241 413 416 454 homines
445 414 596 452 venales
614 422 680 452 aut
697 422 968 462 contumaces,
989 427 1087 465 quos
1106 429 1127 453 a
1150 423 1365 454 ceterorum
1386 415 1604 468 Sibyllista·

114 492 198 518 rum
223 492 337 519 causa
358 479 530 532 separari
546 492 698 530 aequum
720 487 793 521 est.

456 691 568 732 CAP.
600 691 666 731 lli.
693 695 750 730 De
778 692 1020 730 laeterocloxia
1050 689 1250 741 &DJ-luna.

166 799 286 838 Error
302 812 372 851 per
384 811 424 838 se
436 799 595 838 crimine
608 808 713 839 caret
731 814 740 838 ε
758 799 998 838 voluntarius
1013 807 1142 838 autem
1159 808 1197 838 et
1213 799 1400 851 pervicax
1413 808 1450 839 et
1466 800 1600 842 Eccle-

109 863 175 900 siae
188 863 279 914 jura
298 871 437 915 sponte
456 862 673 902 detrectans
693 864 732 901 in
751 863 868 902 rebus
889 864 1120 915 plerumque
1139 862 1316 902 obscuris
1334 872 1373 902 et
1389 863 1599 916 ambiguis,

108 940 180 964 uec
211 927 293 965 sola
326 927 476 966 ratione
503 928 791 976 discernendis,
826 928 1038 980 praesertim
1075 928 1106 966 si
1137 928 1234 966 alios
1262 927 1438 967 homines
1469 942 1598 969 secum

105 990 301 1030 abducere
322 1000 464 1040 tentat,
489 992 679 1045 superbiae
712 993 842 1044 potius
870 1005 984 1044 quam
1008 992 1232 1044 ignorantiae
1257 992 1504 1045 imputandus
1523 1004 1594 1033 cst.

108 1058 240 1108 ltaque
254 1057 303 1095 ab
320 1057 391 1096 hac
410 1058 525 1096 etiam
553 1057 949 1110 nota-Sibyllistarum
970 1071 1095 1096 mores
1116 1071 1284 1109 purgare
1304 1058 1543 1098 conabimur.

159 1122 290 1160 Multis
318 1123 405 1161 illos
432 1122 673 1162 diversarum
704 1123 901 1161 liaereseou
940 1122 1163 1162 nominibus
1196 1123 1414 1175 impugnari
1439 1122 1595 1162 audivi-

105 1200 212 1239 mus,
244 1201 410 1239 quorum
449 1188 532 1226 haec
570 1188 834 1227 molestissime
872 1187 987 1226 nobis
1030 1187 1355 1240 obstrepuerunt5
1389 1187 1594 1240 judaismi,

103 1252 330 1301 ebionis-mi,
353 1254 638 1301 millenarismi,
658 1254 923 1301 montanismi,
942 1254 1180 1305 origenismi.

155 1318 347 1357 ,ludaismi
366 1319 524 1371 quidem
547 1328 677 1357 notam
696 1333 717 1357 e
742 1319 936 1371 plerisque
954 1320 1094 1358 nostris
1114 1319 1225 1358 libris
1243 1318 1363 1359 deleri
1382 1332 1459 1357 nou
1480 1332 1592 1371 posse

101 1383 204 1421 ultro
225 1383 400 1422 fatemur.
430 1385 504 1424 Sed
534 1398 579 1422 ea
606 1398 683 1422 non
709 1397 818 1436 aeque
843 1384 1052 1436 Sibyllistis
1071 1384 1252 1422 omnibus
1282 1384 1379 1422 vitio
1404 1384 1590 1423 vertenda

98 1454 178 1495 νῆις
198 1447 275 1486 imo
300 1448 402 1486 laudi
429 1449 556 1500 potius
583 1448 627 1487 iis
657 1449 723 1500 qui
750 1449 876 1488 Judaei
908 1458 998 1487 ante
1032 1449 1226 1488 Christum
1255 1448 1513 1500 scripserunt,
1547 1457 1589 1487 ut

99 1520 235 1550 auctor
251 1520 355 1551 certe
377 1511 467 1551 libri
490 1513 541 1552 Ill
557 1542 568 1564 ,
584 1514 605 1563 §
622 1527 643 1550 2
663 1522 702 1552 et
722 1519 757 1559 Ι..
773 1513 1047 1552 Recentiorum
1064 1525 1156 1551 vero
1180 1512 1385 1551 discrimen
1407 1526 1587 1564 magnum

98 1577 313 1616 faciendum
341 1587 408 1617 est.
429 1578 593 1626 Quidam
611 1579 713 1617 euim
734 1578 858 1617 Judaei
879 1579 1009 1630 potius
1032 1578 1200 1617 habendi
1220 1592 1336 1630 quam
1357 1578 1586 1628 Christiani,

94 1643 211 1681 sacris
237 1643 384 1695 quippe
402 1644 541 1682 nostris
573 1644 636 1682 vix
660 1643 821 1692 initiati,
847 1644 997 1682 veniam
1019 1644 1090 1682 bac
1109 1658 1153 1682 ex
1172 1651 1282 1695 parte
1303 1652 1513 1692 merentur,
1543 1643 1585 1682 ut

92 1716 270 1745 auctores
298 1707 487 1746 librorum
513 1709 544 1747 V
563 1717 600 1746 et
626 1710 805 1757 >tl-XIV,
828 1710 917 1747 satis
947 1710 998 1748 ob
1033 1710 1126 1748 alias
1152 1722 1285 1748 causas
1313 1708 1516 1761 plectendi.
1542 1710 1582 1748 ln

91 1772 231 1810 ceteris
251 1786 343 1811 vero
357 1772 466 1812 libris
482 1773 653 1825 apertius
671 1774 889 1813 christianis
912 1774 1065 1826 vestigia
1079 1773 1286 1826 judaismi,
1305 1776 1425 1825 siqua
1443 1773 1585 1826 passim

91 1845 325 1887 occurrunt,
344 1851 426 1876 non
444 1846 534 1876 sunt
553 1838 740 1876 continuo
763 1839 933 1877 severius
950 1838 1180 1877 damnanda.

143 1904 275 1942 Ortam
296 1903 441 1941 scilicet
464 1902 625 1953 judalco
658 1904 765 1941 sonte
788 1904 1038 1942 christianam
1065 1904 1291 1954 religionem
1319 1902 1386 1941 diu
1415 1903 1581 1942 multum
1627 1910 1630 1913 '

88 1981 134 2005 «ex
164 1968 313 2018 origine
338 1981 405 2006 sua
443 1968 675 2014 retinuisse,
703 1982 781 2007 non
805 1978 864 2008 est
889 1970 994 2021 quod
1018 1969 1224 2021 quisquam
1260 1968 1373 2007 valde
1402 1969 1578 2007 miretur.

90 2033 169 2069 lmo
184 2032 341 2084 judaica
363 2033 554 2082 Ecclesia,
574 2034 852 2086 Hierosolymis
872 2045 959 2089 post
975 2036 1114 2075 Christi
1132 2048 1261 2074 necem
1284 2035 1332 2072 ab
1356 2034 1447 2086 ipsis
1466 2036 1576 2087 Apo-

85 2096 192 2134 stolis
221 2097 418 2145 instituta,
443 2112 513 2149 per
541 2099 690 2150 aliquot
717 2114 839 2139 anuos
867 2110 983 2153 caput
1008 2110 1046 2140 et
1074 2100 1299 2152 metropolis
1323 2099 1573 2139 ecclesiarum

86 2161 216 2200 habita
240 2171 311 2203 est.
334 2165 409 2202 Per
428 2172 551 2201 totum
573 2165 654 2203 sere
679 2166 845 2216 primum
874 2167 1077 2214 saeculum,
1099 2167 1262 2205 maxima
1284 2178 1371 2216 pars
1384 2165 1572 2203 Christia-

85 2242 220 2266 norum
234 2258 244 2277 ‚
282 2229 321 2267 in
342 2230 497 2269 Oriente
527 2233 737 2282 praesertim
755 2264 764 2280 ,
795 2246 815 2270 a
836 2247 1027 2284 synagoga
1048 2233 1245 2284 prodierat
1263 2247 1271 2270 :
1292 2229 1393 2269 uude
1411 2244 1570 2283 magnus

84 2297 164 2344 ipse
192 2296 362 2345 gentium
393 2297 622 2347 Apostolus,
651 2312 770 2348 quum
807 2300 855 2337 ad
882 2298 1061 2337 ecclesias
1085 2313 1106 2337 a
1126 2312 1166 2336 se
1187 2296 1363 2336 conditas
1389 2295 1569 2334 mandatu

80 2358 380 2411 ⁵‹·1·i}›it,aperte
400 2360 612 2412 discipulos
626 2363 838 2414 alloquitur
858 2365 986 2415 plures
1005 2378 1026 2402 e
1043 2363 1189 2402 Judaeis
1209 2375 1323 2413 quam
1343 2375 1364 2399 e
1389 2361 1572 2412 gentibus

77 2425 248 2464 allectos.
268 2426 583 2478 Romanosjpsos
602 2441 681 2466 non
700 2442 806 2479 paeue
824 2430 918 2467 alios
935 2428 1135 2480 compellat
1152 2440 1266 2478 quam
1290 2426 1472 2466 nebi-:eos
1488 2425 1566 2464 Ro-

79 2504 148 2527 m:e
164 2489 357 2541 degentes,
373 2493 529 2539 Quanto
546 2493 663 2544 magis
685 2502 861 2545 putamus
882 2494 918 2531 in
936 2494 1102 2545 AEgypto
1124 2493 1214 2530 etin
1236 2492 1323 2531 Asia
1339 2490 1563 2530 Judaeorum

79 2568 281 2593 numerum
303 2556 370 2594 diu
396 2559 433 2594 in
461 2558 630 2596 ecclesiis
653 2559 917 2610 praevaluisse!
945 2560 971 2597 li
1001 2572 1133 2596 omues
1154 2558 1201 2596 ad
1230 2558 1350 2595 instar
1374 2555 1565 2606 priinaevae

81 2621 257 2659 rlcclesiae
281 2622 632 2673 circumcisionem,
654 2624 881 2673 sabbatum,
907 2626 1000 2663 ritus
1017 2633 1054 2663 ct
1075 2625 1169 2662 festa
1192 2622 1379 2674 majorum
1401 2633 1561 2658 suorum

75 2686 327 2734 retinuerant,
356 2689 460 2727 mixti
491 2691 694 2742 proselytis
724 2692 920 2742 gentium,
955 2691 991 2728 id
1018 2700 1087 2739 cst,
1119 2690 1262 2728 (iraecis
1289 2688 1345 2726 vel
1382 2686 1562 2725 numanis

73 2751 120 2788 :ul
155 2760 286 2790 nostra
311 2766 417 2791 sacru
445 2757 666 2802 conversis,
695 2757 937 2807 invicemque
969 2758 1175 2795 tolerantes
1203 2763 1240 2793 et
1277 2752 1449 2800 tolerati3
1487 2742 1568 2802 ipsi‘

72 2815 218 2867 quippe
240 2817 338 2856 inter
365 2820 606 2859 orthodoxos
633 2822 800 2860 habendi
816 2851 826 2870 ,
850 2822 965 2860 modo
989 2822 1133 2873 legibus
1155 2827 1333 2873 parerent
1354 2816 1554 2863 Ecclesiae,

74 2893 197 2931 neque
235 2897 324 2921 suos
363 2898 486 2922 mores·
517 2887 738 2936 alienigenis
773 2888 1011 2938 imponerent
1042 2896 1172 2925 contra
1205 2885 1307 2924 l’ctri
1327 2892 1364 2921 ct
1388 2883 1556 2932 Aposto-
