1752 3495
136 191 164 232 4
507 185 585 228 AD
618 185 669 229 sl
680 186 963 231 BYLLINOS
999 186 1200 231 LIBROS

132 298 291 325 numero
311 280 557 329 dubitabant,
579 297 692 322 unam
722 293 844 321 tamen
863 292 927 321 aut
947 284 1073 333 plures
1094 281 1209 333 hujus
1235 283 1398 321 nominis
1418 285 1590 323 mulieres

130 355 375 401 agnoverunt.
391 346 536 385 Deinde
549 347 701 385 videtur
719 348 840 385 sorma
856 347 936 396 ipsa
955 346 1117 383 nominis
1142 345 1188 383 ad
1208 359 1409 402 personam
1426 348 1589 398 aliquam

131 413 284 462 referri,
304 424 380 449 non
401 410 448 449 ad
476 411 692 455 oraculum,
716 410 819 460 quod
849 422 940 448 sane
959 409 1154 457 σιὸύλλιον,
1187 409 1224 447 id
1245 419 1299 448 est
1317 410 1508 450 θεοὸούλιον
1530 411 1589 450 di-

127 486 228 515 ctum
250 474 402 522 suisset,
428 474 524 512 sicut
543 473 741 525 θεοπρόπιον
772 473 920 524 aliaque
939 472 1146 524 ejusmodi,
1177 487 1253 510 non
1275 473 1431 513 Σίὸυλλα
1445 504 1455 522 ,
1475 474 1513 512 id
1534 483 1589 513 est

115 539 318 585 .Θεο6ούλη.
337 537 410 577 Sed
431 547 473 575 ut
489 538 559 575 hoc
575 538 738 587 antiquae
757 549 800 574 ac
817 537 902 574 rudi
921 537 1056 588 linguae
1076 537 1329 585 coucedatur,
1347 538 1447 576 uude
1466 548 1588 577 tamen

127 604 252 655 potuit
266 617 308 641 ea
325 616 397 641 vox
417 603 453 640 in
476 614 712 639 communem
733 614 841 638 usum
862 602 993 639 venire
1008 601 1110 651 apud
1125 601 1397 640 diversissimas
1414 604 1587 654 regiones

125 668 219 706 salso
246 666 388 718 ubique
412 678 520 704 sensu
535 695 545 710 ,
566 677 752 715 nusquam
777 666 896 702 vero?
918 665 1093 703 Videmus
1120 666 1218 703 enim
1234 695 1244 713 ,
1262 665 1506 717 -ubicnmque
1527 668 1586 706 Si-

123 732 235 783 byltae
255 731 434 769 memoria
455 739 600 766 servata
616 738 685 775 est,
709 729 902 766 mulierem
922 729 1105 766 creditam
1121 729 1219 767 hauc
1239 742 1330 775 esse,
1346 743 1421 768 non
1441 745 1585 769 vocem.

123 796 235 843 Quod
252 796 302 842 si,
326 803 367 833 ut
398 794 605 833 Ktausenio
631 794 753 831 visum
778 802 855 840 est,
879 793 1071 844 pertinent
1101 794 1226 831 omnia
1247 808 1331 845 quae
1361 795 1408 833 de
1433 796 1586 846 Sibyllis

121 860 322 898 traduntur
334 858 379 895 ad
396 858 550 895 AEueam
568 866 634 894 aut
649 857 851 902 AEueadas,
865 857 930 907 qui
946 857 1119 907 vulgatas
1134 857 1169 894 in
1187 871 1253 894 sua
1269 859 1421 908 regione
1439 859 1585 897 fabulas

117 938 186 975 per
203 923 356 962 Graeciae
374 931 411 959 et
433 922 550 959 ltaliae
577 921 687 959 litora
707 921 1058 970 disseminaverint,
1082 922 1132 959 ita
1156 930 1195 959 ut
1215 922 1265 960 ibi
1290 924 1513 974 plerumque
1537 924 1584 963 de

119 987 293 1038 Sibyllis,
314 985 379 1023 ubi
399 985 447 1023 de
465 985 660 1036 Trojanis,
679 994 838 1024 servatae
855 985 1077 1024 traditiones
1098 987 1329 1034 exstiterint,
1356 988 1427 1026 hoc
1458 990 1582 1039 ipsum

118 1051 308 1090 Klauseuii
322 1050 516 1088 sententiae
537 1050 655 1100 magis
672 1049 898 1087 adversatur
912 1063 1024 1100 quam
1040 1051 1147 1089 favet.
1161 1052 1338 1101 Sequitur
1355 1053 1469 1098 enim,
1489 1053 1584 1090 Tro-

114 1118 211 1168 janis
233 1114 479 1165 temporibus,
498 1123 535 1151 et
556 1114 660 1163 prius
678 1127 789 1164 quam
805 1114 980 1151 AEueadae
998 1116 1129 1165 procul
1150 1128 1171 1152 a
1190 1117 1313 1166 patria
1339 1118 1582 1163 cursitarent,

119 1182 280 1232 viguisse
299 1178 401 1230 apud
423 1191 487 1216 eos
501 1179 718 1228 opinionem
735 1178 782 1216 de
800 1177 942 1229 Sibylla
965 1186 1144 1228 tanquam
1167 1180 1324 1217 muliere
1341 1180 1484 1231 aliqua,
1507 1194 1584 1218 non

119 1258 210 1283 voce
227 1253 370 1281 tantum
389 1251 452 1280 ant
468 1242 645 1291 oraculo3
666 1241 767 1279 illam
788 1255 925 1292 nempe
944 1242 1064 1293 ipsam
1085 1242 1304 1292 opinionem
1327 1258 1412 1294 quae
1431 1259 1449 1280 a
1468 1245 1585 1283 Klau-

116 1311 223 1350 senio
251 1309 332 1347 falsi
366 1308 617 1346 insimulatur.
654 1307 700 1345 Et
725 1320 837 1357 quani
870 1308 918 1344 sit
942 1308 1154 1345 communis
1173 1308 1396 1347 rudioribus
1429 1312 1582 1361 populis

117 1375 208 1413 fides
231 1375 300 1412 ista
323 1373 484 1410 fatidicae
510 1373 546 1409 in
571 1371 793 1408 mulieribus
823 1371 1010 1414 scientiae,
1034 1371 1125 1422 quid
1154 1385 1252 1422 opus
1272 1382 1326 1410 est
1357 1375 1482 1411 multis
1502 1375 1581 1412 dis-

113 1453 239 1479 serere
253 1468 264 1484 ,
279 1451 397 1489 quum
412 1437 618 1487 antiquitus
633 1436 733 1486 apud
755 1435 946 1482 llebraeos,
961 1437 1128 1482 Graecos,
1147 1436 1312 1481 Latinos,
1330 1438 1474 1484 Gallos,
1489 1438 1581 1476 Ger·

118 1514 260 1547 man05‚
278 1501 466 1550 hodieque
489 1499 588 1548 apud
612 1500 800 1537 silvestres
824 1509 861 1536 et
884 1500 1044 1537 incultas
1067 1510 1215 1550 gentes,
1235 1509 1272 1537 et
1293 1502 1409 1552 pudet
1429 1502 1579 1549 dicere,

114 1568 224 1606 etiam
244 1565 346 1616 apud
366 1573 537 1602 nostrum
556 1564 703 1615 vulgus,
721 1564 1001 1614 superstitionis
1018 1563 1130 1614 hujus
1145 1565 1301 1615 vestigia
1317 1566 1581 1616 reperiantur?

108 1635 333 1683 Ignoscatur
348 1629 474 1679 itaque
492 1628 623 1674 nobis,
642 1629 706 1679 qui
724 1629 761 1666 in
779 1630 999 1667 universum
1015 1629 1165 1679 mythos
1181 1637 1218 1667 et
1233 1630 1428 1681 allegorias
1447 1644 1579 1682 parum

114 1704 323 1739 sectamur,
344 1692 375 1730 si
394 1693 430 1730 in
455 1693 526 1730 hoc
543 1693 654 1731 etiam
684 1701 909 1744 argumento
936 1693 1180 1733 traditionem
1197 1695 1390 1745 antiquam
1413 1697 1581 1734 receuti-

115 1760 188 1798 bus
208 1757 435 1808 conjecturis
458 1757 726 1808 praeponimus.

165 1823 239 1863 Sed
269 1820 316 1860 ut'
337 1822 504 1872 aliquam
528 1822 665 1859 vixisse
692 1821 874 1873 Sibyllam
899 1830 937 1859 et
961 1835 1111 1873 semper
1139 1824 1326 1872 creditum
1356 1834 1394 1862 et
1426 1825 1579 1863 minime

113 1887 271 1926 dubium
299 1886 470 1930 videtur,
490 1886 541 1922 ita
561 1886 738 1935 pluresne
756 1886 938 1933 vixerint,
963 1896 999 1924 et
1021 1889 1051 1925 si
1072 1888 1219 1938 plures,
1241 1902 1318 1939 quo
1350 1903 1512 1927 numero
1543 1899 1579 1928 et

113 1952 253 2003 quibus
284 1950 394 1997 locis,
425 1949 524 1987 inter
559 1958 735 1988 auctores
772 1950 932 1988 diversis
970 1952 1128 1989 omnino
1165 1953 1360 1990 sententiis
1399 1953 1577 2004 agitatur.

113 2018 283 2064 Quorum
311 2015 414 2052 locos
441 2015 629 2064 integros,
656 2015 745 2065 ipsis
771 2014 919 2060 verbis,
949 2016 984 2052 in
1016 2015 1129 2066 hujus
1153 2018 1346 2055 Excursus
1367 2019 1577 2069 appendice

112 2092 393 2132 proponemus;
414 2077 452 2115 in
481 2078 561 2128 ipsa
591 2086 716 2115 autem
749 2079 976 2116 tractatione
999 2080 1226 2118 articulatim
1251 2081 1393 2120 divisos
1415 2096 1575 2134 compo-

113 2157 201 2183 nere
233 2143 332 2180 inter
360 2155 399 2179 se
430 2150 486 2188 et,
512 2141 576 2179 ubi
601 2141 753 2190 licebit,
776 2143 981 2181 conciliare
1018 2144 1259 2186 conabimur.
1285 2152 1408 2197 Atque
1430 2149 1573 2185 utinam

110 2208 372 2260 pervenissent
398 2206 446 2244 ud
467 2219 536 2243 nos
561 2206 713 2256 Sopatri
732 2207 911 2257 sophistae
931 2208 1069 2259 ἐκλογαὶ
1091 2208 1270 2262 διάφοροι,
1290 2225 1452 2261 quorum
1474 2212 1572 2250 libro

108 2281 240 2319 sexto,
270 2271 429 2310 docente
456 2270 597 2310 Photio
623 2272 659 2308 in
680 2270 861 2310 Biblioth.
882 2273 969 2313 cod.
998 2287 1108 2320 ein,
1136 2284 1253 2326 ‘caput
1283 2276 1406 2314 inerat
1429 2278 1475 2315 de
1499 2278 1572 2316 hoc

107 2337 191 2387 ipso
218 2343 440 2386 argumento
462 2335 742 2385 compositum:
770 2336 840 2374 Καὶ
867 2336 945 2389 περὶ
969 2339 1141 2387 γυναικῶν
1165 2342 1340 2388 μαντικῶν
1361 2341 1571 2395 ἀναγράφει,

105 2400 194 2443 τίνες
209 2413 248 2437 τε
271 2398 330 2437 καὶ
351 2397 424 2436 ὅθεν
444 2400 479 2436 αἱ
498 2397 708 2449 καλούμεναι
727 2399 909 2439 Signum.
928 2402 1050 2440 Porro
1071 2401 1261 2441 scribebat
1285 2405 1348 2443 ille
1371 2406 1470 2443 circa
1493 2420 1572 2443 sex-

108 2473 185 2501 tum
197 2463 375 2501 saeculum
387 2491 398 2512 ‚
414 2471 453 2500 ut
470 2462 643 2501 Fabricio
658 2463 788 2510 visum,
809 2464 996 2516 docetque
1013 2466 1171 2504 Photius
1184 2481 1267 2505 eum
1288 2469 1470 2520 pleraque
1485 2483 1568 2515 sua,

105 2531 298 2581 speciatim
328 2543 413 2580 quae
439 2530 486 2568 de
516 2530 667 2581 Sibyllis
695 2533 917 2582 scripserat,
941 2547 962 2571 a
989 2534 1090 2572 Rufo
1113 2537 1303 2587 accepisse
1325 2551 1333 2574 τ
1362 2537 1434 2576 Καὶ
1460 2541 1569 2576 ταῦτα

103 2596 164 2646 μὲν
184 2597 228 2638 ὥς
246 2594 315 2633 ἀπὸ
332 2596 400 2632 τῶν
421 2591 586 2647 Ῥούφου,
610 2609 723 2646 quem
747 2595 886 2635 Rufum
909 2598 1075 2636 secundo
1095 2600 1232 2638 saeculo
1267 2602 1401 2640 vixisse
1426 2610 1463 2639 et
1487 2603 1567 2640 lle-

100 2659 202 2697 rodis
214 2659 327 2697 Attici
343 2658 571 2708 discipulum
590 2658 703 2697 fuisse
722 2662 885 2699 tradunt.
902 2663 977 2700 Nec
997 2661 1154 2700 dubium
1172 2665 1353 2714 pleraque
1369 2678 1415 2703 ex
1431 2666 1564 2703 eodem

98 2726 182 2764 Rufi
203 2724 301 2763 libro
316 2725 408 2763 vele
429 2725 580 2775 Sopatri
603 2727 792 2777 excerptis
813 2727 926 2766 ducta
948 2741 1028 2766 esse
1042 2757 1052 2775 ,
1069 2743 1153 2779 quae
1174 2731 1311 2781 passim
1334 2730 1436 2781 apud
1458 2732 1562 2770 inse-

92 2798 253 2840 quentes
276 2789 480 2839 scriptores
505 2797 541 2826 ct
574 2790 676 2840 apud
702 2791 930 2829 Scholiastas
958 2791 1005 2829 de
1034 2806 1078 2828 eo
1108 2803 1334 2844 argumento
1369 2795 1561 2844 leguntur,

91 2869 112 2892 a
129 2853 362 2891 Varroniana
379 2865 441 2889 sen
460 2852 706 2890 Lau-tantiam
727 2854 933 2893 traditione
950 2855 1111 2895 diversa.
1129 2859 1198 2895 vix
1216 2866 1340 2895 tamon
1353 2859 1558 2905 credimus,
