1686 3500
674 167 989 214 Excosssns
1023 168 1127 213 vu.
1367 154 1373 163 “
1516 166 1611 214 585

141 279 213 318 per
225 279 357 306 omnes
372 267 452 305 fere
467 266 624 305 Graeciae
639 274 780 318 partes,
795 278 951 316 pravam
962 255 1147 315 loquendi
1163 262 1477 302 consuetudinem
1494 276 1610 316 quam

140 332 256 384 vulgo
278 333 546 371 llellenismum
573 340 831 376 vocaverunt,
862 339 903 369 ut
927 330 1018 368 ἑλεῖν
1039 329 1078 367 in
1103 329 1234 367 futuro
1255 341 1327 379 pro
1350 327 1518 382 αἱρήσειν,
1533 322 1610 375 358oe

140 397 374 448 praeteritum
392 396 440 435 ab
454 395 553 444 ἥκω,
570 395 734 450 ἕκφεύξας
754 407 827 447 pro
848 393 1005 448 ἐκφυγών
1018 424 1029 444 ,
1049 393 1199 444 aliaque
1216 392 1315 431 infra
1334 392 1607 433 enumeranda.

140 467 189 499 At
215 462 337 499 soi-ma
367 460 524 514 πέφυκαν
543 460 629 514 (pro
647 458 855 512 πεφύκασι),
876 460 905 507 1,
930 458 1019 504 265,
1048 458 1146 496 sicut
1174 455 1298 510 ἔοργαν
1328 458 1414 508 (pro
1433 456 1610 509 ἐόργασι),

144 526 238 571 xw,
255 526 344 573 253,
375 525 531 564 minime
549 525 757 576 ambigitur
778 523 872 575 quin
905 526 952 561 si:
980 535 1028 561 ex
1055 521 1314 561 Alexandrino
1333 535 1437 560 more
1456 520 1610 559 dicendi

144 590 328 640 prosecta.

576 831 685 871 CAP.
712 830 762 870 ll.
780 832 839 868 De
859 844 988 868 vocum
1012 831 1173 869 delectu.

190 964 246 1002 De
265 963 415 1004 delectu
433 977 571 1003 vocum
593 964 694 1002 idem
713 962 792 1001 sere
818 962 922 1014 quod
945 962 993 1001 de
1008 962 1174 1001 dialecto
1199 961 1277 1001 dici
1293 970 1441 1014 potest,
1460 963 1610 1015 epicum

139 1029 243 1065 illum
266 1042 348 1067 esse
368 1042 501 1080 magna
529 1042 578 1066 ex
597 1037 726 1079 parte,
751 1027 912 1065 mixtum
938 1036 1063 1065 tamen
1095 1026 1291 1065 elementis
1309 1027 1539 1079 quibusdam
1560 1027 1611 1067 ab

139 1094 338 1132 Homerica
359 1093 528 1132 dictione
552 1094 697 1132 alienis.

194 1158 331 1196 Earum
356 1170 517 1205 vocum,
545 1171 632 1208 quae
659 1158 782 1196 minus
801 1157 920 1210 epicae
945 1156 1138 1205 videntur,
1162 1157 1338 1209 plurimae
1356 1170 1447 1196 sane
1465 1170 1514 1197 ex
1537 1171 1611 1196 usu

137 1223 330 1260 communi
349 1236 416 1260 seu
448 1221 596 1272 vulgari
626 1222 820 1260 atticismo
846 1222 1099 1273 prodierunt,
1128 1222 1179 1260 ita
1202 1230 1327 1260 tamen
1346 1229 1390 1260 ut
1417 1222 1516 1261 inter
1546 1236 1612 1261 eas

139 1287 249 1326 facile
268 1287 551 1339 distinguantur
572 1286 798 1325 recentioris
822 1295 923 1325 notae
942 1286 1150 1335 vocabula,
1177 1300 1262 1338 quae
1285 1287 1325 1325 in
1351 1287 1612 1327 Alexandrino

136 1353 228 1400 sive,
246 1362 287 1391 ut
304 1366 325 1390 a
346 1351 575 1403 quibusdam
599 1361 771 1399 vocatur,
788 1352 1034 1391 Hellenistico
1054 1366 1232 1391 sermone
1247 1352 1530 1405 increbuerant‚
1548 1366 1612 1390 cu-

98 1460 104 1466 *
130 1417 303 1469 jusmodi
332 1425 421 1455 sunt
448 1415 716 1466 ἀκαταστασία,
736 1416 961 1469 ἁμαρτωλός,
983 1415 1159 1470 ἀπόμοιρα
1168 1445 1182 1464 ,
1210 1415 1432 1470 βλάσφημος,
1467 1416 1610 1468 γαισός,

135 1480 353 1535 ἐξολοΟρεύω,
375 1480 524 1532 εὐλογέω
549 1480 793 1533 (benedico),
813 1480 979 1539 OMCert
1001 1480 1113 1534 Ολίψις
1135 1480 1378 1535 (oppressio),
1398 1482 1612 1534 μυκτηρίζω,

137 1546 310 1599 μυχθίζω,
334 1544 557 1598 δλοκαρπεύω
574 1554 612 1584 et
636 1544 862 1598 δλοκαρπόω,
885 1544 1099 1598 προοδηγός,
1118 1546 1359 1598 προσοχθίζω,
1378 1545 1610 1600 σαρκοφόρος,

136 1610 370 1665 σκορπισμός,
391 1610 583 1664 συναίρεσις
607 1611 784 1662 (messis),
804 1612 954 1662 aliaque
973 1612 1111 1659 multa,
1136 1625 1184 1649 cx
1203 1611 1334 1650 Indice
1362 1619 1497 1650 nostro
1519 1625 1611 1650 ver-

136 1677 273 1714 borum
292 1676 518 1727 colligenda,
537 1690 606 1713 nec
620 1676 713 1713 satis
733 1684 838 1726 patet
859 1685 984 1713 utrum
1000 1690 1020 1713 e
1040 1677 1234 1713 communi
1250 1676 1437 1713 sermonis
1454 1689 1524 1713 usu
1545 1689 1614 1727 pe-

139 1742 230 1786 tita,
258 1755 304 1778 nn
325 1755 345 1778 e
363 1754 481 1778 sacrae
501 1740 710 1791 Scripturae
729 1740 894 1778 lectione
919 1748 957 1779 et
982 1740 1123 1778 sanctis
1150 1740 1348 1791 utriusque
1378 1740 1612 1779 Testamenti

137 1805 257 1852 libris,
278 1804 350 1843 nisi
366 1804 469 1855 quod
488 1804 626 1856 conjici
643 1804 745 1842 haud
769 1804 958 1843 immerito
981 1813 1121 1856 potest,
1142 1818 1231 1842 vere
1251 1817 1492 1843 communem
1509 1805 1611 1843 illam

139 1871 252 1908 fuisse
278 1870 445 1920 linguam
476 1870 579 1920 apud
611 1869 767 1908 Judaeos
795 1869 1089 1914 Alexandrinos,
1117 1883 1192 1920 qua
1223 1870 1465 1921 septuaginta
1491 1869 1613 1908 inter-

140 1944 265 1987 pretes
285 1944 321 1974 et
345 1944 431 1987 post
450 1935 520 1973 hos
541 1935 792 1986 Evangelistae
810 1943 925 1986 atque
948 1934 1121 1986 Apostoli
1140 1934 1198 1973 usi
1217 1943 1317 1974 sunt.
1614 1940 1619 1947 “

194 2002 250 2040 Ex
267 2000 402 2039 eodem
422 2014 617 2038 sacrorum
647 2000 832 2038 librorum
852 2001 956 2038 sonte
976 2001 1146 2038 derivata
1172 2009 1260 2038 sunt
1280 2000 1433 2038 nomina
1453 2001 1611 2053 propria

138 2068 235 2105 bene
267 2067 405 2114 multa,
434 2065 616 2105 hebraica
638 2066 907 2104 terminatione
935 2068 1066 2117 graecis
1093 2065 1266 2104 versibus
1291 2065 1460 2114 inclusa,
1484 2066 1612 2117 qualia

137 2141 224 2171 sunt
245 2132 374 2183 Ἀδάμ,
394 2133 493 2180 Νῶε,
510 2130 669 2185 Ἰσραήλ,
690 2141 776 2179 etc„
797 2132 843 2170 de
859 2132 1001 2183 quibus
1022 2133 1059 2170 in
1081 2132 1155 2170 alio
1168 2131 1247 2183 jum
1268 2132 1442 2189 Excursu
1464 2131 1608 2170 dictum

136 2209 192 2238 cst
213 2214 341 2251 supra,
360 2214 445 2252 pag.
466 2201 555 2250 393.
1549 2249 1552 2252 y

191 2267 274 2305 Alia
292 2267 465 2317 quaedam
486 2266 643 2318 propria
665 2266 840 2314 nomina,
861 2266 928 2305 sed
949 2280 1069 2318 pauca
1082 2298 1093 2319 ‚
1111 2266 1292 2305 videntur
1309 2264 1358 2303 ab
1373 2263 1464 2316 ipsis
1482 2262 1611 2313 Sibyl-

137 2332 231 2370 listis
249 2345 314 2371 seu
345 2324 502 2370 licenter
522 2341 723 2383 poetarum
746 2345 874 2380 more,
895 2345 961 2370 seu
983 2333 1139 2370 fortasse
1159 2344 1228 2382 pei·
1247 2329 1433 2368 inscitiam
1458 2327 1608 2367 adulte-

136 2405 229 2443 rata,
250 2405 292 2433 ut
313 2395 503 2448 Βρύττεσσι
519 2398 604 2447 (pi-o
622 2397 825 2449 Βρεταννοῖς
840 2409 906 2435 seu
928 2398 1168 2448 Βρεττανοῖς),
1190 2396 1238 2442 V,
1262 2408 1353 2445 ¹993
1371 2391 1506 2436 Ἰασσός
1517 2384 1608 2445 ι(ρνο

135 2459 294 2509 Ἰασσίς),
311 2460 386 2507 Ill,
410 2462 506 2507 3423
525 2458 643 2513 Κέὸρη
666 2461 748 2512 (pro
778 2461 950 2513 Κέὸρην),
969 2461 1126 2510 ibidem,
1146 2474 1182 2500 v.
1204 2473 1284 2511 sq.;
1312 2471 1530 2511 quanquam
1549 2458 1607 2496 sa-

137 2525 289 2564 tendmn
306 2535 363 2563 est
381 2526 538 2563 istorum
556 2526 730 2577 quaedam
749 2526 913 2564 lectione
934 2527 1057 2564 minus
1078 2535 1183 2564 certa
1204 2525 1394 2563 vacillare.

187 2590 318 2628 Solent
344 2590 571 2641 Sibyllistae,
601 2590 704 2642 qnod
727 2600 767 2629 ut
787 2591 941 2629 minime
960 2590 1062 2642 apud
1088 2600 1235 2629 ceteros
1257 2598 1406 2642 poetas,
1431 2588 1485 2626 ita
1505 2596 1608 2627 certe

133 2655 236 2707 apud
254 2655 407 2694 ,ludaeos
424 2655 482 2693 vel
502 2655 740 2696 Christianos
757 2656 925 2704 mireris,
944 2656 1104 2694 deorum
1122 2670 1165 2694 ac
1184 2656 1342 2693 dearum
1361 2653 1527 2705 propriis
1543 2666 1609 2690 no-

135 2720 302 2758 minibus
319 2720 364 2758 ad
385 2734 442 2758 res
459 2735 680 2759 comumnes
697 2720 966 2772 exprimendas
985 2735 1053 2772 per
1071 2722 1230 2773 figuram
1250 2720 1378 2765 abuti3
1400 2718 1515 2770 idque
1534 2719 1609 2756 sre-

132 2794 297 2835 quenter
313 2787 420 2832 sutis,
439 2786 539 2823 unde
556 2795 594 2825 et
613 2786 755 2825 criticis
774 2786 1002 2838 quibusdam
1021 2787 1276 2838 suspicionem
1296 2786 1367 2824 ista
1387 2793 1605 2832 moverunt,

137 2859 316 2902 tanquam
337 2866 356 2889 e
380 2851 567 2903 profanis,
589 2851 774 2890 incertum
793 2851 952 2902 quibus,
971 2853 1135 2891 oraculis
1153 2852 1368 2902 desumpta.
1383 2849 1606 2900 Cujusmodi
