1686 3500
73 94 198 139 1574
414 151 417 153 ι
489 92 569 136 ΑΙ)
603 92 946 138 SmYLLtNOS
981 93 1190 138 LIBROS

243 218 248 222 -
284 193 337 231 Οὓ
352 192 482 239 δοῦλος,
497 191 571 231 οὔτ’
589 187 634 231 αὖ
655 190 778 245 μέγας,
802 193 842 232 οὖ
860 192 982 248 μικρός
999 208 1051 237 τις
1065 191 1113 232 ἔτ’
1133 191 1244 239 ἔσται,

282 256 334 295 Οὐ
355 255 521 306 βασιλεῖς,
537 255 603 307 οὐχ
623 255 789 307 ἡγεμόνες
799 283 942 297 ......

98 319 242 358 etiamsi
263 319 417 358 videtur
436 319 472 357 id
493 319 618 370 primo
644 329 800 371 aspectu
831 321 958 359 favore
984 320 1183 359 hominum
1209 319 1462 371 quorumdam
1493 328 1576 359 stu·

98 383 195 431 (ΙίἰςΤ
210 396 328 421 novas
345 392 459 429 res-et
474 383 597 421 omniu
619 397 666 421 ex
682 397 793 435 aequo
815 385 1064 437 cupientium,
1085 383 1180 422 nihil
1199 392 1321 422 tamen
1338 385 1427 422 inde
1445 385 1573 436 colligi

82 448 270 496 ‘vt-limus,
288 449 359 486 nisi
377 448 573 485 hominum
594 448 632 485 in
651 449 779 487 sutura
797 450 877 488 vita
898 450 1117 500 aequandam
1138 457 1296 489 sortem.
1320 450 1400 488 noc
1421 449 1547 501 ipsum
1563 480 1573 498 ,

96 512 174 550 οὐδὲ
203 511 394 565 τύραννος,
414 513 452 550 οὗ
488 513 620 560 δοῦλος,
643 527 736 551 cave
766 514 899 552 credas
928 513 1015 552 ideo
1038 513 1224 564 scrIptum
1253 526 1339 552 esse.
1367 526 1444 564 quo
1472 515 1572 552 servi

96 576 218 614 herile
237 576 373 628 juguni
394 577 651 627 impatientius
688 578 845 626 ferrent,
867 591 944 615 non
968 577 1053 627 plus
1073 589 1163 613 sane
1182 589 1296 627 quam
1319 576 1411 614 illud
1431 577 1469 615 in
1488 577 1573 628 epi-

93 642 192 679 stola
212 642 320 680 Pauli
341 641 389 679 ad
409 641 581 687 Galatas,
606 655 692 694 cap.
723 644 763 691 3,
785 656 824 681 v,
850 643 896 679 28
916 656 924 679 :
947 642 1024 680 Οὐκ
1051 639 1100 678 ἔνι
1127 641 1261 688 δοῦλος,
1281 640 1359 680 οὐδὲ
1382 641 1572 695 ἐλεύθερος,

94 706 198 757 quod
219 706 266 745 de
300 706 474 746 libertate
500 708 572 745 Dei
601 708 767 746 (iliorum
800 707 990 758 intelligit.
1020 707 1215 758 Nusquam
1249 707 1348 744 enim
1378 707 1571 746 efficacius

93 783 206 820 quum
241 771 279 808 in
313 771 393 809 divi
427 772 601 822 Apostoli
644 772 795 822 scriptis
826 785 1021 809 servorum
1060 784 1149 821 erga
1189 770 1367 809 dominos
1407 771 1500 810 fides
1533 781 1570 810 et

93 835 320 886 obsequium
345 837 653 883 commendatur,
676 836 834 874 notabili
863 837 948 874 loco
965 845 1003 874 et
1028 849 1050 874 a
1086 836 1238 874 nemine
1267 850 1346 874 non
1368 836 1415 875 de
1436 837 1507 874 hac
1530 850 1571 875 re

93 899 226 945 citato,
248 900 295 937 ad
319 900 466 939 Coloss.
497 915 581 952 cap.
605 902 643 951 3,
665 914 698 939 v.
733 914 794 938 22.

300 1066 412 1105 CAP.
435 1069 484 1107 V.
507 1069 566 1104 De
589 1066 774 1117 Sibyllina
795 1070 969 1106 adversus
995 1070 1180 1105 Romanos
1202 1069 1355 1107 invidia.

141 1166 215 1204 Sed
232 1165 333 1205 aliud
350 1179 421 1203 nec
438 1165 628 1203 immerito
649 1165 856 1216 Sibyliistis
872 1166 989 1218 objici
1006 1175 1134 1219 potest
1146 1197 1157 1216 ‚
1176 1168 1246 1206 etsi
1268 1168 1429 1206 fortasse
1445 1169 1568 1206 rarius

88 1229 140 1269 ob
154 1244 236 1268 eam
250 1243 400 1268 causam
418 1230 720 1281 vapulaverunt,
738 1231 855 1268 nimia
874 1245 1011 1282 nempe
1026 1232 1211 1271 adversus
1230 1234 1432 1282 Romanos,
1445 1233 1569 1271 domi-

87 1308 157 1333 nos
185 1308 297 1343 suos,
323 1294 493 1340 invidia,
524 1308 691 1346 quorum
714 1294 892 1347 frequens
918 1295 1017 1334 redit
1053 1297 1157 1348 apud
1187 1297 1292 1349 ipsos
1320 1297 1564 1337 obtrectatio.

85 1360 312 1410 Quanquam
337 1359 458 1410 liquet
476 1358 591 1410 hujus
608 1359 779 1397 criminis
798 1359 1004 1398 immunem
1026 1373 1115 1398 sane
1134 1374 1217 1398 esse
1243 1360 1386 1400 debere
1405 1363 1569 1413 scripto-

65 1439 67 1441 *
87 1437 164 1462 rem
183 1424 271 1462 libri
288 1424 359 1471 111,
374 1424 395 1473 g
409 1436 431 1461 τι
451 1432 488 1461 ct
507 1430 545 1471 4,
567 1423 723 1461 minime
743 1425 889 1475 quippe
906 1423 978 1462 sub
995 1425 1254 1463 Romanorum
1272 1426 1418 1464 ditione
1438 1427 1568 1465 viven-

85 1497 174 1539 tem,
190 1488 324 1527 Judaeu
332 1502 365 1526 m
378 1488 611 1539 AEgypfium,
625 1488 840 1527 Ptolemaeis
852 1501 1039 1527 coaevum.
1054 1489 1103 1527 Et
1120 1498 1242 1527 tamen
1256 1489 1287 1527 is
1299 1490 1446 1541 primus
1459 1490 1567 1528 istius

83 1553 268 1592 adversus
291 1553 483 1591 Romanos
510 1553 773 1591 insectationis
801 1553 951 1604 signum
977 1554 1143 1592 sustulit.
1169 1554 1313 1592 Recens
1333 1556 1433 1592 enim
1461 1555 1563 1605 apud

85 1617 167 1669 ejus
187 1618 370 1669 temporis
391 1617 567 1655 homines
586 1618 771 1655 memoria
796 1617 953 1668 tepebat
973 1617 1163 1656 belloi-um
1181 1628 1427 1657 cruentorum
1450 1627 1564 1670 atquc

83 1682 278 1734 rapacium
295 1695 317 1719 a
331 1681 515 1720 Romanis
532 1682 724 1719 illatorum
745 1682 780 1718 iu
797 1682 984 1720 Graeciam
997 1710 1007 1729 ,
1027 1681 1307 1729 Macedoniam,
1326 1683 1469 1732 Asiam,
1491 1696 1564 1720 nu-

83 1747 335 1798 perrimaeque
348 1745 587 1783 Macedonici
606 1746 712 1795 regni
729 1745 959 1794 eversionis,
979 1745 1080 1784 unde
1095 1759 1252 1797 magnus
1272 1747 1424 1784 illorum
1449 1747 1564 1784 timot·

84 1823 204 1861 usque
231 1810 269 1848 in
292 1811 497 1861 AEgyptum
527 1809 731 1861 propagari
752 1809 951 1848 debuerat.
973 1811 1106 1862 itaque
1133 1811 1299 1863 effigiem
1326 1809 1408 1862 ejus
1427 1810 1562 1862 populi

81 1889 171 1913 sane
194 1875 427 1913 teterrimam
449 1874 607 1912 exhibet
626 1874 820 1925 Sibyilista
845 1874 1146 1923 Alexandrinus,
1166 1888 1205 1916 v.
1228 1876 1312 1924 175,
1330 1888 1416 1926 sqq.
1443 1888 1452 1914 :

240 1938 359 1992 Αὐτὰρ
377 1939 481 1978 ἔπειτ’
503 1939 610 1986 ἄλλης
628 1936 829 1991 βασιληΐδος
849 1939 989 1978 ἔσσεται
1008 1940 1100 1993 ἀρχή
1114 1969 1126 1991 ,

238 2003 356 2052 Λευκὴ
375 2005 434 2043 καὶ
453 2002 667 2057 πολύκρανος
677 2032 794 2044 .....

240 2070 389 2109 Πολλῶν
410 2069 439 2106 δ’
461 2063 504 2107 αἶ
521 2067 652 2121 χρυσόν
671 2084 707 2107 τε
725 2064 784 2107 καὶ
802 2067 950 2122 ἄργυρον
968 2067 1177 2114 ἐξαλαπάξει

239 2133 307 2173 Ἐκ
322 2133 458 2172 πόλεων
478 2135 637 2172 πολλῶν.
654 2165 663 2173 .
681 2162 691 2172 .

237 2197 362 2238 Ποίντα
383 2198 418 2237 δὲ
436 2198 623 2251 συγκόψει,
639 2198 698 2236 καὶ
717 2197 834 2237 πάντα
851 2199 968 2236 κακῶν
989 2197 1204 2247 ἀναπλήσει,

239 2263 443 2317 Αἷσχροῧίῳ
463 2261 750 2317 φιλοχρημοσύνῃ
762 2293 772 2309 ,
792 2263 996 2316 κακοκερδέϊ
1014 2263 1178 2318 πλούτῳ,

238 2326 299 2366 Ἐν
321 2328 466 2372 πολλαῖς
482 2327 620 2382 χώρῃσι
632 2356 642 2376 ,
667 2326 875 2380 Μακηδονίῃ
892 2326 928 2365 δὲ
946 2326 1125 2378 μάλιστα,

237 2393 350 2438 Μῖσος
366 2392 399 2431 δ’
413 2393 558 2445 ἐξεγερεῖ
567 2421 684 2433 .....

81 2455 161 2495 Nee
175 2455 391 2496 dubitamus
404 2472 522 2507 nunc,
540 2457 731 2511 quidquid
752 2457 843 2496 olim
865 2466 999 2496 contra
1015 2457 1258 2506 senserimus,
1271 2457 1406 2496 eodem
1425 2456 1559 2497 referri

79 2529 262 2573 oportere
277 2522 382 2560 iocos
401 2522 494 2560 alios
507 2523 678 2572 ejusdem
693 2522 795 2570 iibri,
815 2536 853 2562 v.
876 2523 964 2567 520,
980 2535 1064 2574 sqq.
1086 2536 1096 2560 ε

237 2584 394 2633 Ἕλλησι
412 2586 443 2625 δ’
460 2587 588 2626 ὁπόταν
609 2585 873 2640 πολυὸἄρὸαρον
890 2586 983 2630 ἔθνος
997 2586 1125 2639 ἐπέλθῃ
1139 2615 1151 2636 ,
1170 2601 1204 2629 κ.
1223 2601 1256 2627 τ.
1274 2587 1326 2637 λ.,

79 2659 118 2689 et
138 2649 284 2702 pariter
302 2664 336 2688 v.
360 2652 432 2699 537
456 2665 465 2688 :

237 2714 398 2759 Δούλειος
414 2715 444 2753 δ’
464 2710 531 2767 ἆρα
546 2714 646 2768 ζυγὸς
662 2715 800 2755 ἔσσεται
815 2714 961 2755 Ἑλλάδι
980 2715 1075 2769 παίσῃ
1088 2746 1097 2764 ,
1145 2760 1148 2762 v

80 2790 118 2820 et
141 2795 176 2821 v.
196 2783 286 2832 638,
307 2795 388 2832 sqq.
413 2795 421 2819 :
