1752 3495
92 199 188 244 282
477 199 552 242 AD
587 197 933 243 SIBYLLlNOS
967 198 1022 241 Ll
1032 197 1175 240 BROS

92 295 152 333 καὶ
167 297 228 333 τοῦ
244 293 347 345 λόγου
366 294 398 338 ἐς
417 299 538 347 πεῖραν
555 294 724 342 ἐλθόντος,
744 293 887 346 ἀκριὸὴς
901 295 961 330 τοῦ
978 292 1079 335 ἔπους
1091 291 1258 344 ίρμηνιὺς
1275 291 1429 343 γένηὲαι.
1447 299 1556 345 Quod

91 358 245 410 quidem
262 357 644 410 Procopiijudicium
661 359 850 398 nescimus
869 365 997 394 utrum
1015 356 1090 395 liuc
1102 357 1218 395 suerit
1235 358 1493 412 referendum,
1510 378 1556 403 an

93 422 220 474 potius
245 422 514 461 reservandum
541 426 579 462 in
610 425 699 462 Exc.
725 424 767 462 V.
802 421 962 460 Videtur
983 421 1085 458 enim
1105 434 1183 459 non
1212 429 1286 460 tam
1306 423 1353 461 ad
1376 425 1557 475 Sibyllina

92 486 300 537 pertinere,
325 487 450 537 qualia
475 495 647 525 veterum
667 489 822 526 Patrum
857 483 1035 522 manibus
1070 485 1334 534 versabantur,
1369 502 1481 539 quam
1512 493 1556 531 ad

93 560 259 589 nostram
278 550 505 602 Sibyllinam
526 551 788 590 collectionem
811 548 1061 594 hodiernam,
1085 549 1254 600 quippe,
1273 559 1315 587 ut
1335 551 1427 589 alias
1455 566 1557 592 mon-

91 614 310 664 strabimus,
350 616 529 666 Procopii
550 624 721 666 tempore
741 614 797 652 vel
825 613 939 664 paulo
971 621 1059 651 ante
1085 615 1313 654 confectam.
1342 616 1410 654 llle
1444 628 1555 666 certe,

92 679 140 717 de
159 693 238 730 quo
260 680 449 731 queritur,
483 677 694 718 continuus
712 678 867 730 Sibyllae
891 677 1134 716 vaticinantis
1163 677 1357 718 discursus
1385 679 1434 718 ab
1459 683 1556 722 Afris

90 744 138 783 ad
158 745 305 791 Persas,
323 758 344 783 a
365 745 491 784 Persis
509 745 554 781 ad
575 747 780 791 Romanos,
801 743 890 781 inde
906 743 953 781 ad
978 743 1165 794 Assyrios,
1186 756 1396 794 rursusque
1418 746 1466 783 ad
1483 747 1554 786 Ro.

91 822 244 856 manos,
266 819 302 848 et
323 811 448 847 statim
474 809 521 846 ad
543 809 764 860 Britannos,
794 808 916 860 probe
945 809 1101 846 omnino
1122 809 1159 846 in
1177 810 1364 860 Sibyllina
1396 824 1418 849 a
1451 812 1555 851 nobis

89 872 191 912 edita
220 874 334 912 cadit.
366 875 445 913 Nec'
473 873 729 912 omittendum
763 872 866 925 quod
898 873 979 924 ipse
1014 873 1121 911 addit
1152 874 1283 912 omnia
1310 888 1350 913 se
1373 876 1554 927 Sibyllina

38 935 43 939 ⁶
91 939 296 990 perlegisse
309 967 319 986 ‚
348 939 461 976 ἐκεῖνα
492 937 741 988 ἀναλεξάμενος
765 937 927 987 ἅπαντα,
963 951 1119 989 prorsus
1155 947 1197 976 ut
1228 939 1401 977 Zosimus
1444 955 1553 992 supra

89 1003 227 1040 citatus
251 1004 289 1040 in
312 1003 402 1041 Exc.
419 1006 467 1049 ΙΙ,
488 1016 573 1054 pag.
595 1016 682 1050 110,
705 1000 836 1045 πολλὰς
855 1003 1026 1054 χρησμῶν
1052 1001 1254 1054 συναγωγὰς
1283 1003 1451 1048 ἀνελίξας.
1483 1007 1554 1044 Sed

88 1067 261 1105 Zosimus
289 1066 336 1105 de
357 1066 525 1117 profanis
547 1066 745 1117 gentilium
770 1066 990 1117 Sibyllinis,
1021 1079 1180 1116 quarum
1203 1067 1337 1104 multas
1361 1068 1442 1118 ejus
1463 1078 1553 1107 tem-

90 1144 184 1181 pore
215 1131 458 1168 collectiones
493 1130 666 1180 vulgatas
693 1129 806 1167 fuisse
828 1130 1064 1175 notavimus,
1084 1129 1202 1181 ibid.;
1236 1131 1447 1182 Procopius
1466 1146 1554 1173 vero

89 1194 136 1232 de
161 1195 299 1232 nostris
321 1193 535 1231 christianis
559 1193 771 1244 judaicisve
790 1192 984 1244 Sibyllinis
1008 1204 1140 1244 aperte
1164 1194 1358 1244 loquitur,
1377 1209 1461 1246 quae
1487 1198 1553 1236 nisi

88 1266 176 1294 tunc
192 1257 229 1294 in
251 1270 368 1294 unum
394 1256 614 1294 fasciculum
642 1256 802 1294 collecta
821 1257 990 1302 fuissent,
1010 1271 1109 1308 aegre
1126 1258 1312 1308 potuisset
1332 1260 1458 1297 omnia
1473 1274 1555 1311 per-

86 1322 260 1361 scrutari.
284 1322 400 1360 Plura
421 1335 491 1359 nos
512 1321 559 1359 de
574 1335 618 1359 ea
637 1335 679 1358 re
697 1321 736 1358 in
757 1321 848 1360 Exc.
868 1321 915 1361 V.

141 1387 187 1426 Et
200 1387 278 1438 jam
293 1386 395 1437 apud
411 1387 568 1424 Graecos
586 1385 767 1423 ulteriora
787 1386 963 1436 persequi
984 1385 1105 1423 minus
1122 1398 1272 1423 necesse
1288 1394 1358 1434 est,
1377 1388 1552 1436 qnoniam

85 1451 133 1489 ad
159 1459 328 1502 tempora
360 1463 518 1501 prorsus
537 1450 698 1488 declivia
719 1451 984 1501 pervenimuS,
1006 1450 1054 1488 de
1076 1445 1214 1500 quibus
1241 1451 1270 1488 si
1297 1451 1391 1501 quid
1421 1459 1476 1489 est
1492 1452 1554 1489 ad-

85 1515 273 1564 dendum,
294 1514 456 1552 addetur
476 1527 564 1551 mox
594 1514 632 1551 in
662 1514 877 1565 appendice
905 1513 952 1551 ad
982 1514 1085 1551 hunc
1103 1514 1330 1553 Excursum.
1353 1514 1427 1554 Sed
1447 1515 1552 1553 rede-

85 1579 228 1617 undum
247 1592 348 1615 nunc
373 1579 419 1615 ad
443 1578 598 1615 Latinos
613 1607 624 1626 ,
643 1591 739 1628 quos
758 1591 874 1629 supra
897 1578 1121 1629 reliquimus
1151 1578 1322 1616 vivacem
1343 1591 1449 1617 suam
1470 1593 1552 1630 erga

85 1641 246 1693 Sibyllas
266 1654 310 1679 ac
336 1641 523 1691 Sibyllina
542 1642 852 1690 venerationem,
880 1641 1066 1680 Lactantii
1091 1654 1182 1688 ore,
1205 1641 1276 1679 sub
1301 1642 1408 1680 initia
1432 1644 1550 1694 quarti

84 1705 234 1754 saeculi,
251 1705 484 1759 profitente&

136 1771 281 1817 Quarto
301 1769 454 1821 quidem
472 1770 611 1808 saeculo
630 1770 779 1808 nullum
796 1769 898 1808 aliud
919 1770 1079 1808 latinum
1103 1770 1150 1808 de
1170 1770 1368 1822 Sibyllinis
1395 1775 1551 1811 testimo-

83 1834 189 1871 nium
208 1834 448 1880 invenimus,
481 1833 555 1872 nisi
576 1834 677 1872 forte
694 1834 788 1874 Julii
809 1834 975 1884 Firmici‚
996 1835 1062 1886 qui
1086 1834 1240 1873 videtur
1263 1836 1548 1876 acrostichidem

84 1899 216 1950 legisse
242 1898 480 1949 sibyllinum,
511 1898 549 1936 in
571 1912 690 1950 eaque
716 1898 756 1937 τὸ
771 1902 838 1952 πῦρ
858 1898 898 1937 τὸ
926 1900 1082 1951 ἷχνεῦον,
1102 1913 1221 1951 quum
1251 1900 1408 1939 scribit:
1427 1919 1442 1935 «ι
1458 1902 1551 1952 ignis

83 1981 99 1997 ι
119 1964 189 2002 iste
205 1972 400 2002 scrutatur
421 1963 563 2002 abdita.
582 1981 597 1997 υ
616 1963 691 2003 Sed
712 1964 786 2002 hoc
807 1964 968 2002 sortasse
987 1964 1072 2003 leve
1085 1973 1142 2002 est
1158 1964 1358 2006 indicium.
1374 1965 1451 2004 Nec
1477 1980 1552 2004 cer-

82 2027 156 2066 tior
182 2028 286 2066 testis
305 2028 434 2066 afferri
454 2035 580 2079 potest
615 2028 891 2078 Hieronymus,
910 2041 1244 2080 quanquameum
1273 2029 1425 2080 Sibyllis
1454 2029 1550 2067 haud

81 2091 253 2143 iniquum
275 2092 388 2130 foisse
407 2091 572 2130 ostendit
600 2092 705 2130 locus
729 2091 807 2142 jam
827 2092 918 2131 alibi
948 2093 1086 2131 citatus
1105 2106 1125 2131 e
1151 2092 1251 2131 libro
1276 2094 1291 2133 l
1318 2094 1403 2134 adv.
1429 2094 1548 2133 Jovin.

82 2157 104 2207 §
125 2162 168 2201 [ἡ
192 2170 202 2196 t
226 2174 242 2190 «ι
260 2155 361 2203 Quid
384 2155 546 2193 reseram
561 2184 571 2202 ,
591 2155 756 2207 Sibyllas
776 2156 1013 2206 Erythraeam
1045 2166 1158 2208 atque
1180 2157 1389 2196 Cumanam
1415 2167 1450 2196 et
1468 2166 1549 2196 octo

82 2237 97 2254 a
114 2220 276 2271 reliquas
297 2221 398 2273 (nam
419 2220 541 2258 Varro
564 2219 694 2258 decem
724 2221 839 2258 fuisse
864 2222 1054 2272 autumat)
1084 2235 1247 2272 quarum
1272 2223 1419 2274 insigne
1445 2223 1549 2273 virgi.

83 2302 98 2318 ι
115 2285 214 2323 nitas
239 2294 296 2323 est
314 2294 352 2323 et
370 2285 598 2335 virginitatis
622 2286 820 2336 praemium
842 2285 1058 2325 divinatio?
1078 2286 1191 2332 Quod
1223 2287 1254 2325 si
1278 2287 1401 2325 aeolici
1418 2300 1548 2338 genero

84 2365 99 2382 ι
113 2349 298 2388 sermonis
316 2348 460 2399 Sibylla
479 2347 660 2396 Θεοὸούλη
688 2349 916 2400 appellatur,
938 2358 1040 2389 recte
1057 2351 1259 2389 consilium
1281 2352 1351 2390 Dei
1368 2352 1446 2390 sola
1464 2351 1550 2389 scri-

85 2429 101 2446 «
114 2413 215 2451 bitur
227 2427 338 2452 nosse
357 2414 589 2465 virginitas.»
607 2414 742 2453 Utrum
766 2428 858 2452 vero
877 2414 1075 2465 Sibyllinis
1101 2424 1177 2454 tam
1194 2416 1332 2454 faverit
1354 2430 1465 2468 quam
1490 2416 1549 2455 Si-

85 2476 212 2527 hyllis,
235 2478 419 2516 incertum
437 2486 508 2525 est,
528 2478 606 2516 imo
631 2478 744 2516 nobis
758 2478 869 2517 valde
884 2478 1059 2527 dubium,
1078 2480 1168 2531 quia
1188 2493 1375 2532 nusquam
1394 2493 1546 2532 operum

86 2554 243 2579 suorum
260 2542 306 2580 ad
326 2550 454 2580 nostra
471 2543 639 2580 carmina
659 2543 896 2594 provocavit.

138 2606 284 2652 Quinto
299 2607 414 2644 etiam
432 2607 655 2657 incipiente,
675 2620 811 2658 parum
834 2607 882 2646 de
898 2607 1052 2659 Sibyllis
1071 2608 1283 2648 honorifica
1303 2606 1548 2648 estsententia

84 2668 166 2708 divi
185 2668 389 2718 Ambrosii,
403 2669 497 2716 sive,
517 2677 559 2707 ut
579 2669 809 2721 quibusdam
829 2670 966 2721 placet,
995 2671 1132 2710 Hilarii
1149 2672 1314 2720 diaconi,
1338 2673 1376 2709 in
1398 2669 1546 2722 epist.1,

87 2732 135 2772 ad
152 2733 322 2773 Corinth.
342 2746 426 2785 cap.
456 2746 494 2781 2,
521 2747 596 2784 qua
618 2734 764 2772 scilicet
789 2735 943 2772 oracula
961 2735 1142 2774 salsorum
1162 2746 1313 2784 vatum,
1331 2748 1414 2774 cum
1431 2735 1546 2783 iisque

83 2796 270 2848 Sibyllina
286 2806 417 2850 aperte
435 2799 475 2836 in
499 2798 703 2849 malignum
731 2798 909 2849 spiritum
928 2799 1158 2850 rejiciuntur
1177 2816 1186 2839 :
1205 2818 1221 2836 α
1234 2801 1304 2839 nic
1322 2807 1379 2838 est
1395 2828 1405 2846 ,
1418 2796 1545 2848 inquit,

85 2879 99 2894 ιι
115 2861 182 2912 qni
207 2875 276 2912 per
290 2862 508 2900 verisimilia
532 2861 674 2899 fallitur
694 2869 731 2899 et
751 2861 845 2899 fallit
860 2876 867 2898 :
883 2862 946 2901 hie
963 2863 1100 2914 estqui
1121 2877 1189 2915 per
1202 2863 1384 2913 Sibyllam
1405 2862 1546 2899 locutus
